1791 2796
532 149 643 187 EPP.
677 149 754 186 AD
787 148 1134 186 FAMILIARES
1452 147 1578 185 111.v

171 260 371 300 celerrime
397 268 535 311 potero
562 267 600 299 et
627 273 747 311 quam
773 258 1015 298 creberrimis
1042 258 1179 297 litteris
1207 258 1347 298 faciam
1369 266 1411 297 ut
1432 257 1504 297 tibi

171 335 264 365 nota
284 326 332 365 sit
352 325 480 365 omnis
496 325 594 364 ratio
610 324 761 364 dierum
782 332 901 375 atque
921 323 1104 362 itinerum
1121 337 1310 363 meorum.
1361 314 1504 363 Oneris

171 391 243 430 tibi
262 391 466 442 imponere
495 404 569 430 nec
598 391 728 429 audeo
758 389 972 440 quicquam
1002 402 1076 427 nec
1106 389 1235 428 debeo
1250 404 1259 437 5
1289 390 1372 437 sed,
1394 390 1503 439 quod

171 458 385 497 commodo
412 464 481 495 tuo
506 455 588 495 fieri
608 455 744 506 possit,
764 455 968 505 utriusque
988 462 1166 493 nostrum
1194 454 1326 505 magni
1346 454 1508 493 interest

134 534 150 565 5
172 527 218 561 ut
233 527 266 561 te
291 523 440 561 videam
466 527 555 560 ante
574 534 694 572 quam
715 521 896 560 decedas.
958 521 1089 569 Quam
1117 521 1342 558 facultatem
1364 519 1395 557 si
1416 519 1504 569 quis

171 600 284 626 casus
308 586 503 637 eripuerit,
528 600 616 625 mea
644 594 777 625 tamen
806 585 846 624 in
876 593 915 624 te
944 585 1078 623 omnia
1107 584 1235 623 officia
1265 584 1504 623 constabunt

172 666 253 692 non
281 665 393 692 secus
419 665 465 691 ac
485 651 517 690 si
537 660 575 691 te
595 651 780 690 vidissem
797 665 806 699 3
836 650 907 689 tibi
928 652 978 689 de
998 650 1140 689 nostris
1161 650 1277 689 rebus
1299 650 1394 688 nihil
1417 663 1504 687 sum

172 726 263 757 ante
297 719 552 756 mandaturus
587 730 654 768 per
685 717 831 756 litteras
863 729 983 766 quam
1017 717 1227 766 desperaro
1268 728 1400 753 coram
1440 727 1504 752 me

173 793 304 823 tecum
333 797 446 834 agere
475 796 601 833 posse.

117 866 155 888 10
228 851 350 900 Quod
384 858 422 888 te
452 863 475 887 a
506 850 693 888 Scaevola
726 848 870 898 petisse
901 847 1014 896 dieis,
1045 855 1099 895 ut,
1131 848 1227 886 dum
1262 854 1304 885 tu
1333 847 1505 894 abesses,
1524 849 1548 887 5

172 923 264 954 ante
282 916 497 954 adventum
518 927 651 952 meum
671 912 895 965 provinciae
914 919 1123 962 praeesset,
1144 925 1236 950 eum
1257 925 1330 962 ego
1358 911 1506 961 Ephesi

173 980 253 1019 vidi
290 979 442 1030 fuitque
480 993 637 1018 mecum
669 978 908 1018 familiariter
939 977 1112 1016 triduum
1147 977 1257 1025 illud,
1290 978 1398 1027 quod
1433 989 1505 1027 ego

176 1045 323 1097 Ephesi
344 1053 609 1084 commoratus
630 1058 731 1093 sum,
752 1057 826 1083 nec
849 1057 896 1083 ex
923 1057 970 1082 eo
995 1042 1208 1093 quicquam
1229 1041 1375 1089 audivi,
1396 1043 1505 1091 quod

175 1111 250 1150 sibi
287 1124 310 1150 a
347 1118 386 1150 te
424 1111 656 1149 mandatum
695 1109 852 1148 diceret.
913 1111 973 1147 Ac
1007 1121 1102 1147 sane
1132 1109 1274 1146 vellem
1313 1106 1506 1157 potuisset

118 1193 155 1224 15
176 1176 342 1228 obsequi
371 1176 562 1216 voluntati
592 1183 681 1214 tuae
695 1189 706 1224 3
734 1187 815 1213 non
846 1174 951 1213 enirn
981 1173 1146 1212 arbitror
1174 1171 1356 1221 noluisse.

218 1354 286 1390 VI
470 1357 540 1390 Scr.
558 1358 592 1389 in
609 1356 721 1389 castm's
732 1355 817 1398 prid.
835 1356 879 1387 K.
897 1355 986 1397 Sept.
1003 1366 1033 1386 a.
1056 1365 1110 1395 705
1130 1354 1210 1395 (51).

438 1441 481 1472 M.
510 1440 686 1472 CICERO
713 1440 747 1471 S.
777 1439 815 1470 D.
842 1438 983 1470 APPIO
1011 1436 1244 1469 PVLCHRO.

231 1532 334 1572 Cum
366 1544 499 1570 meum
530 1521 677 1569 factum
711 1543 802 1568 cum
834 1537 902 1568 tuo
937 1540 1134 1578 comparo,
1169 1526 1242 1565 etsi
1272 1538 1353 1564 non
1386 1523 1543 1576 magisl

178 1596 273 1635 mihi
293 1598 405 1635 faveo
425 1596 465 1634 in
486 1605 618 1634 nostra
638 1594 809 1634 amicitia
830 1595 977 1633 tuenda
998 1606 1116 1643 quarn
1133 1591 1214 1638 tibi,
1234 1599 1366 1630 tamen
1383 1591 1508 1628 multo

121 1681 160 1703 20
179 1661 300 1712 magis
329 1674 420 1700 meo
448 1662 552 1699 facto
581 1661 756 1699 delector
785 1673 903 1710 quam
933 1667 1012 1697 tuo.
1073 1659 1158 1707 Ego
1188 1656 1293 1695 enim
1324 1655 1508 1694 Brundisi

178 1726 352 1777 quaesivi
382 1739 428 1765 ex
453 1726 614 1773 Phania,
640 1724 751 1764 cuius
782 1724 877 1762 mihi
902 1723 1063 1761 videbar
1092 1730 1130 1760 et
1160 1721 1389 1760 fidelitatem
1419 1733 1508 1769 erga

179 1800 217 1830 te
248 1791 490 1842 perspexisse
525 1799 563 1829 et
594 1803 711 1829 nosse
745 1791 889 1835 locum,
921 1801 1039 1838 quem
1069 1787 1177 1838 apud
1208 1794 1246 1825 te
1279 1785 1310 1823 is
1346 1793 1506 1831 teneret,

180 1870 298 1907 quam
328 1857 367 1894 in
397 1847 546 1907 partem
576 1855 800 1906 provinciae
830 1853 998 1892 maxime
1027 1860 1181 1903 putaret
1210 1859 1248 1890 te
1273 1852 1373 1889 velle
1400 1858 1441 1888 ut
1468 1850 1508 1887 in

181 1922 434 1960 succedendo
461 1920 631 1971 primum
651 1919 835 1958 venirem.
896 1919 999 1957 Cum
1027 1917 1091 1955 ille
1120 1915 1217 1954 mihi
1243 1914 1510 1965 respondisset

124 2006 162 2037 25
182 1987 278 2025 nihil
306 1999 369 2025 me
395 1985 466 2024 tibi
495 1984 638 2035 gratius
669 1986 795 2022 facere
824 1997 939 2033 posse
970 1995 1088 2033 quam
1115 1981 1147 2020 si
1173 1982 1224 2020 ad
1245 1980 1379 2019 Sidam
1407 1979 1510 2017 navi-

181 2065 345 2103 gassem,
378 2051 450 2090 etsi
480 2050 608 2089 minus
643 2049 840 2100 dignitatis
872 2049 1044 2087 habebat
1076 2048 1140 2086 ille
1170 2047 1362 2085 adventus
1392 2053 1430 2083 et
1459 2046 1509 2083 ad

183 2119 324 2156 multas
351 2130 410 2156 res
437 2116 533 2154 mihi
563 2115 692 2154 minus
722 2123 802 2154 erat
831 2122 956 2164 aptuS,
983 2122 1115 2152 tamen
1144 2112 1198 2150 ita
1225 2124 1288 2150 me
1317 2110 1396 2149 dixi
1425 2123 1510 2148 esse

183 2185 385 2221 facturum.
446 2183 560 2220 Idem
590 2194 663 2230 ego
692 2194 782 2219 cum
810 2181 852 2218 L.
878 2179 1065 2219 Clodium
1087 2178 1280 2227 Corcyrae
1310 2175 1511 2214 convenis·
1528 2184 1552 2212 2

230 2297 243 2317 1
263 2286 438 2317 celerrime
449 2285 517 2317 cod.
527 2284 705 2315 Palatinus
720 2284 874 2324 quintus:
895 2282 1081 2313 celerrimis
1093 2280 1179 2312 MG:
1202 2289 1290 2311 -mus
1304 2279 1354 2310 R:
1377 2277 1510 2308 celerri-

184 2330 247 2360 mis
263 2330 389 2360 nuntiis
405 2329 502 2359 Klotz
634 2340 653 2367 4
679 2327 854 2358 commodo
874 2326 952 2356 GR:
977 2326 1144 2365 quomodo
1163 2324 1203 2353 Μ
1312 2326 1395 2352 -rest
1419 2326 1453 2350 ut
1477 2325 1511 2350 te

184 2373 417 2447 plidgeacrgidjnte
437 2372 513 2404 add.
531 2375 600 2403 vett.
711 2380 748 2409 14
773 2370 823 2401 Ac
843 2369 959 2400 Orelli:
985 2379 1027 2399 an
1046 2367 1132 2399 codd.
1248 2367 1289 2396 28
1315 2365 1367 2405 L.]
1390 2364 1509 2398 Lemu-

229 2481 291 2502 crc.
312 2481 358 2501 AD
376 2480 455 2501 FAM.
1404 2462 1426 2492 5
