1791 2796
561 163 672 200 EPP.
706 163 782 199 Al)
814 162 1160 199 FAMILIARES
1428 160 1546 197 XIII.
1565 157 1670 195 lxvii

237 269 409 305 LXVII
523 272 591 303 δυ’.
615 272 748 310 Romam,
769 275 805 302 ul
824 271 956 309 vidant,
976 283 1004 302 a.
1029 274 1089 311 71¹8
1112 271 1163 311 '46
1185 297 1190 302 .

449 344 492 376 M.
520 344 694 375 CICERO
722 345 756 375 P.
783 344 1005 375 SERVILIO
1033 344 1202 374 PROPR.
1228 344 1262 374 S

249 417 307 455 Ex
346 416 546 467 provincia
587 430 674 455 mea
718 416 929 463 Ciliciensi,
973 415 1036 454 cui
1078 415 1152 453 scis
1195 417 1289 465 τρεῖς
1326 415 1560 464 διοικήσειςι

194 481 385 520 Asiaticas
405 482 623 520 adtributas
645 481 773 528 fuisse,
797 482 905 519 nullo
929 495 1015 519 suni
1044 479 1269 518 familiarius
1291 494 1382 518 usus
1404 493 1522 530 quam

157 558 174 590 5
195 548 396 595 Androne,
419 547 646 586 Artemonis
676 547 766 594 filio,
792 545 1041 593 Laudicensi,
1065 559 1236 595 eumque
1264 545 1382 583 habui
1414 544 1452 582 in
1478 559 1525 583 ea

193 612 349 652 civitate
390 626 480 651 cum
522 612 719 663 hospitem
760 620 844 650 tum
885 612 1138 650 vehementer
1178 612 1228 649 ad
1271 624 1380 648 meae
1423 603 1524 648 vitae

194 678 384 717 rationem
406 687 444 717 et
465 678 794 717 consuetudinem
815 677 1162 716 accommodatum
1182 690 1188 717 ;
1223 689 1339 726 quem
1362 675 1522 725 quidem

195 744 319 781 multo
344 743 461 782 etiam
487 743 605 794 pluris
631 750 768 793 postea
793 756 911 792 quani
938 741 1089 780 decessi
1119 742 1244 779 facere
1269 740 1391 790 coepi,
1415 741 1523 789 quod

195 808 326 846 multis
359 809 474 847 rebus
505 816 684 859 expertus
715 821 800 846 suni
835 815 986 858 gratum
1020 806 1223 845 hominem
1259 805 1415 856 meique
1448 819 1523 844 nie-

138 889 176 912 10
196 887 355 911 morem.
417 875 556 924 Itaque
595 886 684 911 eum
728 874 880 910 Romae
919 871 1176 910 libentissime
1215 870 1319 918 vidi3
1367 885 1445 909 non
1486 878 1523 909 te

194 938 298 977 enim
335 938 440 989 fugit,
475 938 541 988 qui
572 937 747 989 plurimis
777 937 816 975 in
849 937 921 976 ista
955 936 1156 988 provincia
1186 936 1354 987 benigne
1386 936 1521 983 fecisti,

193 1017 312 1054 quam
336 1003 446 1041 multi
467 1003 563 1053 grati
585 1003 835 1054 reperiantur.

251 1070 361 1106 Haec
383 1076 588 1119 propterea
608 1067 754 1119 scripsi,
778 1076 819 1106 ut
841 1075 878 1107 et
907 1081 970 1106 me
990 1081 1071 1107 non
1099 1066 1183 1106 sine
1209 1081 1327 1106 causa
1347 1067 1522 1106 laborare
1541 1079 1566 1106 2

193 1133 434 1184 intellegeres
462 1141 499 1171 et
527 1141 567 1172 tu
596 1133 679 1184 ipse
709 1147 799 1171 eum
830 1133 994 1184 dignum
1025 1133 1197 1184 hospitio
1222 1141 1289 1171 tuo
1318 1133 1520 1171 iudicares.

138 1213 174 1244 15
195 1198 347 1237 Feceris
376 1197 489 1249 igitur
519 1198 614 1236 mihi
638 1198 912 1249 gratissimum,
943 1197 974 1236 si
1004 1196 1039 1236 ei
1064 1198 1271 1236 declararis
1297 1197 1431 1248 quanti
1461 1211 1524 1236 me

131 1298 137 1301 .
192 1263 320 1310 facias,
358 1263 398 1302 id
432 1271 489 1302 est
519 1263 549 1302 si
584 1264 774 1314 receperis
804 1277 894 1302 eum
925 1263 963 1301 in
1000 1264 1119 1302 fidem
1155 1271 1261 1301 tuam
1296 1271 1333 1301 et
1367 1262 1525 1313 quibus-

192 1342 363 1379 cumque
383 1329 498 1367 rebus
520 1330 684 1368 honeste
704 1343 750 1368 ac
770 1328 854 1367 sine
876 1328 1054 1367 molestia
1071 1336 1137 1366 tua
1157 1328 1300 1378 poteris
1316 1327 1520 1367 adiuveris.

196 1396 286 1432 Hoc
317 1393 412 1432 mihi
439 1393 509 1432 erit
534 1395 786 1433 vehementer
811 1401 963 1445 gratum
992 1392 1112 1443 idque
1137 1400 1178 1431 ut
1206 1392 1323 1432 facias
1344 1400 1381 1432 te
1405 1393 1522 1432 etiam

193 1467 312 1510 atque
332 1459 449 1498 etiam
471 1473 574 1510 rogo.

136 1599 178 1622 20
239 1590 435 1626 LXVIII
479 1592 548 1625 Ser.
565 1593 693 1624 Romae
705 1593 771 1625 circ.
786 1592 869 1624 med.
885 1603 928 1624 ιιι.
942 1591 1029 1634 Sept.
1043 1603 1074 1624 (ι.
1089 1595 1149 1632 708
1164 1592 1245 1632 (419-

232 1665 277 1696 M.
302 1665 496 1697 TVLLIVS
522 1665 697 1696 CICERO
724 1664 757 1695 P.
787 1664 1008 1695 SERVILIO
1038 1663 1260 1695 ISAVRICO
1285 1663 1483 1696 PROCOS.

666 1719 920 1750 CONLEGAE
944 1720 979 1750 S.
1006 1719 1043 1749 P.

248 1795 390 1831 Gratae
413 1792 508 1837 mihi
536 1793 788 1831 vehementer
816 1799 904 1830 tuae
930 1791 1079 1830 litterae
1108 1792 1273 1837 fuerunt,
1303 1805 1348 1829 ex
1379 1790 1521 1841 quibus

194 1857 360 1907 cognovi
399 1871 533 1896 cursus
572 1856 864 1907 navigationum
904 1864 1082 1903 tuarum;
1130 1856 1377 1906 significabas
1416 1856 1521 1895 enim

137 1937 174 1968 25
195 1923 424 1962 memoriam
465 1931 572 1962 tuam
617 1930 771 1961 nostrae
815 1921 1127 1969 necessitudinis⁷
1172 1935 1249 1972 qua
1291 1921 1385 1960 mihi
1425 1921 1521 1960 nihil

194 1995 344 2038 poterat
376 2001 461 2027 esse
492 1986 712 2026 iucundius.
773 1987 894 2035 Quod
925 1986 1116 2037 reliquum
1149 1994 1216 2033 est,
1251 1988 1374 2025 multo
1403 1986 1521 2025 etiam

193 2053 263 2092 erit
292 2053 446 2103 gratius,
474 2052 505 2091 si
531 2054 583 2091 ad
611 2065 673 2091 me
699 2053 749 2091 de
773 2066 812 2090 re
837 2065 886 2102 p.‚
917 2051 956 2090 id
988 2059 1045 2090 est
1072 2052 1123 2090 de
1153 2059 1255 2090 statu
1286 2051 1518 2102 provinciae,

193 2118 243 2156 de
268 2117 452 2157 institutis
483 2117 558 2156 tuis
586 2117 822 2155 familiariter
849 2116 1004 2155 scribes.
1067 2118 1180 2165 Quae
1207 2130 1448 2167 quamquam
1475 2131 1521 2155 ex

194 2183 325 2222 multis
349 2197 419 2234 pro
444 2191 510 2221 tua
534 2182 707 2222 claritate
735 2182 904 2229 audiam,
929 2190 1060 2221 tamen
1088 2181 1345 2222 libentissime
1373 2196 1418 2221 ex
1446 2181 1520 2220 tuis

134 2262 175 2293 30
192 2247 327 2287 litteris
347 2261 596 2298 cognoscam.v

249 2315 334 2363 Ego
371 2314 421 2351 ad
456 2321 492 2351 tc
527 2313 577 2351 de
616 2327 655 2351 re
689 2326 724 2362 p.
762 2325 915 2350 sumnia
949 2311 1044 2362 quid
1079 2311 1245 2351 sentiam
1284 2325 1364 2351 non
1403 2320 1564 2362 saepe2

193 2378 361 2417 scribam
407 2385 563 2428 propter
603 2376 819 2428 periculum
863 2376 945 2415 eius
988 2375 1095 2416 modi
1135 2376 1376 2423 litterarum,
1423 2375 1520 2426 quid

723 2480 743 2508 3
750 2478 761 2499 1
789 2469 870 2508 reip.
904 2469 990 2500 Crat.
