1791 2796
544 177 655 213 EPP.
690 178 767 213 Al)
800 178 1146 214 FAMILIARES
1444 178 1488 213 V.
1514 177 1606 213 xvii

173 286 392 325 fortissimis
424 295 542 337 atque
576 287 735 337 optimis
767 287 856 325 viris
891 287 1044 326 iniustis
1079 287 1234 327 iudiciis
1267 287 1353 326 talis
1389 301 1501 327 casus

172 351 368 391 incidisse.
444 353 549 391 Illud
581 352 732 390 utinam
767 366 817 390 ne
851 366 941 391 vere
975 352 1197 399 scriberem,
1235 367 1282 391 ea
1315 360 1352 391 te
1391 367 1430 391 re
1463 367 1497 403 p.

172 431 311 463 carere,
353 416 392 455 in
433 430 510 467 qua
548 416 749 455 neminem
797 418 1033 468 prudentem
1081 417 1286 457 hominem
1324 432 1383 457 res
1423 418 1502 456 ulla

172 483 341 521 delectet
361 485 368 520 ἔ

134 561 151 593 5
228 549 288 585 De
313 555 382 585 tuo
410 555 543 586 autem
574 547 663 595 filio,
692 561 827 587 vereor
852 562 910 595 ne,
940 548 970 587 si
999 548 1095 587 nihil
1125 550 1175 588 ad
1200 557 1237 588 te
1267 548 1499 601 scripserim,
1521 562 1547 599 4

171 611 350 651 debitum
381 612 463 651 eius
494 612 624 651 virtuti
655 612 788 652 videar
820 613 1090 652 testimonium
1124 628 1204 654 non
1239 614 1407 663 dedisse,
1442 615 1501 653 sin

169 685 301 716 autem
330 678 473 725 onmia,
497 692 597 729 quae
625 678 763 725 sentio,
786 678 1088 730 perscripserim,
1117 694 1166 718 ne
1196 680 1373 719 refricem
1405 680 1502 719 meis

170 742 305 781 litteris
327 742 565 782 desiderium
595 756 641 781 ac
671 744 849 782 dolorem
882 751 1003 782 tuum.
1065 746 1143 784 Sed
1173 752 1305 784 tamen
1335 747 1503 796 pruden-

170 807 317 846 tissime
349 808 476 855 facies,
507 808 538 846 si
570 808 672 847 illius
699 809 897 860 pietatem,
927 809 1120 857 virtutem,
1155 810 1397 858 industriam,
1421 811 1503 850 ubi-

114 887 340 924 meumque
380 873 463 920 eris,
507 881 613 912 tuam
654 888 748 922 esse,
793 882 924 913 tecum
964 890 1048 915 esse
1089 878 1234 925 duces3
1282 891 1355 917 nec
1395 878 1500 916 enim

170 938 298 977 minus
333 947 465 978 nostra
500 947 590 978 sunt
621 954 721 990 quae
756 940 891 979 animo
923 941 1223 992 complectimur
1251 956 1369 993 quarn
1400 957 1500 994 quae

168 1004 291 1042 oculis
332 1003 537 1043 intuemur.
610 1007 741 1054 Quam
783 1006 835 1045 ob
875 1020 955 1044 rem
995 1014 1033 1045 et
1073 1007 1174 1046 illius
1208 1007 1351 1047 eximia
1381 1008 1542 1054 virtuss

168 1084 424 1120 summusque
446 1070 485 1108 in
507 1079 543 1110 te
564 1085 674 1110 amor
703 1086 867 1122 magnae
890 1072 960 1111 tibi
986 1073 1247 1112 consolationi
1275 1074 1394 1113 debet
1415 1088 1499 1113 esse

169 1145 206 1174 et
236 1150 308 1175 nos
335 1137 542 1188 ceterique,
573 1137 640 1188 qui
669 1146 706 1176 te
731 1152 811 1176 non
837 1152 883 1176 ex
908 1140 1072 1185 fortuna,
1098 1140 1167 1178 sed
1191 1153 1237 1178 ex
1263 1139 1404 1180 virtute
1434 1148 1500 1179 tua

113 1214 148 1245 15
164 1202 379 1252 pendimus
407 1218 639 1255 semperque
663 1205 894 1254 pendemus,
920 1213 958 1242 et
986 1204 1154 1243 maxime
1178 1204 1299 1243 animi
1327 1205 1381 1243 tui
1410 1219 1500 1245 con-

168 1268 341 1316 scientia,
365 1284 455 1308 cum
489 1270 559 1309 tibi
590 1270 685 1308 nihil
718 1271 856 1310 merito
885 1269 1076 1309 accidisse
1108 1270 1305 1320 reputabis
1335 1278 1371 1309 et
1402 1271 1498 1311 illud

166 1333 366 1384 adiunges,
391 1335 571 1374 homines
592 1336 778 1387 sapientis
801 1336 1051 1386 turpitudine,
1076 1350 1157 1375 non
1178 1350 1269 1375 casu
1294 1344 1332 1375 et
1353 1337 1498 1376 delicto

167 1411 250 1445 suo,
286 1413 365 1438 non
405 1400 567 1439 aliorum
609 1400 748 1440 iniuria
789 1401 1038 1441 commoveri.
1115 1403 1198 1452 Ego
1233 1409 1270 1440 et
1309 1402 1499 1441 memoria

168 1471 322 1502 nostrae
342 1465 480 1504 veteris
505 1466 699 1505 amicitiae
721 1474 758 1505 et
778 1467 919 1505 virtute
945 1475 1063 1516 atque
1091 1467 1338 1506 observantia
1368 1467 1419 1505 fili
1442 1467 1495 1506 tui

109 1541 148 1562 20
168 1528 339 1568 monitus
364 1532 473 1570 nullo
498 1532 586 1570 loco
611 1533 706 1570 dero
734 1546 863 1582 neque
890 1533 941 1570 ad
971 1533 1256 1570 consolandam
1286 1545 1415 1583 neque
1447 1535 1496 1572 ad

167 1594 372 1633 levandam
403 1597 597 1635 fortunam
629 1605 747 1635 tuam.
826 1599 888 1634 Tu
918 1596 948 1635 si
979 1597 1074 1647 quid
1104 1598 1154 1635 ad
1187 1610 1250 1635 me
1282 1598 1379 1636 forte
1409 1597 1497 1636 scri-

164 1658 296 1709 pseris,
321 1660 519 1710 perficiam
542 1675 591 1700 ne
613 1670 649 1701 te
671 1663 811 1701 frustra
831 1662 1029 1713 scripsisse
1050 1663 1245 1702 arbitrere.

208 1820 367 1857 XVIII
417 1826 487 1858 Ser.
509 1827 636 1859 Romae
647 1831 723 1869 pos!
739 1828 821 1859 mccl.
844 1840 887 1860 m.
909 1828 1008 1860 Matr.
1029 1840 1058 1860 a.
1083 1839 1140 1868 702
1160 1828 1240 1870 (52).

513 1917 556 1948 M.
586 1918 762 1949 CICERO
789 1919 822 1949 S.
854 1918 892 1948 D.
921 1919 956 1949 T.
988 1918 1141 1949 FADIO.

107 2008 144 2040 25
220 2004 301 2042 Etsi
335 2014 502 2055 egomet,
540 2007 604 2057 qui
639 2015 676 2046 tc
711 2008 903 2047 consolari
943 2009 1070 2059 cupio,
1110 2011 1375 2050 consolandus
1408 2011 1489 2061 ipsc
1511 2026 1525 2051 1

163 2083 260 2116 sum,
284 2078 490 2120 propterea
511 2073 618 2121 quod
647 2075 793 2111 nullam
816 2088 896 2112 rem
917 2074 1070 2124 gravius
1092 2073 1169 2112 iam
1191 2075 1257 2114 diu
1281 2075 1350 2113 tuli
1370 2090 1488 2126 quani

161 2133 460 2175 incommodum
501 2145 623 2185 tuum,
661 2147 791 2178 tamen
831 2147 869 2178 te
909 2154 1051 2190 magno
1086 2155 1202 2191 opere
1238 2155 1318 2179 non
1357 2143 1490 2181 hortor

161 2201 299 2247 solum,
324 2203 392 2240 sed
419 2202 535 2240 ctiam
561 2217 631 2252 pro
655 2218 787 2243 amore
815 2213 949 2244 nostro
977 2220 1070 2256 rogo
1091 2215 1209 2256 atque
1231 2221 1309 2253 oro,
1334 2215 1372 2246 te
1399 2222 1489 2246 con-

160 2264 254 2314 ligas
302 2265 507 2317 virumque
548 2276 583 2307 tc
623 2270 809 2319 praebeas
848 2279 895 2317 ct,
939 2284 1016 2321 qua
1064 2271 1300 2311 condicione
1348 2287 1486 2312 omnes

202 2373 316 2402 611011
350 2373 485 2403 dedisse
519 2373 660 2404 Lama:
702 2385 769 2405 non
801 2375 934 2415 cepisse
961 2375 1046 2406 codd.
1084 2378 1164 2407 ›Jnon
1198 2377 1373 2416 accepisse
1402 2377 1483 2417 GU:

160 2413 380 2455 intercepisse
396 2427 474 2446 conii.
497 2415 617 2448 Msillcr
749 2428 792 2459 29
815 2423 848 2449 te
868 2419 949 2450 GR:
975 2431 1040 2450 om.
1062 2418 1103 2450 M
