1791 2796
534 156 646 193 EPP.
680 156 757 192 AI)
790 155 1137 192 FAMILIARES
1456 153 1550 190 XII.
1571 151 1646 189 xiv

164 269 338 308 celeriter
371 268 509 307 Cassio
547 266 757 313 dedissem,
795 281 845 305 ne
879 279 995 304 ausus
1031 265 1192 315 quidem
1228 272 1329 304 esset
1365 265 1419 302 ire
1458 263 1497 301 in

164 334 312 385 Syriam
353 342 390 372 et
426 347 530 371 nune
566 347 645 371 non
682 332 833 371 minora
868 331 1039 382 pericula
1079 330 1130 368 rei
1164 345 1198 381 p.
1234 344 1255 368 a
1290 321 1498 368 Dolabella

164 400 350 438 instarent
372 412 489 449 quam
511 398 561 436 ab
583 397 770 436 Antonio.
830 399 963 447 Atque
991 398 1088 434 haec
1118 396 1251 433 omnia
1280 396 1309 433 is
1337 395 1409 434 feci
1431 394 1496 445 qui
1516 400 1540 440 7

164 464 307 503 sodalis
338 472 375 503 et
406 462 727 502 familiarissimus
751 463 982 501 Dolabellae
1009 474 1126 507 eram,
1153 460 1498 499 coniunctissimus

127 543 142 573 5
164 529 352 579 sanguine
391 528 586 575 Antoniis,
628 527 869 578 provinciam
910 540 1070 577 quoque
1109 525 1265 564 illorum
1306 525 1499 564 beneficio

163 595 374 641 habebam,
402 595 472 632 sed
506 594 684 643 (πατρίδα
716 593 807 643 ἐμὴν
835 596 986 643 μᾶλλον
1016 593 1160 641 φιλῶν’
1186 591 1371 630 omnibus
1404 591 1500 630 meis

164 660 311 697 bellum
340 658 487 710 primus
516 658 648 697 indixi.
710 660 823 697 Haec
850 657 921 696 etsi
945 659 1077 697 adbuc
1106 670 1188 695 non
1215 670 1359 706 magno
1383 670 1500 707 opere

166 724 262 762 mihi
292 724 426 762 tulisse
456 725 624 762 fructum
652 723 934 770 animadverto,
963 730 1097 761 tamen
1125 736 1206 760 non
1233 723 1399 772 despero
1427 736 1500 760 nec

167 789 409 839 defetigabor
443 802 671 839 permanere
701 803 782 827 non
812 789 939 827 solum
970 788 1009 825 in
1040 787 1172 826 studio
1202 786 1391 825 libertatis
1431 788 1500 825 sed

110 868 148 890 10
166 854 283 892 etiam
319 854 358 892 in
393 855 526 892 labore
560 862 597 892 et
632 853 824 904 periculis.
883 855 936 891 At
970 861 1113 899 tamen,
1151 852 1182 890 si
1216 852 1332 890 etiam
1371 852 1501 902 aliqua

165 919 286 968 gloria
307 919 406 957 iusta
434 927 472 957 et
498 918 633 957 merita
657 918 959 968 provocabimur
980 926 1137 956 senatus
1159 925 1195 955 et
1217 917 1354 967 optimi
1376 917 1501 955 cuius-

165 998 242 1034 que
269 984 416 1029 officiis,
441 983 586 1022 maiore
611 997 700 1021 eum
726 983 957 1021 auctoritate
981 984 1086 1033 apud
1114 990 1264 1020 ceteros
1291 982 1434 1019 erimus
1462 990 1500 1020 et

164 1061 211 1087 eo
233 1051 319 1099 plus
340 1050 526 1099 prodesse
547 1048 598 1087 rei
621 1062 656 1098 p.
681 1048 904 1098 poterimus,

223 1114 361 1152 Filium
385 1122 506 1159 tuum,
525 1115 575 1151 ad
599 1115 763 1151 Brutum
785 1127 874 1151 eum
896 1113 995 1159 veni,
1014 1112 1146 1151 videre
1167 1126 1246 1151 non
1269 1113 1389 1163 potui,
1409 1114 1498 1151 ideo
1518 1114 1542 1151 8

112 1194 147 1226 15
167 1180 275 1229 quod
297 1179 372 1216 iam
401 1179 438 1216 in
465 1179 627 1216 hiberna
651 1192 741 1216 cum
763 1178 961 1228 equitibus
988 1185 1068 1216 erat
1095 1179 1302 1228 profectus,
1326 1180 1395 1216 sed
1424 1193 1501 1217 me—

167 1245 254 1282 dius
277 1244 391 1282 fidius
412 1257 456 1281 ea
477 1257 562 1281 esse
583 1257 672 1282 eum
695 1243 882 1293 opinione
903 1251 939 1281 et
962 1251 1027 1281 tua
1048 1251 1085 1281 et
1107 1242 1228 1292 ipsius
1249 1250 1286 1281 et
1308 1243 1345 1280 in
1368 1243 1500 1293 primis

167 1323 253 1347 mea
285 1322 402 1347 eausa
430 1310 609 1358 gaudeo3
648 1309 770 1346 fratris
801 1308 905 1346 enim
937 1309 1025 1346 loco
1058 1307 1153 1345 mihi
1193 1316 1250 1345 est
1289 1308 1355 1358 qui
1386 1323 1431 1346 ex
1463 1316 1501 1347 te

167 1382 280 1412 natus
302 1383 419 1423 teque
440 1373 581 1423 dignus
603 1381 670 1412 est.
732 1375 839 1411 Vale.
902 1375 949 1411 D.
976 1385 1037 1410 1111
1065 1375 1115 1411 K.
1141 1374 1226 1411 Iun.
1252 1375 1406 1422 Pergae.

210 1526 294 1560 XV
414 1529 483 1561 Ser.
505 1531 630 1572 Pergae
649 1534 685 1569 ξς
706 1531 767 1560 1-6
784 1530 828 1560 1'1'1'1
846 1529 905 1568 K.‚
926 1533 940 1567 ξ
961 1540 978 1569 7
995 1529 1040 1560 1'1'1‘1
1057 1529 1142 1560 Non.
1164 1529 1238 1560 Iun.

109 1588 149 1609 20
726 1596 756 1616 a.
782 1596 835 1625 711
856 1587 934 1624 14).

191 1661 226 1693 P.
255 1662 493 1693 LENTVLVS
520 1663 555 1694 P.
585 1663 617 1694 F.
646 1663 786 1701 PROQ.
816 1662 986 1693 PROPR.
1016 1662 1051 1692 S.
1079 1662 1119 1692 D.
1146 1662 1274 1692 COSS.
1303 1661 1373 1692 PR.
1397 1662 1471 1693 TR.

322 1717 388 1748 PL.
415 1718 612 1749 SENATVI
641 1718 823 1748 POPVLO
851 1716 1083 1755 PLEBIQVE
1112 1716 1355 1746 ROMANAE.

223 1795 258 1831 S.
282 1808 314 1832 v.
339 1796 360 1832 l.
384 1809 472 1842 v.>v.
498 1797 533 1833 b.
558 1811 588 1833 e.
613 1810 645 1833 v.
708 1797 860 1833 Scelere
889 1795 1119 1832 Dolabellae
1141 1808 1327 1844 oppressa
1348 1794 1441 1832 Asia
1463 1794 1499 1831 in
1522 1802 1537 1828 1

169 1859 384 1908 proximam
434 1860 675 1910 provinciam
727 1860 1006 1898 Macedoniam
1054 1859 1327 1909 praesidiaque
1370 1859 1423 1897 rei
1464 1873 1498 1908 p.

111 1940 147 1971 ²5
169 1937 269 1973 quae
302 1926 356 1961 M.
383 1926 535 1971 Brutus,
559 1939 591 1962 v.
615 1938 660 1970 c.,
685 1926 843 1963 tenebat
875 1938 938 1962 me
963 1924 1111 1962 contuli
1140 1932 1177 1961 et
1202 1924 1241 1962 id
1269 1924 1328 1973 egi
1359 1931 1414 1967 ut,
1436 1938 1502 1973 per

169 2002 268 2037 quos
298 1989 497 2027 celerrime
528 1997 699 2039 possent,
723 1989 818 2027 Asia
846 1989 1046 2039 provincia
1066 1989 1348 2039 vectigaliaque
1379 1989 1417 2026 in
1443 2004 1502 2027 ve-

169 2061 286 2090 stram
326 2061 561 2102 potestatem
600 2054 876 2103 redigerentur.
948 2054 1069 2102 Quod
1109 2067 1199 2092 cum
1238 2054 1499 2104 pertimuisset

172 2118 379 2155 Dolabella
400 2126 546 2156 vastata
568 2118 778 2168 provincia,
801 2118 988 2169 correptis
1009 2118 1273 2168 vectigalibus,
1294 2118 1501 2169 praecipue

170 2182 319 2220 civibus
343 2183 533 2220 Romanis
561 2183 745 2224 omnibus
770 2183 1039 2222 crudelissime
1066 2183 1276 2222 denudatis
1299 2197 1345 2221 ac
1369 2183 1501 2222 diven-

217 2307 255 2328 10
270 2297 431 2328 Attamen
445 2297 519 2327 HD
534 2309 540 2328 ε
564 2299 721 2329 adtamen
734 2298 790 2330 M:
816 2299 866 2329 Ac
884 2303 995 2329 tamen
1018 2297 1208 2338 W'esenberg
1308 2299 1344 2328 18
1371 2298 1500 2336 Pergae

171 2340 229 2371 M:
255 2351 306 2371 -as
324 2340 415 2371 HD:
450 2352 481 2371 -a
502 2340 604 2372 Orelli
774 2352 816 2382 23
841 2341 861 2373 l.
880 2342 928 2373 iul
948 2341 967 2372 l.
987 2352 1018 2381 q.
1036 2352 1066 2373 v.
1084 2340 1203 2372 Lamb.
1372 2341 1401 2371 b.
1420 2352 1448 2372 e.
1469 2351 1496 2372 V.

171 2383 269 2414 MH:
294 2384 323 2414 b.
344 2395 371 2415 ev
392 2396 420 2415 e.
438 2396 468 2424 q.
489 2395 517 2415 v.
535 2384 570 2414 D
701 2386 742 2415 28
766 2390 799 2415 et
818 2390 946 2416 vastata
966 2388 1028 2416 sve!
1041 2387 1254 2424 vastataque}
1274 2409 1280 2416 .
1303 2409 1309 2416 .
1328 2409 1334 2415 .
1357 2384 1501 2414 celerius

172 2427 267 2458 Μαη.
290 2427 429 2468 Madvtg
559 2439 601 2468 29
626 2428 822 2469 divenditis]
843 2430 1010 2460 divexatis
1027 2428 1148 2460 Lamb.
