1791 2796
525 169 635 207 EPP.
668 169 745 206 AD
778 168 1124 206 FAMILIARES
1433 169 1478 206 X.
1499 168 1623 206 xxvii

160 278 387 318 honoribus.
449 278 560 317 Pacis
589 278 688 318 inter
715 278 808 317 civis
835 278 1107 317 conciliandae
1129 286 1166 318 te
1190 278 1379 330 cupidum
1406 291 1490 316 esse

162 346 293 383 laetor.
361 346 458 382 Eam
490 343 519 381 si
549 357 573 382 a
601 344 785 383 servitute
814 343 995 394 sefflngis,
1025 345 1209 382 consules
1237 351 1276 383 et
1305 343 1359 382 rei
1387 357 1423 393 p.
1453 350 1492 381 ct

160 409 340 459 dignitati
371 418 459 447 tuae
476 424 484 455 3
518 408 577 446 sin
607 408 679 447 ista
709 422 783 460 pax
812 408 1008 459 perditum
1039 408 1242 447 hominem
1273 409 1312 446 in
1342 421 1492 459 posses-

161 475 312 513 sionem
334 473 651 524 impotentissimi
672 474 899 512 dominatus
924 474 1146 512 restitutura
1169 482 1236 520 est,
1261 476 1336 512 hoc
1357 473 1490 512 animo

124 551 140 583 5
161 539 258 579 scito
279 539 407 578 omnis
432 552 557 585 sanos,
582 548 624 578 ut
644 547 810 578 mortem
838 539 1010 578 servituti
1036 546 1289 590 anteponant.
1352 540 1490 588 Itaque
1510 550 1534 577 2

161 603 374 655 sapientius
405 617 494 643 meo
524 604 684 655 quidem
715 603 862 643 iudicio
892 604 1019 650 facies,
1051 604 1081 641 si
1112 612 1149 642 te
1179 604 1218 641 in
1249 603 1361 642 istam
1392 604 1492 654 paci-

162 669 384 708 ficationem
406 683 487 708 non
503 669 738 720 interpones‚
755 682 855 719 quae
877 682 1005 718 neque
1027 669 1178 708 senatui
1200 682 1329 718 neque
1347 670 1493 719 populo

162 748 234 773 nec
262 734 445 785 cuiquam
474 736 581 774 bono
606 735 800 785 probatur.
863 735 940 773 Sed
968 735 1064 772 haec
1089 733 1224 772 audies
1250 747 1295 772 ex
1319 733 1403 772 aliis
1427 742 1494 772 aut

163 799 303 838 certior
342 800 410 839 fies
450 800 608 847 litteris;
647 808 688 838 tu
727 813 796 850 pro
831 808 897 837 tua
931 799 1138 850 prudentia
1169 799 1264 849 quid
1299 799 1493 850 optimum

107 879 144 900 10
164 866 267 903 sactu
295 864 343 903 sit
363 864 525 904 videbis.

200 1035 403 1072 XXVIII
454 1038 522 1072 Scr.
538 1039 666 1070 Romae
676 1039 747 1071 circ.
762 1039 793 1071 iv
803 1037 890 1071 Non.
907 1038 997 1070 Febr.
1014 1049 1045 1070 a.
1062 1048 1116 1078 711
1131 1038 1213 1079 (45).

576 1128 751 1159 CICERO
776 1127 1023 1159 TREBONIO
1049 1128 1083 1159 S.

219 1225 351 1273 Quam
384 1225 524 1263 vellem
563 1224 613 1262 ad
648 1223 732 1262 illas
764 1222 1046 1274 pulcherrimas
1085 1224 1220 1273 epulas
1260 1236 1322 1261 me
1358 1222 1497 1261 Idibus
1518 1229 1534 1257 1

167 1289 319 1328 Martiis
346 1289 572 1328 invitasses!
608 1288 857 1339 reliquiarum
886 1288 984 1326 nihil
1012 1288 1257 1327 haberemus.
1318 1290 1370 1325 At
1391 1301 1496 1325 nunc

108 1368 143 1399 15
165 1368 255 1393 cum
291 1354 336 1392 iis
370 1362 523 1393 tantum
558 1353 691 1405 negoti
723 1362 790 1401 est,
824 1362 867 1393 ut
896 1361 1068 1393 vestrum
1109 1352 1205 1392 illud
1245 1352 1421 1391 divinum
1457 1354 1496 1391 in

165 1433 245 1458 rem
267 1433 302 1470 p.
322 1419 559 1458 beneficium
575 1433 657 1458 non
678 1420 825 1458 nullam
845 1419 990 1458 habeat
1006 1419 1216 1470 querelam.
1268 1419 1389 1468 Quod
1406 1432 1497 1457 vero

164 1498 186 1522 a
207 1492 254 1532 te,
279 1484 360 1523 viro
381 1485 542 1535 optimo,
567 1486 753 1524 seductus
780 1492 839 1524 est
857 1491 1007 1535 tuoque
1034 1483 1230 1523 beneficio
1253 1484 1384 1522 adhuc
1405 1483 1497 1522 vivit

165 1551 262 1589 haec
282 1550 413 1601 pestis,
436 1550 644 1597 interdum,
664 1551 773 1601 quod
794 1549 890 1588 mihi
910 1549 973 1588 vix
994 1551 1049 1587 sas
1070 1557 1138 1596 est,
1162 1549 1232 1587 tibi
1254 1548 1497 1595 subirascor3

165 1614 262 1653 mihi
300 1615 405 1654 enirn
446 1616 578 1666 negoti
617 1617 703 1666 plus
742 1614 931 1665 reliquisti
971 1614 1039 1652 uni
1086 1628 1204 1664 quam
1243 1622 1395 1664 praeter
1435 1627 1497 1652 me

109 1695 147 1717 20
165 1680 361 1719 omnibus.
422 1682 478 1720 Ut
505 1680 610 1719 enim
637 1680 806 1731 primurn
837 1688 926 1730 post
951 1679 1100 1718 Antoni
1126 1678 1397 1718 foedissimum
1423 1678 1497 1716 dis-

166 1759 320 1784 cessum
360 1753 518 1784 senatus
555 1744 691 1784 haberi
736 1745 856 1784 libere
895 1744 1033 1795 potuit,
1075 1746 1125 1782 ad
1171 1744 1279 1781 illum
1319 1743 1494 1781 animum

167 1824 298 1850 meum
325 1810 464 1855 reverti
488 1810 705 1861 pristinum,
732 1823 849 1860 quem
878 1819 919 1848 tu
946 1823 1035 1848 eum
1063 1809 1137 1847 civi
1164 1808 1363 1854 acerrimo,
1387 1817 1495 1858 patre

166 1885 245 1923 tuo,
269 1876 308 1914 in
330 1890 396 1914 ore
421 1884 458 1914 et
481 1888 614 1913 amore
641 1888 795 1926 semper
820 1874 1001 1913 habuisti.
1064 1876 1166 1912 Nam
1197 1887 1287 1911 cum
1314 1881 1493 1912 senatum

166 1956 197 1980 a.
221 1942 258 1980 d.
282 1953 359 1979 x111
384 1943 432 1979 K.
458 1942 540 1978 Ian.
564 1948 605 1978 tr.
630 1941 679 1991 pl.
703 1939 948 1979 vocavissent
975 1941 1104 1990 (leque
1131 1939 1205 1977 alia
1232 1953 1271 1977 re
1299 1940 1493 1984 referrent,

112 2022 148 2052 25
168 2014 290 2045 totam
318 2019 399 2045 rem
424 2019 459 2056 p.
484 2019 569 2043 sum
598 2006 826 2056 complexus
851 2005 990 2055 egique
1019 2004 1208 2043 acerrime
1238 2012 1498 2053 senatumque

168 2072 244 2110 iam
278 2073 528 2121 languentem
564 2078 602 2108 et
636 2070 833 2108 defessum
868 2071 918 2108 ad
954 2069 1155 2120 pristinam
1192 2069 1372 2107 virtutem
1409 2082 1499 2106 con-

168 2136 498 2185 suetudinemque
533 2134 711 2173 revocavi
743 2134 865 2184 magis
891 2134 1012 2172 animi
1033 2148 1151 2185 quam
1181 2134 1312 2184 ingeni
1340 2134 1496 2171 viribus

170 2201 249 2240 Hic
288 2201 372 2240 dies
416 2213 583 2250 meaque
626 2199 828 2238 contentio
870 2208 988 2250 atque
1031 2200 1133 2238 actio
1178 2213 1287 2250 spem
1329 2199 1497 2249 primum

168 2267 316 2319 populo
357 2268 403 2304 R.
440 2263 794 2304 attulitlibertatis
833 2264 1108 2315 reciperandae
1128 2280 1136 2311 3
1179 2278 1251 2303 nec
1291 2277 1381 2302 vero
1417 2263 1499 2313 ipse

1515 1882 1538 1908 {0

213 2381 232 2400 2
257 2372 417 2409 seiunges
435 2370 568 2400 Ernesti
696 2380 715 2408 5
739 2370 848 2400 omnis
866 2379 941 2400 esse
959 2380 1060 2399 sanos
1083 2367 1272 2408 Wesenbmg
1404 2378 1440 2406 15
1464 2367 1498 2397 in

170 2413 246 2446 add.
263 2417 332 2444 vett.

1351 2464 1414 2496 20*
