1791 2796
101 145 193 183 VII.
220 143 327 181 xxiii
621 141 676 178 M.
710 141 876 178 TVLLI
910 139 1218 179 CICERONIS

253 252 383 291 Tullia
410 251 506 303 quid
537 251 687 303 egisset.
748 254 822 290 Per
856 251 1048 290 Liciniam
1084 264 1125 290 se
1159 249 1282 301 egisse
1312 249 1470 290 dicebat
1498 250 1586 302 (sed

253 317 394 368 opinor
428 317 610 357 Cassium
645 317 700 355 uti
731 331 810 356 non
843 317 896 355 ita
927 318 1094 355 multum
1133 315 1283 366 sorore)
1300 331 1311 365 3
1349 330 1435 355 eam
1470 329 1587 368 porro

254 397 396 434 negare
428 396 469 422 se
500 383 656 429 audere,
688 395 779 421 cum
806 381 862 420 vir
887 382 1044 421 abesset
1075 381 1151 432 <est
1180 381 1285 420 enim
1317 382 1515 431 profectus
1546 381 1585 419 in

223 447 228 452 ’
256 447 494 499 Hispaniam
526 447 706 498 Dexius),
740 447 806 487 illo
846 456 883 487 et
918 448 1083 486 absente
1118 455 1154 486 et
1189 446 1380 486 insciente
1410 446 1584 497 migrare.

256 516 325 553 Est
346 513 443 552 mihi
463 513 725 565 gratissimum
748 513 844 552 tanti
869 527 892 552 a
915 521 953 552 te
979 512 1227 552 aestimatam
1256 511 1586 552 consuetudinem
1606 524 1624 557 5

254 579 355 618 vitae
375 579 580 630 victusque
607 578 739 625 nostri,
763 578 933 629 primum
962 586 1003 617 ut
1031 592 1117 617 eam
1145 580 1310 618 domum
1338 591 1521 624 sumeres,
1544 584 1587 616 ut

254 659 333 683 non
368 646 489 684 modo
520 658 642 696 prope
681 658 744 684 me
782 645 852 684 sed
886 646 1002 695 plane
1037 658 1193 683 mecum
1231 642 1408 683 habitare
1438 656 1588 694 posseS,

254 710 401 749 deinde
431 719 473 749 ut
503 710 666 761 migrare
696 717 806 749 tanto
836 723 954 761 opere
984 709 1154 749 festines.
1214 710 1292 748 Sed
1320 722 1370 747 ne
1393 707 1532 756 vivam,
1555 707 1586 746 si

255 776 324 815 tibi
356 777 536 815 concedo
568 784 610 814 ut
643 775 726 814 eius
758 775 811 815 rei
846 783 887 814 tu
926 775 1106 826 cupidior
1140 775 1191 813 sis
1226 788 1344 825 quam
1379 788 1452 825 ego
1486 787 1583 812 sum.

256 844 396 893 Itaque
417 843 551 882 omnia
571 841 744 892 experiar
758 856 768 889 ;
797 841 914 880 video
941 840 1046 880 enim
1072 840 1168 891 quid
1196 854 1284 879 mea
1306 838 1467 887 intersit,
1491 838 1586 890 quid
1609 851 1647 874 10

254 907 456 958 utriusque
491 915 679 946 nostrum.
739 906 779 946 Si
800 906 896 957 quid
923 920 1049 957 egero,
1073 906 1213 945 faciam
1235 913 1277 944 ut
1297 904 1406 944 scias.
1465 906 1528 943 'l'u
1549 912 1587 944 et

253 974 304 1012 ad
334 972 468 1012 omnia
494 973 682 1012 rescribes
716 980 755 1012 et
789 973 949 1023 quando
978 980 1015 1012 te
1041 979 1265 1024 exspectem
1297 970 1416 1011 facies
1447 984 1525 1019 me,
1554 969 1586 1010 si

255 1039 325 1079 tibi
346 1039 509 1086 videtur,
532 1038 748 1078 certiorem.

298 1181 451 1217 XXIV
501 1184 567 1216 Ser.
583 1184 617 1215 ιἰι
635 1184 818 1216 Tusculano
829 1183 894 1215 circ.
909 1183 970 1214 xiii
983 1182 1026 1215 K.
1042 1181 1129 1225 Sept.
1145 1193 1174 1214 a.
1193 1192 1250 1223 709
1265 1182 1346 1224 (45).

510 1261 554 1293 M.
581 1261 757 1293 CICERO
784 1261 817 1292 S.
848 1261 888 1292 D.
917 1260 960 1291 M.
991 1259 1135 1292 FADIO
1160 1259 1326 1291 GALLO.
1611 1269 1647 1302 15

220 1349 236 1376 1
309 1339 466 1379 Amoris
487 1339 648 1390 quidem
666 1338 731 1386 tui,
751 1352 913 1389 quoquo
934 1352 997 1377 me
1017 1338 1124 1386 verti,
1142 1337 1312 1389 vestigia,
1331 1338 1391 1377 vel
1412 1336 1588 1388 proxime

255 1407 305 1445 dc
325 1405 493 1456 Tigellio
510 1420 518 1453 3
547 1404 651 1444 sensi
682 1404 788 1443 enim
821 1419 867 1443 ex
898 1404 1034 1443 litteris
1066 1403 1141 1443 tuis
1166 1405 1280 1443 valde
1309 1411 1347 1442 te
1376 1403 1584 1442 laborasse.

256 1474 360 1510 Amo
381 1471 495 1523 igitur
515 1472 767 1509 voluntatem.
829 1471 906 1509 Sed
929 1483 1054 1520 pauca
1080 1471 1130 1509 de
1154 1483 1204 1508 re.
1265 1468 1402 1520 Cipius
1434 1468 1588 1520 opinor,

254 1538 372 1577 olim:
403 1539 520 1576 ‘Non
551 1535 736 1575 omnibus
766 1535 945 1575 dormio.’
1002 1535 1066 1574 Sic
1093 1549 1166 1586 ego
1196 1549 1276 1574 non
1307 1534 1507 1582 omnibus,
1534 1533 1586 1572 mi

256 1606 382 1651 Galle,
413 1602 548 1642 servio.
611 1602 694 1640 Etsi
729 1615 829 1652 quae
864 1609 922 1646 est
962 1603 1058 1641 haec
1099 1601 1291 1641 servitus?
1349 1601 1454 1641 Olim
1495 1615 1584 1639 cum
1609 1617 1649 1639 20

255 1683 414 1720 regnare
436 1667 769 1713 existimabamur‚
792 1681 870 1706 non
893 1675 971 1706 tam
994 1668 1045 1705 ab
1066 1667 1152 1706 ullis
1174 1681 1292 1717 quam
1314 1668 1390 1706 hoc
1412 1674 1587 1718 tempore

254 1735 440 1774 observor
468 1748 491 1772 a
520 1732 827 1772 familiarissimis
854 1733 1031 1773 Caesaris
1062 1732 1247 1771 omnibus
1277 1741 1427 1784 praeter
1457 1733 1584 1771 istum.

256 1802 303 1839 Id
338 1814 410 1851 ego
443 1800 482 1838 in
515 1799 629 1838 lucris
659 1812 780 1849 pono,
807 1813 885 1837 non
918 1800 1014 1837 ferre
1045 1798 1247 1848 hominem
1280 1797 1585 1849 pestilentiorem

254 1866 376 1916 patria
405 1880 498 1914 sua;
537 1879 708 1916 eumque
737 1865 941 1904 addictum
972 1865 1048 1903 iam
1080 1872 1205 1917 totum
1236 1872 1332 1915 puto
1361 1878 1447 1903 esse
1477 1863 1587 1903 Calvi

212 1940 235 1966 2
256 1931 381 1970 Licini
418 1931 700 1982 Hipponacteo
740 1930 960 1982 praeconio.
1021 1925 1084 1968 At‘
1104 1929 1193 1969 vide
1223 1930 1319 1980 quid
1348 1937 1583 1969 suscenseat.
1609 1945 1646 1976 25

258 1998 452 2035 l’liameae
469 2011 625 2035 causam
646 2010 866 2047 receperam
888 1996 1008 2047 ipsius
1031 1996 1191 2047 quidem
1216 2010 1359 2043 causa3
1387 1994 1585 2034 eratenim

256 2061 347 2099 mihi
378 2076 471 2100 sane
493 2061 699 2099 familiaris.
763 2064 800 2099 Is
828 2063 878 2100 ad
905 2076 966 2100 me
988 2061 1093 2100 venit
1118 2061 1293 2112 dixitque
1320 2060 1489 2100 iudicem
1512 2059 1583 2097 sibi

255 2142 413 2179 operam
444 2129 536 2166 dare
567 2127 815 2166 constituisse
847 2144 894 2166 eo
926 2127 1010 2178 ipso
1041 2127 1105 2166 die
1126 2142 1206 2177 quo
1236 2128 1286 2166 de
1318 2129 1357 2164 l'.
1393 2125 1520 2180 Sestio
1547 2125 1584 2163 in

254 2192 460 2231 consilium
484 2193 524 2231 iri
548 2207 707 2231 necesse
727 2202 817 2231 erat.
882 2193 1083 2243 Respondi
1107 2195 1214 2231 nullo
1237 2194 1356 2231 modo
1378 2206 1440 2230 me
1462 2193 1586 2230 facere

254 2273 393 2309 posse:
427 2272 544 2309 quen]
576 2259 691 2296 vellet
721 2258 839 2296 alium
871 2258 975 2296 diem
1007 2258 1035 2296 si
1068 2258 1312 2308 sumpsisset,
1342 2272 1403 2296 me
1437 2258 1470 2296 ei
1507 2271 1584 2295 non
1607 2271 1647 2300 30

308 2375 314 2400 ι
347 2363 484 2396 Dexius.
504 2363 539 2401 ‘s
563 2363 595 2393 C.
618 2362 643 2392 I.
668 2361 703 2392 L.
727 2363 768 2392 ix.
789 2363 883 2400 6078.
910 2373 947 2400 73
1071 2372 1104 2401 ¹3
1131 2362 1264 2392 videtur
1282 2361 1389 2392 codd:
1417 2361 1585 2392 videbitur

256 2406 291 2436 N
307 2407 391 2437 (ἰηΙ.
497 2417 535 2444 ²⁸
563 2411 666 2436 totuin
690 2407 783 2436 Otto:
812 2411 878 2436 tum
898 2405 984 2436 redd.
1005 2417 1009 2435 :
1037 2406 1161 2436 «ludum
1184 2405 1298 2436 Lamb.
1318 2417 1323 2435 z
1352 2416 1437 2435 nunc
1454 2405 1589 2436 Slarker

256 2461 298 2489 30
320 2462 420 2489 quem
440 2451 539 2481 vellet
559 2454 639 2490 vell„
661 2450 696 2487 cs.
718 2450 788 2481 Art.
809 2450 874 2480 xiii.
895 2460 945 2489 49.
970 2459 980 2479 1
999 2461 1004 2481 :
1030 2460 1129 2489 quem
1148 2450 1237 2489 (curn
1258 2449 1299 2489 G)
1317 2449 1438 2480 vellem
1456 2448 1544 2480 codd.
