1791 2796
221 134 290 172 IV.

310 145 340 171 v
659 133 714 172 M.
747 135 915 172 TVLLI
949 134 1256 174 CICERONIS

294 252 375 284 erat
416 245 578 296 Aegina,
621 253 713 284 ante
761 259 825 285 me
871 247 1042 296 Megara,
1084 247 1218 285 dextra
1261 245 1430 292 Piraeus,
1471 244 1625 284 sinistra

295 310 519 358 Corinthus,
562 325 663 362 quae
709 311 857 362 oppida
902 313 1077 362 quodam
1120 320 1297 362 tempore
1349 310 1625 350 florentissima

294 377 459 423 fuerunt,
483 389 588 415 nunc
609 384 801 427 prostrata
821 385 859 416 et
879 377 1009 416 diruta
1028 385 1120 416 ante
1141 379 1277 416 oculos
1298 376 1437 415 iacent.
1498 375 1625 426 Coepi

293 450 449 492 egomet
488 455 646 481 mecum
679 442 733 481 sic
766 442 961 493 cogitare:
1000 444 1156 481 ‘Hem!
1196 455 1269 481 nos
1300 441 1532 481 homunculi
1570 441 1625 479 in-

293 506 510 557 dignamur,
535 507 565 545 si
594 507 680 557 quis
711 515 889 546 nostrum
920 507 1064 546 interiit
1093 515 1160 546 aut
1187 507 1340 546 occisus
1364 515 1431 554 est,
1456 519 1623 557 quorum
1643 516 1662 550 5

293 572 371 610 vita
392 572 544 611 brevior
563 586 648 611 esse
669 574 800 620 debet,
823 586 913 611 cum
935 586 1015 611 uno
1036 574 1125 611 loco
1145 579 1203 611 tot
1223 572 1414 623 oppidum
1435 573 1626 611 cadavera

294 637 467 688 proiecta
493 638 651 677 iacent?
706 638 830 677 Visne
855 646 896 677 tu
921 646 969 685 te,
994 638 1111 685 Servi,
1135 638 1320 677 cohibere
1340 646 1378 677 et
1399 637 1625 677 meminisse

294 703 497 742 hominem
519 711 557 742 te
578 717 662 742 esse
684 712 819 742 natum
835 705 850 742 ?
866 706 874 722 ²
933 704 1061 743 Crede
1082 703 1188 751 mihi,
1213 703 1450 754 cogitatione
1471 717 1517 742 ea
1544 716 1624 742 non

294 769 543 808 mediocriter
572 783 658 808 sum
689 771 955 809 confirmatus.
1018 771 1111 809 Hoc
1145 770 1263 818 idem,
1297 768 1329 808 si
1359 769 1429 808 tibi
1459 769 1621 817 videtur,

294 836 354 874 fac
374 843 465 873 ante
485 837 621 874 oculos
641 835 711 874 tibi
733 849 940 886 proponas.
1003 837 1130 874 Modo
1161 848 1241 873 uno
1268 843 1444 886 tempore
1471 843 1529 874 tot
1555 834 1624 873 viri

294 901 497 940 clarissimi
535 901 774 949 interierunt,
815 903 867 940 de
909 901 1073 953 imperio
1117 901 1253 953 populi
1300 900 1472 939 Romani
1517 908 1625 939 tanta

294 966 514 1007 deminutio
544 969 645 1007 facta
672 976 740 1015 est,
774 981 913 1006 omnes
942 966 1166 1018 provinciae
1196 975 1480 1017 conquassatae
1510 974 1600 1005 sunt
1615 982 1624 1015 3

294 1032 334 1070 in
368 1032 484 1071 unius
519 1033 771 1072 mulierculae
810 1033 984 1071 animula
1018 1032 1049 1071 si
1089 1032 1235 1071 iactura
1273 1033 1375 1071 facta
1408 1040 1476 1079 est,
1513 1040 1624 1071 tanto

294 1111 412 1149 opere
433 1099 724 1138 commoveris?
782 1100 895 1149 Quae
917 1099 947 1137 si
969 1100 1045 1137 hoc
1073 1105 1250 1149 tempore
1279 1111 1360 1137 non
1381 1098 1486 1137 diem
1509 1111 1623 1136 suum

293 1164 454 1212 obisset,
501 1164 636 1215 paucis
683 1172 772 1215 post
819 1164 933 1203 annis
981 1172 1113 1203 tamen
1162 1164 1196 1203 ei
1245 1163 1493 1202 moriendum
1539 1164 1620 1211 fuit,

250 1230 481 1280 5quoniam
522 1232 644 1269 'nomo
682 1238 774 1269 nata
808 1232 941 1269 fuerat.
1022 1229 1153 1268 Etiam
1192 1237 1234 1268 tu
1272 1231 1322 1268 ab
1362 1229 1469 1268 hisce
1507 1230 1623 1269 rebus

292 1295 468 1334 animum
516 1309 561 1334 ac
605 1296 885 1347 cogitationem
929 1303 1037 1334 tuam
1077 1308 1200 1335 avoca
1239 1303 1359 1346 atque
1400 1308 1446 1334 ea
1492 1295 1623 1346 potius

293 1360 552 1409 reminiscere,
594 1375 695 1412 quae
734 1362 853 1412 digna
891 1370 958 1401 tua
996 1375 1163 1413 persona
1202 1369 1303 1410 sunt,
1345 1362 1462 1409 illam,
1503 1375 1622 1412 quam

293 1426 361 1465 diu
400 1426 435 1464 ei
474 1440 573 1477 opus
612 1426 738 1474 fuerit,
779 1427 929 1474 vixisse,
972 1441 1051 1466 una
1085 1441 1175 1466 cum
1215 1441 1255 1466 re
1293 1427 1453 1479 publica
1491 1427 1621 1475 fuisse,

293 1500 340 1538 te,
383 1499 532 1542 patrem
565 1506 689 1540 suurn,
724 1502 954 1544 praetorem,
991 1495 1205 1540 consulem,
1242 1506 1427 1543 augurem
1467 1493 1619 1540 vidisse,

292 1558 612 1597 adulescentibus
659 1559 850 1609 primariis
893 1569 1055 1610 nuptam
1106 1560 1235 1607 fuisse,
1277 1559 1462 1600 omnibus
1507 1560 1622 1599 bonis

293 1636 415 1674 prope
455 1625 700 1674 perfunctam
740 1638 836 1672 esse,
878 1638 967 1664 cum
1008 1639 1067 1664 res
1106 1626 1265 1677 publica
1309 1626 1506 1665 occideret
1545 1626 1624 1664 vita

294 1689 515 1728 excessisse.
578 1690 686 1739 Quid
722 1699 779 1729 est
815 1692 922 1741 quod
955 1699 995 1729 tu
1034 1699 1100 1729 aut
1133 1691 1197 1729 illa
1231 1705 1321 1730 cum
1360 1693 1515 1731 fortuna
1547 1693 1623 1730 hoc

294 1755 456 1794 nomine
486 1756 593 1806 queri
625 1756 812 1806 possitis?
870 1755 1054 1806 Denique
1078 1756 1158 1795 noli
1191 1765 1228 1795 te
1260 1757 1436 1796 oblivisci
1469 1757 1622 1797 Cicero-

295 1835 384 1860 nem
418 1835 502 1860 esse
536 1829 574 1860 et
609 1835 711 1869 eum,
746 1822 811 1872 qui
850 1822 934 1860 aliis
966 1823 1166 1862 consueris
1201 1824 1424 1877 praecipere
1458 1832 1496 1863 et
1530 1825 1622 1863 dare
1666 1838 1682 1868 5

294 1887 517 1935 consilium,
556 1901 685 1937 neque
724 1887 875 1926 imitare
914 1890 1038 1926 malos
1070 1888 1267 1936 medicos,
1302 1889 1368 1939 qui
1409 1889 1447 1927 in
1487 1889 1623 1928 alienis

296 1952 441 1990 morbis
474 1953 705 2002 profitentur
737 1962 868 1992 tenere
904 1968 944 1992 se
980 1955 1200 1993 medicinae
1235 1955 1453 2003 scientiam,
1480 1954 1552 2006 ipsi
1583 1967 1623 1992 sc

295 2031 428 2056 curare
458 2032 538 2057 non
569 2027 747 2069 possunt,
777 2022 845 2058 sed
877 2022 1020 2072 potius,
1045 2035 1146 2072 quae
1175 2022 1260 2060 aliis
1292 2029 1374 2060 tute
1402 2020 1623 2072 praecipere

295 2085 410 2130 soles,
442 2097 486 2121 ea
519 2091 600 2122 tute
635 2085 704 2123 tibi
740 2086 899 2125 subiace
933 2095 1050 2137 atque
1083 2088 1189 2137 apud
1221 2087 1398 2125 animum
1432 2098 1619 2136 propone.

1650 850 1684 871 10

1646 1509 1684 1530 20

250 2154 277 2191 6
297 2151 438 2188 Nullus
469 2151 581 2189 dolor
607 2161 678 2200 est,
708 2166 825 2203 quem
857 2167 936 2192 non
962 2153 1226 2203 longinquitas
1257 2152 1451 2203 temporis?
1473 2151 1623 2190 minuat
1643 2162 1685 2193 30

295 2229 341 2255 ac
362 2216 521 2255 molliat.
584 2220 676 2257 Hoc
697 2227 734 2258 te
755 2226 978 2270 exspectare
1003 2228 1158 2270 tempus
1179 2219 1249 2257 tibi
1271 2226 1383 2268 turpe
1404 2226 1460 2256 est
1477 2230 1522 2256 ac
1543 2230 1623 2255 non

345 2332 383 2361 19
408 2322 523 2364 fuisse]
543 2323 696 2354 floruisse
713 2322 843 2355 Scln'ils.
864 2323 921 2353 sed
936 2323 1098 2353 Lambino
1114 2332 1240 2362 qnoque
1257 2325 1371 2352 nolum
1483 2330 1524 2350 22
1548 2330 1623 2360 per-

297 2364 436 2396 sructam
459 2365 600 2406 PVo'lflh'n
745 2368 786 2397 26
812 2367 944 2397 imitare
969 2366 1068 2398 codd..
1096 2365 1204 2395 scilia!
1235 2366 1326 2404 infin.
1355 2365 1396 2394 ab
1422 2363 1553 2403 ‘imilo‚'
1585 2363 1622 2402 cs

302 2407 393 2440 Varr.
414 2415 464 2449 ap.
484 2410 632 2441 Nonium
650 2421 679 2450 pr
699 2420 772 2450 473,
797 2412 856 2441 18:
890 2409 1011 2440 imitari
1030 2409 1084 2439 Mc
1103 2408 1225 2439 M1'illcr
