1791 2796
113 1037 151 1059 10

111 1695 151 1716 20

111 2021 149 2051 25

551 150 662 186 EPP.
694 150 772 185 Al)
804 149 1151 186 FAMILIARES
1464 151 1516 188 II.
1540 149 1618 188 xiv

171 259 383 310 primisque
421 259 517 309 quid
556 273 646 308 agas
686 259 782 297 scirev
814 260 955 309 θυμίας
996 273 1087 297 nam
1125 259 1199 297 iam
1239 259 1305 297 diu
1342 268 1499 310 propter

171 324 308 363 hiemis
340 324 650 373 magnitudinem
682 324 777 362 nihil
808 324 897 362 novi
927 325 977 362 ad
1008 338 1079 362 nos
1109 325 1366 363 adfei·el·)atur.

213 512 295 546 XV
402 514 469 546 Ser.
488 513 587 546 Ssdae
602 515 640 545 1'1'1'
652 518 712 545 ant
722 513 807 556 prid.
827 513 914 545 Non.
932 513 1019 546 Sext.
1039 525 1066 546 a.
1090 524 1149 554 704
1174 516 1254 555 (jol.

251 603 294 634 Μ.
323 603 497 633 CICERO
525 602 617 635 ΙΜΡ.
644 604 677 634 S.
708 603 747 634 D.
778 602 820 633 M.
849 602 1022 633 CAELIO
1044 602 1205 633 'AEDILI
1232 603 1416 635 CVRVLI.

225 694 316 731 Non
339 692 465 743 potuit
485 692 702 730 accuratius
723 692 783 741 agi
806 706 878 730 nec
899 692 1130 742 prudentius
1153 705 1270 741 quam
1288 701 1344 730 est
1366 700 1497 730 actum
1519 707 1535 734 1

169 772 191 797 a
218 767 255 797 te
282 771 372 796 cum
395 758 569 796 Curione
596 759 646 796 de
671 758 971 808 supplicatione,
991 765 1029 795 et
1054 759 1212 795 hercule
1234 760 1413 796 confecta
1440 772 1499 796 res

169 838 215 862 ex
246 822 439 861 sententia
464 836 551 861 mea
576 830 633 861 est
661 836 750 861 cum
779 822 990 869 celeritate,
1012 830 1094 860 tum
1123 824 1231 872 quod
1260 822 1303 867 is,
1324 823 1390 872 qui
1419 830 1499 861 erat

169 889 300 935 iratus,
321 887 556 937 competitor
585 895 674 925 tuus
705 895 742 926 et
773 887 877 925 idem
910 901 1034 933 meus,
1054 889 1245 925 adsensus
1276 896 1333 926 est
1363 888 1411 935 ei,
1432 887 1499 938 qui

170 953 320 992 ornavit
341 965 399 991 res
414 960 563 992 nostras
578 952 719 990 divinis
740 952 932 990 laudibus
985 954 1076 1002 Qua
1092 966 1131 990 re
1152 952 1251 991 scito
1268 967 1329 991 me
1346 966 1500 1003 sperare

170 1033 228 1067 ea,
248 1031 349 1069 quae
378 1025 618 1068 sequuntur,
647 1019 697 1055 ad
726 1031 826 1067 quae
851 1025 892 1056 tu
920 1025 957 1056 te
987 1030 1089 1067 para.
1150 1018 1399 1056 Dolabellam
1419 1025 1500 1056 ate
1519 1029 1543 1055 2

168 1085 322 1135 gaudeo
348 1083 518 1133 primum
545 1083 707 1129 laudari,
728 1082 873 1121 deinde
894 1082 1011 1121 etiam
1032 1083 1152 1121 amari
1170 1097 1178 1130 ;
1207 1096 1298 1121 nam
1321 1097 1379 1129 ea,
1400 1096 1500 1132 quae

169 1163 299 1200 speras
333 1148 487 1187 Tulliae
519 1161 630 1187 meae
665 1148 872 1198 prudentia
911 1147 1117 1198 temperari
1158 1161 1287 1198 posse,
1322 1147 1403 1185 scio
1437 1147 1499 1185 cui

169 1223 258 1253 tuae
290 1213 480 1263 epistulae
512 1213 785 1263 respondeant.
847 1212 969 1261 Quid,
1001 1212 1033 1250 si
1067 1225 1196 1250 meam
1229 1214 1348 1262 legas,
1381 1225 1498 1262 quam

169 1293 242 1330 ego
263 1288 346 1317 tum
367 1292 413 1316 ex
435 1277 510 1316 tuis
539 1277 673 1316 litteris
702 1277 788 1315 misi
813 1278 863 1315 ad
884 1276 1089 1327 Appium?
1146 1278 1224 1316 Sed
1255 1277 1351 1327 quid
1380 1278 1501 1327 agas?

133 1347 224 1394 :sic
246 1346 393 1384 vivitur.
454 1346 575 1394 Quod
614 1351 746 1382 actum
785 1350 856 1389 est,
896 1342 935 1380 di
974 1342 1206 1392 adprobent.
1266 1344 1388 1392 Spero
1419 1344 1499 1380 fore

170 1414 386 1452 iucundum
419 1424 605 1461 generum
638 1408 766 1455 nobis,
801 1408 1049 1458 multumque
1082 1407 1120 1446 in
1155 1420 1202 1446 eo
1234 1415 1301 1446 tua
1330 1420 1403 1445 nos
1431 1409 1501 1445 hu-

171 1479 335 1518 manitas
365 1476 576 1516 adiuvabit.

224 1547 304 1583 Res
324 1543 482 1594 publica
503 1555 566 1580 me
586 1541 700 1580 valde
721 1539 911 1578 sollicitat.
954 1541 1084 1578 Faveo
1099 1538 1272 1585 Curioni,
1288 1539 1498 1577 Caesarem
1519 1552 1542 1588 3

170 1613 379 1650 honestum
413 1623 497 1648 esse
533 1607 659 1657 cupio,
698 1620 768 1657 pro
809 1605 1000 1656 Pompeio
1039 1605 1160 1643 emori
1200 1617 1386 1655 possum;
1430 1605 1499 1642 sed

170 1684 303 1715 tamen
332 1676 415 1726 ipsa
445 1689 484 1713 re
514 1672 672 1724 publica
701 1671 797 1710 nibil
829 1671 923 1708 mihi
954 1678 1010 1709 est
1038 1670 1173 1717 carius,
1199 1670 1237 1707 in
1259 1683 1335 1719 qua
1356 1678 1397 1707 tu
1419 1682 1499 1707 non

171 1744 286 1781 valde
315 1749 353 1780 te
382 1740 527 1787 iactas,
556 1738 754 1777 districtus
781 1735 885 1775 enim
914 1734 1009 1773 mihi
1039 1734 1180 1773 videris
1208 1746 1302 1781 esse,
1327 1734 1434 1783 quod
1462 1740 1499 1771 et

169 1809 296 1846 bonus
324 1807 485 1850 civiset
514 1805 643 1843 bonus
672 1802 822 1841 amicus
853 1815 903 1839 es.

224 1876 308 1923 Ego
329 1874 379 1910 de
400 1870 598 1922 provincia
615 1869 812 1906 decedens
828 1873 1075 1916 quaestorem
1093 1864 1274 1904 Coelium
1289 1863 1496 1914 praeposui
1516 1874 1542 1911 4

169 1938 402 1990 provinciae.
465 1936 706 1974 ‘Puerum?'
736 1932 877 1983 inquis.
927 1934 979 1969 At
993 1937 1252 1981 quaestorem,
1271 1937 1309 1967 at
1324 1928 1498 1967 nobilem

169 2006 474 2048 adulescentem,
497 2008 536 2039 at
557 1999 734 2038 omnium
761 1999 839 2036 fere
860 1998 1052 2047 exemplo
1112 1997 1255 2045 Neque
1282 2002 1362 2033 erat
1389 2008 1500 2044 supe-

171 2071 267 2108 riore
302 2071 451 2107 honore
483 2080 586 2113 usus,
624 2078 742 2114 quem
782 2064 1045 2113 praeficerem.
1107 2060 1339 2111 Pomptinus
1375 2061 1499 2097 multo

168 2144 259 2174 ante
290 2135 545 2179 discesserat3
584 2146 606 2169 a
641 2130 792 2179 Quinto
832 2131 945 2167 fratre
980 2127 1176 2178 impetrari
1208 2140 1288 2164 non
1324 2132 1499 2175 poterat:

169 2214 287 2251 quem
317 2208 449 2238 tamen
480 2198 511 2236 si
540 2196 794 2247 reliquissem,
827 2195 1001 2233 dicerent
1031 2193 1154 2243 iniqui
1185 2206 1265 2230 non
1297 2205 1359 2229 me
1383 2192 1500 2240 plane

169 2273 257 2315 post
285 2278 445 2310 annum,
477 2271 518 2301 ut
548 2259 705 2301 senatus
735 2260 929 2306 voluisset,
963 2260 1013 2298 de
1043 2257 1243 2309 provincia
1272 2255 1497 2300 decessisse,

213 2379 232 2399 2
259 2368 339 2399 nihil
364 2369 404 2399 ad
431 2378 492 2398 nos
516 2366 591 2398 novi
620 2365 712 2401 mlnl,
728 2366 808 2404 sort.
834 2368 910 2395 recte
1045 2363 1082 2392 18
1107 2362 1243 2393 Caesari
1262 2359 1499 2390 honestissime

170 2413 269 2452 cupio
288 2422 394 2452 marg.
417 2411 502 2442 Crat.
629 2420 670 2448 23
695 2409 847 2440 Coelium
866 2406 923 2437 M:
950 2406 1067 2437 celium
1089 2405 1170 2436 GR:
1197 2404 1346 2434 Caelium
1365 2402 1452 2443 vulg.

214 2477 276 2498 cic.
296 2477 342 2497 AD
360 2476 439 2497 FAM.
1393 2458 1412 2487 4
