1791 2796
127 529 143 558 5

113 855 150 876 10

121 1699 159 1722 20

536 144 646 180 EPP.
680 144 756 180 AD
789 143 1136 181 FAMILIARES
1441 145 1518 182 III.
1542 144 1571 181 ii

165 254 326 304 (poteris
369 261 499 292 autem
540 253 746 303 plurimis),
785 252 998 303 prospicias
1038 261 1074 291 et
1119 256 1301 292 consulas
1341 254 1494 291 rationi<

166 321 237 358 bus
278 320 384 357 meis.
462 319 583 357 Vides
623 333 668 357 ex
707 327 864 357 senatus
904 320 1085 357 consulto
1126 320 1368 369 provinciam
1409 314 1536 361 esse2

166 386 401 423 habendam.
479 385 518 422 Si
557 398 658 432 eain,
697 386 805 434 quod
849 384 931 422 eius
978 386 1104 422 facere
1149 385 1334 435 potueris,
1374 399 1493 435 quain

166 450 497 501 expeditissimam
542 450 636 487 milii
685 450 902 491 tradideris,
942 449 1090 488 facilior
1133 450 1202 488 erit
1249 451 1342 488 mihi
1384 452 1492 501 quasi

166 518 352 555 decursus
375 515 450 554 mei
471 515 668 565 temporis.
729 515 836 565 Quid
868 515 906 553 in
935 529 982 553 eo
1008 529 1150 565 genere
1177 516 1329 554 efficere
1357 517 1495 567 possis.

167 582 222 620 tui
257 581 393 619 consili
425 590 506 628 est;
541 594 613 630 ego
645 589 692 627 te,
723 582 831 631 quod
864 580 933 618 tibi
964 580 1095 619 veniet
1128 580 1166 618 in
1194 590 1367 619 mentem
1409 596 1494 620 inea

169 648 363 693 interesse,
387 647 500 684 valde
530 659 634 695 rogo.
696 646 876 684 Pluribus
907 646 1033 684 verbis
1063 648 1113 684 ad
1144 654 1181 684 te
1212 646 1432 693 scriberem,
1466 648 1497 685 si

168 722 233 750 aut
256 721 320 751 tua
352 711 574 749 humanitas
605 711 820 760 longiorem
851 711 1069 749 orationem
1098 720 1338 761 exspectaret
1360 720 1425 750 aut
1458 713 1497 750 id

171 777 249 815 sieri
281 785 410 814 nostra
440 776 611 814 amicitia
641 784 835 826 pateretur
861 784 926 814 aut
954 789 1013 813 res
1041 776 1158 814 verba
1188 776 1425 815 desideraret
1453 792 1499 815 ac

171 856 249 880 non
286 847 355 892 pro
386 855 427 879 se
462 841 544 891 ipsa
578 843 810 891 loqueretur.
872 843 965 879 Hoc
996 841 1112 879 velim
1145 841 1215 879 tibi
1250 844 1497 891 persuadeas,

171 907 201 945 si
232 906 447 945 rationibus
478 906 574 945 meis
605 906 802 956 provisum
828 920 850 944 a
877 914 915 945 te
940 920 1025 944 esse
1054 906 1292 953 intellexero,
1319 921 1499 957 magnam

171 981 209 1011 te
230 987 276 1011 ex
296 986 343 1011 eo
365 980 400 1011 et
423 981 649 1023 perpetuam
673 974 913 1022 voluptatem
935 986 1020 1011 esse
1041 980 1256 1023 capturum.
1318 975 1425 1012 Vale.

217 1176 291 1211 ῙῙῙ
442 1178 511 1210 Ser.
532 1177 710 1209 Brundzissi
723 1189 767 1209 ex.
790 1188 896 1209 mense
914 1177 1005 1209 Maso
1023 1188 1052 1209 (1.
1077 1189 1131 1218 703
1152 1179 1234 1219 (51).

472 1267 645 1298 CICERO
672 1268 705 1298 Β.
732 1267 771 1298 D.
799 1266 940 1297 APPIO
968 1267 1203 1298 PVLCHRO.

230 1360 276 1396 A.
300 1359 336 1396 d.
361 1369 403 1395 xl
435 1358 483 1394 K.
510 1358 595 1394 Iun.
630 1355 882 1394 Brundisium
916 1370 1005 1394 cum
1036 1356 1242 1404 venissem,
1276 1358 1324 1406 Q.
1359 1357 1502 1396 Fabius

177 1423 434 1473 Vergilianus,
452 1424 601 1471 legatus
622 1429 723 1468 tuus,
748 1421 841 1458 mihi
864 1430 1019 1471 praesto
1041 1422 1110 1460 fuit
1132 1435 1257 1472 eaque
1278 1436 1341 1460 me
1362 1436 1408 1461 ex
1429 1423 1504 1461 tuis

177 1488 371 1527 mandatis
395 1487 557 1534 monuit,
582 1500 682 1536 quae
704 1500 783 1525 non
812 1486 917 1533 mihi,
941 1488 991 1525 ad
1013 1500 1130 1536 quem
1152 1488 1412 1537 pertinebant,
1436 1490 1505 1527 sed

178 1555 358 1593 universo
391 1552 542 1591 senatui
576 1559 763 1591 venerant
801 1551 839 1589 in
880 1559 1064 1599 mentem,
1102 1552 1298 1602 praesidio
1338 1553 1506 1591 firmiore

178 1635 277 1671 opus
298 1634 382 1659 esse
402 1620 452 1657 ad
474 1619 585 1656 istam
608 1617 847 1668 provinciam
866 1633 873 1664 3
903 1618 1118 1656 censebant
1134 1618 1238 1657 enim
1257 1632 1394 1657 omnes
1416 1621 1505 1665 fere,

179 1695 220 1724 ut
242 1686 279 1724 in
304 1685 415 1724 Italia
436 1685 755 1734 supplementum
777 1682 873 1721 meis
901 1690 939 1721 et
970 1682 1099 1721 Bibuli
1127 1684 1347 1733 legionibus
1369 1684 1508 1722 scribe-

180 1760 291 1790 retur.
354 1752 401 1789 Id
423 1764 513 1788 cum
536 1748 730 1798 Sulpicius
747 1749 883 1785 consul
906 1761 1111 1797 passurum
1133 1762 1173 1786 se
1195 1756 1362 1798 negaret,
1387 1751 1508 1787 multa

180 1831 252 1856 nos
273 1817 438 1867 quidem
457 1815 583 1866 questi
608 1826 754 1860 sumus,
780 1814 849 1850 sed
871 1820 1000 1850 tantus
1022 1825 1238 1851 consensus
1260 1821 1417 1852 senatus
1438 1814 1508 1852 fuit

181 1892 222 1921 ut
270 1891 420 1921 mature
468 1880 816 1932 proficisceremur,
862 1879 1079 1927 parendum
1125 1886 1166 1916 ut
1213 1878 1337 1925 fuerit,
1379 1879 1510 1929 itaque

183 1948 357 1987 fecimus
418 1948 545 1993 Nunc,
584 1947 692 1996 quod
724 1958 746 1982 a
778 1952 815 1982 te
850 1942 943 1992 petii
975 1942 1109 1981 litteris
1140 1943 1197 1991 iis,
1230 1957 1325 1993 quas
1358 1946 1510 1982 Romae

147 2026 160 2056 .·
185 2014 393 2053 tabellariis
415 2013 490 2052 tuis
512 2013 615 2060 dedi,
640 2012 756 2051 velim
785 2010 854 2048 tibi
884 2022 999 2047 curae
1020 2008 1067 2046 sit
1089 2016 1141 2055 ut,
1165 2022 1265 2059 quae
1296 2009 1509 2048 successori

184 2079 506 2118 coniunctissimo
546 2086 583 2118 et
621 2078 859 2117 amicissimo
898 2076 1152 2115 commodare
1191 2082 1319 2124 potest
1362 2074 1404 2121 is,
1445 2074 1509 2124 qui

185 2145 425 2195 provinciam
442 2144 568 2191 tradit,
585 2152 626 2182 ut
647 2158 691 2183 ea
712 2158 782 2194 pro
804 2152 935 2182 nostra
957 2139 1292 2181 consociatissima
1312 2141 1512 2177 voluntate

185 2224 276 2248 cura
297 2224 341 2249 ac
362 2210 562 2260 diligentia
577 2218 648 2262 ,tua
670 2211 942 2259 complectare,
966 2218 1006 2247 ut
1028 2220 1166 2246 omnes
1194 2205 1418 2255 intellegant
1441 2218 1513 2243 nec

234 2324 272 2345 12
297 2313 348 2355 te]
382 2324 434 2345 me
461 2314 573 2344 Bm'ler
722 2325 759 2353 15
786 2314 909 2344 Fabius
935 2313 1151 2352 Vergilianus
1178 2311 1320 2352 Bengel:
1361 2310 1514 2340 sabianus

188 2357 277 2431 cwig.
451 2358 488 2388 18
514 2358 644 2388 senatui
664 2356 733 2387 MG
747 2362 761 2387 z'
793 2364 913 2388 senatu
934 2358 965 2387 R
1076 2357 1222 2387 firmiore
1239 2359 1311 2386 vett.
1328 2366 1333 2385 :
1377 2353 1514 2384 firmiori

188 2409 234 2432 coc
269 2425 275 2431 .
