1791 2796
154 137 202 174 V.
222 137 298 174 viii
618 138 674 175 M.
706 138 875 175 TVLLI
908 138 1215 178 CICERONIS

251 262 379 299 neque
405 256 442 287 te
469 247 668 300 scripsisse
688 262 817 299 neque
844 263 1086 300 quemquam
1113 257 1269 289 tuorum
1290 252 1429 290 frustra
1447 252 1498 291 ad
1518 265 1582 290 me

251 314 448 353 detulisse.
510 315 641 363 Quam
663 315 715 353 ob
737 328 817 353 rem
840 314 955 353 velim
977 314 1030 353 ita
1049 323 1087 354 et
1108 315 1191 366 ipse
1210 317 1261 354 ad
1283 330 1345 354 me
1365 316 1511 355 scribas
1531 318 1582 355 dc

252 378 438 417 omnibus
459 378 642 425 minimis,
667 378 856 426 maximis,
879 379 1145 419 mediocribus
1172 381 1288 420 rebus
1314 388 1358 419 ut
1382 382 1433 420 ad
1460 380 1583 420 homi-

253 458 343 483 nem
383 444 667 483 amicissimum
706 452 744 483 et
783 444 859 483 tuis
897 445 1113 497 praecipias
1152 455 1195 484 ut
1233 460 1361 497 opera,
1402 447 1580 492 consilio,

250 510 491 556 auctoritate,
532 510 653 560 gratia
692 524 780 549 mea
818 510 873 549 sic
911 519 1070 549 utantur
1106 510 1148 550 in
1181 511 1367 551 omnibus
1400 511 1578 563 publicis,
1603 524 1620 555 5

251 575 418 626 privatis,
453 576 685 623 forensibus,
719 576 947 616 domesticis
982 577 1068 624 tuis,
1105 577 1333 624 amicorum,
1367 577 1579 629 hospitum,

251 641 453 680 clientium
484 650 639 680 tuorum
670 641 845 692 negotiis,
876 650 928 688 ut,
956 644 1065 692 quod
1094 642 1177 681 eius
1205 643 1287 682 fieri
1315 642 1448 694 possit,
1477 657 1584 695 prae-

251 707 398 746 sentiae
420 715 509 745 tuae
529 706 768 746 desiderium
791 720 880 746 meo
900 707 1034 747 labore
1055 707 1262 747 minuatur.

294 865 361 900 IX
409 869 477 899 Ser.
499 870 532 899 in
552 870 662 899 rastris
680 869 835 900 Naronae
851 881 881 900 α.
903 869 932 901 α’.
957 880 976 900 v
993 869 1040 901 Id.
1064 870 1176 910 Quint.
1199 882 1229 901 a.
1253 881 1312 911 709
1332 873 1412 911 (θ’).

527 946 747 977 VATINIVS
775 947 864 978 IMP.
894 947 1121 978 CICERONI
1149 948 1237 979 SVO
1264 950 1298 979 S.
1607 961 1645 982 10

161 1063 165 1068 ,
215 1035 231 1061 1
307 1027 341 1064 S.
367 1027 412 1063 V.
439 1027 480 1063 B.
507 1027 548 1063 E.
576 1027 617 1063 E.
643 1027 688 1063 V.
749 1025 787 1063 Si
816 1034 922 1064 tuam
948 1026 1276 1065 consuetudinem
1298 1026 1337 1064 in
1358 1025 1584 1077 patrociniis

251 1091 408 1130 tuendis
447 1105 585 1137 servas,
630 1093 668 1128 P.
714 1090 892 1129 Vatinius
935 1091 1056 1130 cliens
1100 1091 1270 1138 advenit,
1313 1091 1379 1142 qui
1428 1106 1500 1143 pro
1543 1105 1584 1130 se

251 1170 409 1195 causam
431 1156 552 1195 dicier
572 1157 664 1195 vult.
722 1158 825 1203 Non,
849 1165 956 1207 puto,
980 1156 1204 1207 repudiabis
1225 1156 1264 1195 in
1286 1158 1446 1204 honore,
1465 1171 1583 1208 quem

251 1221 291 1259 in
312 1221 486 1272 periculo
507 1220 696 1273 recepisti.
760 1223 845 1271 Ego
864 1229 996 1260 autem
1018 1235 1137 1272 quem
1158 1221 1289 1273 potius
1309 1223 1495 1273 adoptem
1516 1230 1584 1260 aut

251 1287 432 1326 invocem
462 1301 580 1338 quam
610 1287 730 1334 illum,
759 1302 839 1338 quo
866 1289 1104 1327 defendente
1128 1287 1283 1327 vincere
1312 1287 1464 1327 didici?
1519 1290 1584 1326 An
1609 1305 1642 1336 ¹5

251 1366 382 1391 verear
411 1367 471 1400 ne,
504 1352 571 1403 qui
611 1352 975 1403 potentissimorum
1010 1353 1217 1392 hominum
1249 1352 1582 1404 conspirationem

252 1418 461 1469 neglexerit
481 1433 551 1469 pro
572 1433 660 1458 mea
680 1420 813 1466 salute,
838 1418 868 1457 is
895 1433 965 1470 pro
995 1420 1144 1458 honore
1175 1433 1264 1458 meo
1288 1419 1518 1470 pusillorum
1539 1433 1585 1458 ac

253 1486 534 1524 malevolorum
556 1484 861 1524 obtrectationes
881 1493 919 1522 et
941 1484 1106 1523 invidias
1128 1498 1208 1523 non
1229 1493 1447 1535 prosternat
1466 1493 1584 1536 atque

253 1550 436 1589 obterat?
493 1552 583 1599 Qua
612 1564 661 1596 re,
686 1549 715 1588 si
748 1564 820 1596 me,
853 1549 953 1588 sicut
984 1551 1097 1597 soles,
1128 1563 1247 1596 amas,
1277 1549 1431 1601 suscipe
1455 1564 1584 1589 meme

253 1623 379 1653 totum
403 1623 521 1665 atque
547 1616 634 1662 hoc,
657 1613 846 1665 quicquid
876 1622 934 1653 est
964 1614 1092 1653 oneris
1120 1628 1167 1653 ac
1196 1614 1378 1661 muneris,
1403 1629 1472 1665 pro
1497 1630 1585 1655 mea
1607 1629 1644 1652 ,νο

252 1681 440 1731 dignitate
472 1680 543 1720 tibi
574 1682 766 1720 tuendum
796 1694 842 1719 ac
873 1679 1148 1720 sustinendum
1178 1688 1282 1731 puta.
1342 1680 1425 1720 Scis
1455 1695 1583 1720 meam

251 1748 448 1785 fortunam
471 1746 603 1786 nescio
624 1760 704 1797 quo
726 1747 847 1785 modo
868 1745 979 1785 facile
1007 1746 1289 1786 obtrectatores
1309 1746 1483 1786 invenire
1503 1761 1584 1787 non

252 1826 342 1852 meo
375 1811 536 1863 quidem
569 1826 633 1851 me
666 1813 843 1852 hercules
878 1811 1028 1859 merito,
1059 1813 1129 1852 sed
1158 1812 1295 1863 quanti
1326 1812 1367 1852 id
1397 1814 1521 1860 refert,
1553 1812 1584 1852 si

253 1886 385 1917 tamen
419 1879 499 1917 fato
533 1878 666 1917 nescio
698 1892 778 1927 quo
816 1877 989 1916 accidit?
1059 1877 1098 1931 Si
1138 1877 1204 1928 qui
1242 1879 1340 1917 forte
1371 1878 1485 1917 fuerit
1516 1878 1583 1929 qui

253 1952 408 1982 nostrae
450 1943 629 1993 dignitati
675 1944 814 1982 obesse
854 1943 955 1990 velit,
998 1952 1089 1994 peto
1128 1957 1151 1981 a
1190 1951 1226 1982 te
1266 1951 1307 1982 ut
1347 1951 1453 1982 tuam
1492 1958 1582 1982 con·
1605 1956 1641 1986 ²5

254 2009 502 2048 suetudinem
524 2017 562 2047 et
582 2009 854 2048 liberalitatem
876 2008 915 2046 in
941 2023 1003 2047 me
1030 2009 1192 2047 absente
1213 2010 1466 2048 defendendo
1487 2008 1583 2047 mihi

254 2082 433 2124 praestes.
495 2074 660 2112 Litteras
690 2075 740 2112 ad
768 2082 946 2112 senatum
975 2075 1024 2112 dc
1052 2074 1167 2112 rebus
1192 2073 1332 2112 nostris
1352 2073 1479 2124 gestis,
1503 2088 1583 2124 quo

254 2140 434 2189 exemplo
455 2139 646 2184 miseram,
670 2139 767 2177 infra
788 2138 857 2177 tibi
879 2138 1093 2189 perscripsi.
1452 2186 1455 2187 ⁷

211 2214 235 2241 2
310 2204 462 2243 Dicitur
493 2203 588 2242 mihi
619 2212 708 2242 tuus
740 2217 871 2242 servus
903 2213 1137 2253 anagnostes
1168 2203 1350 2254 fugitivus
1379 2219 1468 2243 cum
1491 2207 1583 2244 Var—

255 2269 362 2308 daeis
396 2284 490 2308 esse.
554 2270 614 2307 Dc
644 2282 723 2319 quo
758 2276 798 2306 tu
829 2267 924 2306 mihi
964 2268 1058 2306 nihil
1095 2268 1300 2315 mandasti,
1333 2282 1406 2319 ego
1438 2277 1579 2316 tamen,
1603 2284 1642 2315 30

303 2386 340 2415 19
365 2385 473 2405 meme
500 2373 544 2407 M.
574 2373 610 2414 cf
631 2374 698 2404 viii.
719 2385 748 2404 2.
774 2384 809 2411 1;
841 2374 910 2404 xiii.
936 2384 959 2404 1.
983 2385 1020 2411 2;
1052 2373 1200 2405 Priscian
1217 2374 1274 2404 xii.
1301 2384 1330 2413 5.
1359 2384 1418 2412 24:
1450 2385 1501 2405 me
1521 2374 1583 2406 GR

256 2431 297 2451 20
321 2420 436 2450 oneris
453 2417 510 2449 M:
536 2418 678 2449 honoris
698 2418 760 2448 GR
