<?xml version="1.0" encoding="UTF-8"?>
<!DOCTYPE html PUBLIC "-//W3C//DTD XHTML 1.0 Transitional//EN"
    "http://www.w3.org/TR/xhtml1/DTD/xhtml1-transitional.dtd">
<html xmlns="http://www.w3.org/1999/xhtml" xml:lang="en" lang="en">
 <head>
  <title>
</title>
<meta http-equiv="Content-Type" content="text/html;charset=utf-8" />
  <meta name='ocr-system' content='tesseract 3.04.00' />
  <meta name='ocr-capabilities' content='ocr_page ocr_carea ocr_par ocr_line ocrx_word'/>
</head>
<body>
  <div class='ocr_page' id='page_1' title='image "./epistulaerecogno01ciceuoft_0400.png"; bbox 0 0 1791 2796; ppageno 0'>
   <div class='ocr_carea' id='block_1_1' title="bbox 125 138 1244 176">
    <p class='ocr_par' dir='ltr' id='par_1_1' title="bbox 125 138 1244 176">
     <span class='ocr_line' id='line_1_1' title="bbox 125 138 1244 176; baseline 0 -1"><span class='ocrx_word' id='word_1_1' title='bbox 125 139 218 176; x_wconf 82' lang='lat' dir='ltr'>XII.</span> <span class='ocrx_word' id='word_1_2' title='bbox 242 138 349 175; x_wconf 84' lang='lat' dir='ltr'>xxix</span> <span class='ocrx_word' id='word_1_3' title='bbox 650 138 704 174; x_wconf 79' lang='lat' dir='ltr'>M.</span> <span class='ocrx_word' id='word_1_4' title='bbox 738 138 903 174; x_wconf 64' lang='lat' dir='ltr'>TVLLI</span> <span class='ocrx_word' id='word_1_5' title='bbox 938 138 1244 175; x_wconf 60' lang='lat' dir='ltr'>(¹1(‘1‹21&lt;ONIS</span> 
     </span>
    </p>
   </div>
   <div class='ocr_carea' id='block_1_2' title="bbox 235 248 1687 1611">
    <p class='ocr_par' dir='ltr' id='par_1_2' title="bbox 281 248 1620 495">
     <span class='ocr_line' id='line_1_2' title="bbox 281 248 1619 298; baseline -0.001 -10"><span class='ocrx_word' id='word_1_6' title='bbox 281 252 344 288; x_wconf 69' lang='lat' dir='ltr'>Ad</span> <span class='ocrx_word' id='word_1_7' title='bbox 369 252 465 288; x_wconf 63' lang='lat' dir='ltr'>liat-c</span> <span class='ocrx_word' id='word_1_8' title='bbox 496 250 622 287; x_wconf 79' lang='lat' dir='ltr'>officia</span> <span class='ocrx_word' id='word_1_9' title='bbox 645 250 703 286; x_wconf 52' lang='lat' dir='ltr'>vol</span> <span class='ocrx_word' id='word_1_10' title='bbox 737 249 872 286; x_wconf 66' lang='lat' dir='ltr'>merita</span> <span class='ocrx_word' id='word_1_11' title='bbox 901 249 1030 298; x_wconf 76' lang='lat' dir='ltr'>potius·</span> <span class='ocrx_word' id='word_1_12' title='bbox 1060 248 1341 286; x_wconf 76' lang='lat' dir='ltr'>iucundissima</span> <span class='ocrx_word' id='word_1_13' title='bbox 1372 251 1619 288; x_wconf 84' lang='lat' dir='ltr'>consuetudo</span> 
     </span>
     <span class='ocr_line' id='line_1_3' title="bbox 281 314 1620 365; baseline -0.001 -11"><span class='ocrx_word' id='word_1_14' title='bbox 281 315 445 363; x_wconf 69' lang='lat' dir='ltr'>accedit,</span> <span class='ocrx_word' id='word_1_15' title='bbox 471 324 511 353; x_wconf 94' lang='lat' dir='ltr'>ut</span> <span class='ocrx_word' id='word_1_16' title='bbox 542 316 651 352; x_wconf 87' lang='lat' dir='ltr'>nullo</span> <span class='ocrx_word' id='word_1_17' title='bbox 677 328 832 365; x_wconf 78' lang='lat' dir='ltr'>prorsus</span> <span class='ocrx_word' id='word_1_18' title='bbox 855 316 942 364; x_wconf 81' lang='lat' dir='ltr'>plus</span> <span class='ocrx_word' id='word_1_19' title='bbox 971 314 1132 352; x_wconf 85' lang='lat' dir='ltr'>homine</span> <span class='ocrx_word' id='word_1_20' title='bbox 1161 315 1342 352; x_wconf 85' lang='lat' dir='ltr'>delecter.</span> <span class='ocrx_word' id='word_1_21' title='bbox 1404 315 1495 352; x_wconf 87' lang='lat' dir='ltr'>Non</span> <span class='ocrx_word' id='word_1_22' title='bbox 1523 322 1620 365; x_wconf 84' lang='lat' dir='ltr'>puto</span> 
     </span>
     <span class='ocr_line' id='line_1_4' title="bbox 281 379 1620 432; baseline -0.002 -12"><span class='ocrx_word' id='word_1_23' title='bbox 281 391 318 420; x_wconf 80' lang='lat' dir='ltr'>te</span> <span class='ocrx_word' id='word_1_24' title='bbox 354 382 429 420; x_wconf 90' lang='lat' dir='ltr'>iam</span> <span class='ocrx_word' id='word_1_25' title='bbox 470 389 695 432; x_wconf 70' lang='lat' dir='ltr'>exspectare</span> <span class='ocrx_word' id='word_1_26' title='bbox 734 380 877 430; x_wconf 81' lang='lat' dir='ltr'>quibus</span> <span class='ocrx_word' id='word_1_27' title='bbox 910 393 999 418; x_wconf 91' lang='lat' dir='ltr'>eum</span> <span class='ocrx_word' id='word_1_28' title='bbox 1041 379 1110 417; x_wconf 86' lang='lat' dir='ltr'>tibi</span> <span class='ocrx_word' id='word_1_29' title='bbox 1150 379 1277 417; x_wconf 81' lang='lat' dir='ltr'>verbis</span> <span class='ocrx_word' id='word_1_30' title='bbox 1316 380 1620 426; x_wconf 78' lang='lat' dir='ltr'>commendem3</span> 
     </span>
     <span class='ocr_line' id='line_1_5' title="bbox 284 443 1618 495; baseline -0.002 -10"><span class='ocrx_word' id='word_1_31' title='bbox 284 461 402 486; x_wconf 83' lang='lat' dir='ltr'>causa</span> <span class='ocrx_word' id='word_1_32' title='bbox 433 447 538 485; x_wconf 83' lang='lat' dir='ltr'>enim</span> <span class='ocrx_word' id='word_1_33' title='bbox 580 446 675 484; x_wconf 85' lang='lat' dir='ltr'>tanti</span> <span class='ocrx_word' id='word_1_34' title='bbox 709 445 852 484; x_wconf 80' lang='lat' dir='ltr'>amoris</span> <span class='ocrx_word' id='word_1_35' title='bbox 888 444 1080 495; x_wconf 73' lang='lat' dir='ltr'>intellegis</span> <span class='ocrx_word' id='word_1_36' title='bbox 1115 458 1216 494; x_wconf 82' lang='lat' dir='ltr'>quae</span> <span class='ocrx_word' id='word_1_37' title='bbox 1255 445 1372 482; x_wconf 81' lang='lat' dir='ltr'>verba</span> <span class='ocrx_word' id='word_1_38' title='bbox 1411 443 1618 483; x_wconf 74' lang='lat' dir='ltr'><strong>desideret.</strong></span> 
     </span>
    </p>

    <p class='ocr_par' dir='ltr' id='par_1_3' title="bbox 235 509 1684 1285">
     <span class='ocr_line' id='line_1_6' title="bbox 235 509 1660 560; baseline -0.003 -9"><span class='ocrx_word' id='word_1_39' title='bbox 235 528 258 553; x_wconf 58' lang='grc' dir='ltr'><em>ε</em></span> <span class='ocrx_word' id='word_1_40' title='bbox 288 512 340 550; x_wconf 83' lang='lat' dir='ltr'>Iis</span> <span class='ocrx_word' id='word_1_41' title='bbox 374 526 436 550; x_wconf 88' lang='lat' dir='ltr'>me</span> <span class='ocrx_word' id='word_1_42' title='bbox 471 511 656 549; x_wconf 84' lang='lat' dir='ltr'>omnibus</span> <span class='ocrx_word' id='word_1_43' title='bbox 692 524 807 548; x_wconf 84' lang='lat' dir='ltr'>usum</span> <span class='ocrx_word' id='word_1_44' title='bbox 840 518 988 560; x_wconf 82' lang='lat' dir='ltr'>putato,</span> <span class='ocrx_word' id='word_1_45' title='bbox 1048 511 1221 548; x_wconf 84' lang='lat' dir='ltr'>Tantum</span> <span class='ocrx_word' id='word_1_46' title='bbox 1255 509 1370 548; x_wconf 81' lang='lat' dir='ltr'>velim</span> <span class='ocrx_word' id='word_1_47' title='bbox 1411 509 1620 556; x_wconf 80' lang='lat' dir='ltr'>existimes,</span> <span class='ocrx_word' id='word_1_48' title='bbox 1643 525 1660 556; x_wconf 87' lang='lat'>5</span> 
     </span>
     <span class='ocr_line' id='line_1_7' title="bbox 285 573 1621 627; baseline -0.001 -13"><span class='ocrx_word' id='word_1_49' title='bbox 285 577 315 615; x_wconf 86' lang='lat' dir='ltr'>si</span> <span class='ocrx_word' id='word_1_50' title='bbox 339 576 495 627; x_wconf 76' lang='lat' dir='ltr'>negotia</span> <span class='ocrx_word' id='word_1_51' title='bbox 527 576 698 623; x_wconf 86' lang='lat' dir='ltr'>Lamiae,</span> <span class='ocrx_word' id='word_1_52' title='bbox 731 584 1014 626; x_wconf 74' lang='lat' dir='ltr'>procuratores,</span> <span class='ocrx_word' id='word_1_53' title='bbox 1044 574 1215 622; x_wconf 81' lang='lat' dir='ltr'>libertos,</span> <span class='ocrx_word' id='word_1_54' title='bbox 1246 573 1433 612; x_wconf 84' lang='lat' dir='ltr'>familiam</span> <span class='ocrx_word' id='word_1_55' title='bbox 1464 574 1621 624; x_wconf 85' lang='lat' dir='ltr'>quibus—</span> 
     </span>
     <span class='ocr_line' id='line_1_8' title="bbox 285 639 1620 693; baseline -0.004 -11"><span class='ocrx_word' id='word_1_56' title='bbox 285 656 457 693; x_wconf 81' lang='lat' dir='ltr'>cumque</span> <span class='ocrx_word' id='word_1_57' title='bbox 491 643 608 681; x_wconf 85' lang='lat' dir='ltr'>rebus</span> <span class='ocrx_word' id='word_1_58' title='bbox 643 655 743 692; x_wconf 87' lang='lat' dir='ltr'>opus</span> <span class='ocrx_word' id='word_1_59' title='bbox 773 642 843 680; x_wconf 89' lang='lat' dir='ltr'>erit</span> <span class='ocrx_word' id='word_1_60' title='bbox 878 640 1112 687; x_wconf 69' lang='lat' dir='ltr'>defenderis,</span> <span class='ocrx_word' id='word_1_61' title='bbox 1145 639 1289 691; x_wconf 76' lang='lat' dir='ltr'>gratius</span> <span class='ocrx_word' id='word_1_62' title='bbox 1323 639 1417 678; x_wconf 79' lang='lat' dir='ltr'>milii</span> <span class='ocrx_word' id='word_1_63' title='bbox 1448 640 1620 678; x_wconf 87' lang='lat' dir='ltr'>futurum</span> 
     </span>
     <span class='ocr_line' id='line_1_9' title="bbox 285 706 1621 760; baseline -0.002 -13"><span class='ocrx_word' id='word_1_64' title='bbox 285 723 403 760; x_wconf 79' lang='lat' dir='ltr'>quam</span> <span class='ocrx_word' id='word_1_65' title='bbox 437 709 466 747; x_wconf 89' lang='lat' dir='ltr'>si</span> <span class='ocrx_word' id='word_1_66' title='bbox 498 723 544 747; x_wconf 89' lang='lat' dir='ltr'>ea</span> <span class='ocrx_word' id='word_1_67' title='bbox 573 717 639 747; x_wconf 87' lang='lat' dir='ltr'>tua</span> <span class='ocrx_word' id='word_1_68' title='bbox 669 708 880 747; x_wconf 74' lang='lat' dir='ltr'>liberalitas</span> <span class='ocrx_word' id='word_1_69' title='bbox 913 707 1162 758; x_wconf 85' lang='lat' dir='ltr'>pertinuisset</span> <span class='ocrx_word' id='word_1_70' title='bbox 1195 708 1246 745; x_wconf 82' lang='lat' dir='ltr'>ad</span> <span class='ocrx_word' id='word_1_71' title='bbox 1278 720 1358 745; x_wconf 89' lang='lat' dir='ltr'>rem</span> <span class='ocrx_word' id='word_1_72' title='bbox 1392 706 1621 745; x_wconf 81' lang='lat' dir='ltr'>familiarem</span> 
     </span>
     <span class='ocr_line' id='line_1_10' title="bbox 287 771 1623 824; baseline -0.003 -11"><span class='ocrx_word' id='word_1_73' title='bbox 287 789 444 821; x_wconf 75' lang='lat' dir='ltr'>meam3</span> <span class='ocrx_word' id='word_1_74' title='bbox 482 788 556 813; x_wconf 86' lang='lat' dir='ltr'>nee</span> <span class='ocrx_word' id='word_1_75' title='bbox 586 774 726 813; x_wconf 84' lang='lat' dir='ltr'>dubito</span> <span class='ocrx_word' id='word_1_76' title='bbox 759 774 852 824; x_wconf 81' lang='lat' dir='ltr'>quin</span> <span class='ocrx_word' id='word_1_77' title='bbox 885 773 968 812; x_wconf 84' lang='lat' dir='ltr'>sine</span> <span class='ocrx_word' id='word_1_78' title='bbox 1003 787 1090 811; x_wconf 77' lang='lat' dir='ltr'>mea</span> <span class='ocrx_word' id='word_1_79' title='bbox 1123 771 1481 818; x_wconf 74' lang='lat' dir='ltr'>commendatione,</span> <span class='ocrx_word' id='word_1_80' title='bbox 1514 772 1623 821; x_wconf 87' lang='lat' dir='ltr'>quod</span> 
     </span>
     <span class='ocr_line' id='line_1_11' title="bbox 286 837 1684 889; baseline -0.004 -10"><span class='ocrx_word' id='word_1_81' title='bbox 286 850 398 880; x_wconf 86' lang='lat' dir='ltr'>tuum</span> <span class='ocrx_word' id='word_1_82' title='bbox 439 849 496 879; x_wconf 81' lang='lat' dir='ltr'>est</span> <span class='ocrx_word' id='word_1_83' title='bbox 537 840 725 879; x_wconf 88' lang='lat' dir='ltr'>iudicium</span> <span class='ocrx_word' id='word_1_84' title='bbox 767 841 817 878; x_wconf 86' lang='lat' dir='ltr'>de</span> <span class='ocrx_word' id='word_1_85' title='bbox 856 839 1096 886; x_wconf 84' lang='lat' dir='ltr'>hominibus,</span> <span class='ocrx_word' id='word_1_86' title='bbox 1140 838 1260 889; x_wconf 87' lang='lat' dir='ltr'>ipsius</span> <span class='ocrx_word' id='word_1_87' title='bbox 1306 837 1466 876; x_wconf 78' lang='lat' dir='ltr'>Lamiae</span> <span class='ocrx_word' id='word_1_88' title='bbox 1506 850 1622 875; x_wconf 85' lang='lat' dir='ltr'>causa</span> <span class='ocrx_word' id='word_1_89' title='bbox 1645 851 1684 875; x_wconf 84' lang='grc' dir='ltr'>ιο</span> 
     </span>
     <span class='ocr_line' id='line_1_12' title="bbox 288 902 1621 955; baseline -0.003 -11"><span class='ocrx_word' id='word_1_90' title='bbox 288 907 464 945; x_wconf 79' lang='lat' dir='ltr'>studiose</span> <span class='ocrx_word' id='word_1_91' title='bbox 485 906 618 945; x_wconf 80' lang='lat' dir='ltr'>onmia</span> <span class='ocrx_word' id='word_1_92' title='bbox 640 907 812 944; x_wconf 81' lang='lat' dir='ltr'>facturus</span> <span class='ocrx_word' id='word_1_93' title='bbox 833 905 895 944; x_wconf 77' lang='lat' dir='ltr'>sis.</span> <span class='ocrx_word' id='word_1_94' title='bbox 958 907 1212 955; x_wconf 80' lang='lat' dir='ltr'>Quamquam</span> <span class='ocrx_word' id='word_1_95' title='bbox 1234 912 1313 943; x_wconf 91' lang='lat' dir='ltr'>erat</span> <span class='ocrx_word' id='word_1_96' title='bbox 1336 903 1450 941; x_wconf 84' lang='lat' dir='ltr'>nobis</span> <span class='ocrx_word' id='word_1_97' title='bbox 1471 902 1621 941; x_wconf 90' lang='lat' dir='ltr'>dictum</span> 
     </span>
     <span class='ocr_line' id='line_1_13' title="bbox 288 968 1622 1020; baseline -0.004 -10"><span class='ocrx_word' id='word_1_98' title='bbox 288 981 326 1010; x_wconf 88' lang='lat' dir='ltr'>te</span> <span class='ocrx_word' id='word_1_99' title='bbox 358 971 577 1009; x_wconf 75' lang='lat' dir='ltr'>existimare</span> <span class='ocrx_word' id='word_1_100' title='bbox 611 971 726 1009; x_wconf 86' lang='lat' dir='ltr'>alicui</span> <span class='ocrx_word' id='word_1_101' title='bbox 768 984 797 1009; x_wconf 87' lang='lat' dir='ltr'>s.</span> <span class='ocrx_word' id='word_1_102' title='bbox 837 984 883 1017; x_wconf 89' lang='lat' dir='ltr'>e.‚</span> <span class='ocrx_word' id='word_1_103' title='bbox 924 971 1032 1020; x_wconf 86' lang='lat' dir='ltr'>quod</span> <span class='ocrx_word' id='word_1_104' title='bbox 1072 978 1207 1008; x_wconf 84' lang='lat' dir='ltr'>contra</span> <span class='ocrx_word' id='word_1_105' title='bbox 1246 968 1476 1018; x_wconf 81' lang='lat' dir='ltr'>dignitatem</span> <span class='ocrx_word' id='word_1_106' title='bbox 1516 976 1622 1006; x_wconf 84' lang='lat' dir='ltr'>tuam</span> 
     </span>
     <span class='ocr_line' id='line_1_14' title="bbox 289 1033 1623 1085; baseline -0.004 -9"><span class='ocrx_word' id='word_1_107' title='bbox 289 1039 408 1085; x_wconf 81' lang='lat' dir='ltr'>fieret,</span> <span class='ocrx_word' id='word_1_108' title='bbox 432 1037 642 1076; x_wconf 80' lang='lat' dir='ltr'>scribendo</span> <span class='ocrx_word' id='word_1_109' title='bbox 670 1037 846 1074; x_wconf 81' lang='lat' dir='ltr'>Lamiam</span> <span class='ocrx_word' id='word_1_110' title='bbox 876 1035 1072 1079; x_wconf 72' lang='lat' dir='ltr'>adfuisse:</span> <span class='ocrx_word' id='word_1_111' title='bbox 1113 1035 1178 1085; x_wconf 81' lang='lat' dir='ltr'>qui</span> <span class='ocrx_word' id='word_1_112' title='bbox 1204 1034 1368 1073; x_wconf 89' lang='lat' dir='ltr'>omnino</span> <span class='ocrx_word' id='word_1_113' title='bbox 1396 1033 1623 1072; x_wconf 78' lang='lat' dir='ltr'>consulibus</span> 
     </span>
     <span class='ocr_line' id='line_1_15' title="bbox 290 1099 1623 1152; baseline -0.005 -11"><span class='ocrx_word' id='word_1_114' title='bbox 290 1103 363 1141; x_wconf 84' lang='lat' dir='ltr'>illis</span> <span class='ocrx_word' id='word_1_115' title='bbox 385 1116 601 1152; x_wconf 83' lang='lat' dir='ltr'>numquam</span> <span class='ocrx_word' id='word_1_116' title='bbox 625 1101 695 1140; x_wconf 88' lang='lat' dir='ltr'>fuit</span> <span class='ocrx_word' id='word_1_117' title='bbox 717 1103 767 1139; x_wconf 87' lang='lat' dir='ltr'>ad</span> <span class='ocrx_word' id='word_1_118' title='bbox 790 1101 1042 1140; x_wconf 79' lang='lat' dir='ltr'>scribendum</span> <span class='ocrx_word' id='word_1_119' title='bbox 1062 1115 1068 1145; x_wconf 85' lang='grc'>;</span> <span class='ocrx_word' id='word_1_120' title='bbox 1101 1100 1247 1139; x_wconf 87' lang='lat' dir='ltr'>deinde</span> <span class='ocrx_word' id='word_1_121' title='bbox 1269 1099 1402 1137; x_wconf 83' lang='lat' dir='ltr'>omnia</span> <span class='ocrx_word' id='word_1_122' title='bbox 1423 1107 1506 1137; x_wconf 87' lang='lat' dir='ltr'>tum</span> <span class='ocrx_word' id='word_1_123' title='bbox 1529 1099 1623 1136; x_wconf 86' lang='lat' dir='ltr'>falsa</span> 
     </span>
     <span class='ocr_line' id='line_1_16' title="bbox 289 1164 1684 1210; baseline -0.004 -4"><span class='ocrx_word' id='word_1_124' title='bbox 289 1177 446 1206; x_wconf 80' lang='lat' dir='ltr'>senatus</span> <span class='ocrx_word' id='word_1_125' title='bbox 479 1168 657 1206; x_wconf 84' lang='lat' dir='ltr'>consulta</span> <span class='ocrx_word' id='word_1_126' title='bbox 693 1167 978 1205; x_wconf 84' lang='lat' dir='ltr'>deferebantur.</span> <span class='ocrx_word' id='word_1_127' title='bbox 1040 1165 1125 1204; x_wconf 82' lang='lat' dir='ltr'>Nisi</span> <span class='ocrx_word' id='word_1_128' title='bbox 1161 1167 1258 1204; x_wconf 80' lang='lat' dir='ltr'>forte</span> <span class='ocrx_word' id='word_1_129' title='bbox 1289 1164 1405 1203; x_wconf 86' lang='lat' dir='ltr'>etiam</span> <span class='ocrx_word' id='word_1_130' title='bbox 1437 1164 1489 1202; x_wconf 91' lang='lat' dir='ltr'>illi</span> <span class='ocrx_word' id='word_1_131' title='bbox 1520 1165 1625 1202; x_wconf 87' lang='lat' dir='ltr'>Sem-</span> <span class='ocrx_word' id='word_1_132' title='bbox 1649 1178 1684 1210; x_wconf 89' lang='lat'>¹5</span> 
     </span>
     <span class='ocr_line' id='line_1_17' title="bbox 292 1229 1624 1285; baseline -0.005 -13"><span class='ocrx_word' id='word_1_133' title='bbox 292 1234 485 1285; x_wconf 81' lang='lat' dir='ltr'>proniano</span> <span class='ocrx_word' id='word_1_134' title='bbox 514 1247 542 1271; x_wconf 97' lang='grc'>5.</span> <span class='ocrx_word' id='word_1_135' title='bbox 575 1246 606 1271; x_wconf 87' lang='lat' dir='ltr'>e.</span> <span class='ocrx_word' id='word_1_136' title='bbox 641 1246 703 1270; x_wconf 89' lang='lat' dir='ltr'>me</span> <span class='ocrx_word' id='word_1_137' title='bbox 738 1245 875 1271; x_wconf 83' lang='lat' dir='ltr'>censes</span> <span class='ocrx_word' id='word_1_138' title='bbox 904 1231 1077 1270; x_wconf 73' lang='lat' dir='ltr'>adfuisse</span> <span class='ocrx_word' id='word_1_139' title='bbox 1107 1231 1172 1281; x_wconf 82' lang='lat' dir='ltr'>qui</span> <span class='ocrx_word' id='word_1_140' title='bbox 1201 1244 1250 1269; x_wconf 88' lang='lat' dir='ltr'>ne</span> <span class='ocrx_word' id='word_1_141' title='bbox 1280 1232 1433 1268; x_wconf 86' lang='lat' dir='ltr'>Romae</span> <span class='ocrx_word' id='word_1_142' title='bbox 1463 1229 1624 1280; x_wconf 86' lang='lat' dir='ltr'>quidem</span> 
     </span>
    </p>

    <p class='ocr_par' dir='ltr' id='par_1_4' title="bbox 250 1293 1687 1611">
     <span class='ocr_line' id='line_1_18' title="bbox 250 1293 1626 1348; baseline -0.004 -10"><span class='ocrx_word' id='word_1_143' title='bbox 250 1311 272 1348; x_wconf 89' lang='lat'><strong>3</strong></span> <span class='ocrx_word' id='word_1_144' title='bbox 293 1300 357 1347; x_wconf 88' lang='lat' dir='ltr'>fui,</span> <span class='ocrx_word' id='word_1_145' title='bbox 382 1307 422 1338; x_wconf 92' lang='lat' dir='ltr'>ut</span> <span class='ocrx_word' id='word_1_146' title='bbox 444 1307 526 1337; x_wconf 91' lang='lat' dir='ltr'>tum</span> <span class='ocrx_word' id='word_1_147' title='bbox 557 1300 606 1337; x_wconf 88' lang='lat' dir='ltr'>de</span> <span class='ocrx_word' id='word_1_148' title='bbox 637 1312 684 1337; x_wconf 88' lang='lat' dir='ltr'>eo</span> <span class='ocrx_word' id='word_1_149' title='bbox 714 1299 763 1337; x_wconf 89' lang='lat' dir='ltr'>ad</span> <span class='ocrx_word' id='word_1_150' title='bbox 795 1306 832 1337; x_wconf 91' lang='lat' dir='ltr'>te</span> <span class='ocrx_word' id='word_1_151' title='bbox 862 1297 997 1348; x_wconf 84' lang='lat' dir='ltr'>scripsi</span> <span class='ocrx_word' id='word_1_152' title='bbox 1028 1312 1066 1336; x_wconf 92' lang='lat' dir='ltr'>re</span> <span class='ocrx_word' id='word_1_153' title='bbox 1097 1296 1252 1336; x_wconf 76' lang='lat' dir='ltr'>recenti.</span> <span class='ocrx_word' id='word_1_154' title='bbox 1314 1297 1391 1334; x_wconf 83' lang='lat' dir='ltr'>Sed</span> <span class='ocrx_word' id='word_1_155' title='bbox 1422 1296 1519 1334; x_wconf 83' lang='lat' dir='ltr'>haec</span> <span class='ocrx_word' id='word_1_156' title='bbox 1539 1293 1626 1332; x_wconf 77' lang='lat' dir='ltr'>liac-</span> 
     </span>
     <span class='ocr_line' id='line_1_19' title="bbox 292 1358 1627 1413; baseline -0.004 -10"><span class='ocrx_word' id='word_1_157' title='bbox 292 1374 416 1403; x_wconf 82' lang='lat' dir='ltr'>tenus.</span> <span class='ocrx_word' id='word_1_158' title='bbox 476 1366 546 1411; x_wconf 89' lang='lat' dir='ltr'>Te,</span> <span class='ocrx_word' id='word_1_159' title='bbox 571 1363 622 1401; x_wconf 92' lang='lat' dir='ltr'>mi</span> <span class='ocrx_word' id='word_1_160' title='bbox 645 1363 845 1411; x_wconf 74' lang='lat' dir='ltr'>Cornifici,</span> <span class='ocrx_word' id='word_1_161' title='bbox 869 1363 985 1401; x_wconf 90' lang='lat' dir='ltr'>etiam</span> <span class='ocrx_word' id='word_1_162' title='bbox 1017 1370 1135 1413; x_wconf 78' lang='lat' dir='ltr'>atque</span> <span class='ocrx_word' id='word_1_163' title='bbox 1160 1362 1276 1400; x_wconf 84' lang='lat' dir='ltr'>etiam</span> <span class='ocrx_word' id='word_1_164' title='bbox 1306 1358 1467 1411; x_wconf 76' lang='lat' dir='ltr'>rogout</span> <span class='ocrx_word' id='word_1_165' title='bbox 1494 1358 1627 1398; x_wconf 84' lang='lat' dir='ltr'>omnia</span> 
     </span>
     <span class='ocr_line' id='line_1_20' title="bbox 294 1425 1626 1478; baseline -0.005 -11"><span class='ocrx_word' id='word_1_166' title='bbox 294 1429 454 1468; x_wconf 87' lang='lat' dir='ltr'>Lamiae</span> <span class='ocrx_word' id='word_1_167' title='bbox 478 1428 635 1478; x_wconf 79' lang='lat' dir='ltr'>negotia</span> <span class='ocrx_word' id='word_1_168' title='bbox 661 1442 748 1466; x_wconf 86' lang='lat' dir='ltr'>mea</span> <span class='ocrx_word' id='word_1_169' title='bbox 774 1436 888 1478; x_wconf 85' lang='lat' dir='ltr'>putes</span> <span class='ocrx_word' id='word_1_170' title='bbox 919 1441 1003 1466; x_wconf 83' lang='lat' dir='ltr'>esse</span> <span class='ocrx_word' id='word_1_171' title='bbox 1028 1440 1219 1477; x_wconf 78' lang='lat' dir='ltr'>curesque</span> <span class='ocrx_word' id='word_1_172' title='bbox 1242 1434 1283 1464; x_wconf 90' lang='lat' dir='ltr'>ut</span> <span class='ocrx_word' id='word_1_173' title='bbox 1305 1426 1504 1474; x_wconf 79' lang='lat' dir='ltr'>intellegat</span> <span class='ocrx_word' id='word_1_174' title='bbox 1525 1425 1626 1462; x_wconf 83' lang='lat' dir='ltr'>hanc</span> 
     </span>
     <span class='ocr_line' id='line_1_21' title="bbox 291 1489 1687 1533; baseline -0.004 0"><span class='ocrx_word' id='word_1_175' title='bbox 291 1494 680 1533; x_wconf 78' lang='lat' dir='ltr'>commendationem</span> <span class='ocrx_word' id='word_1_176' title='bbox 724 1493 895 1531; x_wconf 75' lang='lat' dir='ltr'>maximo</span> <span class='ocrx_word' id='word_1_177' title='bbox 939 1492 1011 1531; x_wconf 82' lang='lat' dir='ltr'>sibi</span> <span class='ocrx_word' id='word_1_178' title='bbox 1054 1492 1141 1531; x_wconf 84' lang='lat' dir='ltr'>usui</span> <span class='ocrx_word' id='word_1_179' title='bbox 1186 1492 1313 1530; x_wconf 82' lang='lat' dir='ltr'>fuisse.</span> <span class='ocrx_word' id='word_1_180' title='bbox 1395 1492 1487 1529; x_wconf 88' lang='lat' dir='ltr'>Hoc</span> <span class='ocrx_word' id='word_1_181' title='bbox 1530 1489 1625 1527; x_wconf 87' lang='lat' dir='ltr'>mihi</span> <span class='ocrx_word' id='word_1_182' title='bbox 1649 1504 1687 1526; x_wconf 82' lang='lat'>20</span> 
     </span>
     <span class='ocr_line' id='line_1_22' title="bbox 291 1558 1232 1611; baseline -0.003 -13"><span class='ocrx_word' id='word_1_183' title='bbox 291 1560 435 1611; x_wconf 78' lang='lat' dir='ltr'>gratius</span> <span class='ocrx_word' id='word_1_184' title='bbox 457 1561 582 1598; x_wconf 85' lang='lat' dir='ltr'>facere</span> <span class='ocrx_word' id='word_1_185' title='bbox 604 1558 699 1597; x_wconf 78' lang='lat' dir='ltr'>nihil</span> <span class='ocrx_word' id='word_1_186' title='bbox 722 1567 843 1609; x_wconf 82' lang='lat' dir='ltr'>potes.</span> <span class='ocrx_word' id='word_1_187' title='bbox 905 1560 1009 1597; x_wconf 87' lang='lat' dir='ltr'>Cura</span> <span class='ocrx_word' id='word_1_188' title='bbox 1031 1565 1071 1595; x_wconf 89' lang='lat' dir='ltr'>ut</span> <span class='ocrx_word' id='word_1_189' title='bbox 1094 1559 1232 1595; x_wconf 71' lang='lat' dir='ltr'>valeas.</span> 
     </span>
    </p>
   </div>
   <div class='ocr_carea' id='block_1_3' title="bbox 339 1715 1386 1826">
    <p class='ocr_par' dir='ltr' id='par_1_5' title="bbox 339 1715 1386 1826">
     <span class='ocr_line' id='line_1_23' title="bbox 339 1715 1386 1757; baseline -0.002 -7"><span class='ocrx_word' id='word_1_190' title='bbox 339 1715 468 1750; x_wconf 87' lang='lat' dir='ltr'>XXX</span> <span class='ocrx_word' id='word_1_191' title='bbox 536 1717 604 1748; x_wconf 74' lang='lat' dir='ltr'>Ser.</span> <span class='ocrx_word' id='word_1_192' title='bbox 628 1717 757 1748; x_wconf 73' lang='lat' dir='ltr'>Romae</span> <span class='ocrx_word' id='word_1_193' title='bbox 769 1716 871 1757; x_wconf 80' lang='lat' dir='ltr'>paulo</span> <span class='ocrx_word' id='word_1_194' title='bbox 882 1721 957 1757; x_wconf 75' lang='lat' dir='ltr'>pos!</span> <span class='ocrx_word' id='word_1_195' title='bbox 973 1727 992 1747; x_wconf 78' lang='lat' dir='ltr'><em>v</em></span> <span class='ocrx_word' id='word_1_196' title='bbox 1008 1716 1057 1748; x_wconf 83' lang='lat' dir='ltr'>Id.</span> <span class='ocrx_word' id='word_1_197' title='bbox 1079 1716 1154 1748; x_wconf 75' lang='lat' dir='ltr'>Iun.</span> <span class='ocrx_word' id='word_1_198' title='bbox 1177 1728 1208 1748; x_wconf 87' lang='lat' dir='ltr'>a.</span> <span class='ocrx_word' id='word_1_199' title='bbox 1232 1727 1286 1756; x_wconf 80' lang='lat'>71!</span> <span class='ocrx_word' id='word_1_200' title='bbox 1307 1717 1386 1757; x_wconf 50' lang='lat'>(45‘0.</span> 
     </span>
     <span class='ocr_line' id='line_1_24' title="bbox 696 1794 1226 1826; baseline 0.002 -2"><span class='ocrx_word' id='word_1_201' title='bbox 696 1794 867 1824; x_wconf 63' lang='lat' dir='ltr'>(filsERO</span> <span class='ocrx_word' id='word_1_202' title='bbox 892 1794 1168 1825; x_wconf 60' lang='grc' dir='ltr'><em>(ῸΙῨΝῘΓῙΓῘΟ</em></span> <span class='ocrx_word' id='word_1_203' title='bbox 1190 1794 1226 1826; x_wconf 79' lang='lat' dir='ltr'>S.</span> 
     </span>
    </p>
   </div>
   <div class='ocr_carea' id='block_1_4' title="bbox 261 1869 1694 2383">
    <p class='ocr_par' dir='ltr' id='par_1_6' title="bbox 261 1869 1694 2383">
     <span class='ocr_line' id='line_1_25' title="bbox 261 1869 1631 1923; baseline -0.006 -10"><span class='ocrx_word' id='word_1_204' title='bbox 261 1886 277 1913; x_wconf 88' lang='lat'>1</span> <span class='ocrx_word' id='word_1_205' title='bbox 354 1876 494 1912; x_wconf 84' lang='lat' dir='ltr'>Itane?</span> <span class='ocrx_word' id='word_1_206' title='bbox 542 1882 693 1923; x_wconf 84' lang='lat' dir='ltr'>praeter</span> <span class='ocrx_word' id='word_1_207' title='bbox 734 1873 945 1923; x_wconf 69' lang='lat' dir='ltr'>litigatores</span> <span class='ocrx_word' id='word_1_208' title='bbox 985 1887 1103 1912; x_wconf 84' lang='lat' dir='ltr'>nemo</span> <span class='ocrx_word' id='word_1_209' title='bbox 1143 1875 1194 1919; x_wconf 82' lang='lat' dir='ltr'>ad</span> <span class='ocrx_word' id='word_1_210' title='bbox 1233 1881 1271 1911; x_wconf 87' lang='lat' dir='ltr'>te</span> <span class='ocrx_word' id='word_1_211' title='bbox 1311 1884 1417 1910; x_wconf 85' lang='lat' dir='ltr'>meas</span> <span class='ocrx_word' id='word_1_212' title='bbox 1457 1869 1631 1908; x_wconf 82' lang='lat' dir='ltr'>litteras?</span> 
     </span>
     <span class='ocr_line' id='line_1_26' title="bbox 300 1927 1689 1990; baseline -0.006 -8"><span class='ocrx_word' id='word_1_213' title='bbox 300 1941 450 1977; x_wconf 69' lang='lat' dir='ltr'>Multae</span> <span class='ocrx_word' id='word_1_214' title='bbox 490 1938 585 1976; x_wconf 64' lang='lat' dir='ltr'>{StaC</span> <span class='ocrx_word' id='word_1_215' title='bbox 624 1938 810 1988; x_wconf 68' lang='lat' dir='ltr'>quidem:</span> <span class='ocrx_word' id='word_1_216' title='bbox 859 1947 899 1977; x_wconf 93' lang='lat' dir='ltr'>tu</span> <span class='ocrx_word' id='word_1_217' title='bbox 936 1940 1039 1979; x_wconf 88' lang='lat' dir='ltr'>enim</span> <span class='ocrx_word' id='word_1_218' title='bbox 1067 1927 1272 1990; x_wconf 28' lang='lat' dir='ltr'>&#39;perfecisti</span> <span class='ocrx_word' id='word_1_219' title='bbox 1310 1945 1350 1975; x_wconf 85' lang='lat' dir='ltr'>ut</span> <span class='ocrx_word' id='word_1_220' title='bbox 1390 1949 1508 1974; x_wconf 88' lang='lat' dir='ltr'>nemo</span> <span class='ocrx_word' id='word_1_221' title='bbox 1547 1934 1631 1972; x_wconf 83' lang='lat' dir='ltr'>sine</span> <span class='ocrx_word' id='word_1_222' title='bbox 1653 1941 1689 1973; x_wconf 79' lang='lat'>²5</span> 
     </span>
     <span class='ocr_line' id='line_1_27' title="bbox 297 2001 1629 2056; baseline -0.005 -13"><span class='ocrx_word' id='word_1_223' title='bbox 297 2005 431 2043; x_wconf 86' lang='lat' dir='ltr'>litteris</span> <span class='ocrx_word' id='word_1_224' title='bbox 449 2005 545 2042; x_wconf 85' lang='lat' dir='ltr'>meis</span> <span class='ocrx_word' id='word_1_225' title='bbox 563 2004 630 2042; x_wconf 82' lang='lat' dir='ltr'>tibi</span> <span class='ocrx_word' id='word_1_226' title='bbox 647 2018 687 2042; x_wconf 86' lang='lat' dir='ltr'>se</span> <span class='ocrx_word' id='word_1_227' title='bbox 705 2007 1029 2045; x_wconf 86' lang='lat' dir='ltr'>commendatum</span> <span class='ocrx_word' id='word_1_228' title='bbox 1048 2012 1199 2056; x_wconf 80' lang='lat' dir='ltr'>putaret</span> <span class='ocrx_word' id='word_1_229' title='bbox 1218 2019 1224 2049; x_wconf 93' lang='lat'>;</span> <span class='ocrx_word' id='word_1_230' title='bbox 1255 2004 1322 2041; x_wconf 83' lang='lat' dir='ltr'>sed</span> <span class='ocrx_word' id='word_1_231' title='bbox 1339 2001 1424 2052; x_wconf 82' lang='lat' dir='ltr'>quis</span> <span class='ocrx_word' id='word_1_232' title='bbox 1442 2013 1629 2050; x_wconf 86' lang='lat' dir='ltr'>umquam</span> 
     </span>
     <span class='ocr_line' id='line_1_28' title="bbox 298 2066 1631 2120; baseline -0.005 -11"><span class='ocrx_word' id='word_1_233' title='bbox 298 2080 453 2109; x_wconf 85' lang='lat' dir='ltr'>tuorum</span> <span class='ocrx_word' id='word_1_234' title='bbox 495 2070 588 2107; x_wconf 78' lang='lat' dir='ltr'>milii</span> <span class='ocrx_word' id='word_1_235' title='bbox 631 2071 726 2109; x_wconf 73' lang='lat' dir='ltr'>dixit</span> <span class='ocrx_word' id='word_1_236' title='bbox 764 2086 848 2111; x_wconf 87' lang='lat' dir='ltr'>esse</span> <span class='ocrx_word' id='word_1_237' title='bbox 889 2072 951 2111; x_wconf 87' lang='lat' dir='ltr'>cui</span> <span class='ocrx_word' id='word_1_238' title='bbox 988 2073 1134 2117; x_wconf 85' lang='lat' dir='ltr'>darem,</span> <span class='ocrx_word' id='word_1_239' title='bbox 1170 2069 1265 2120; x_wconf 82' lang='lat' dir='ltr'>quin</span> <span class='ocrx_word' id='word_1_240' title='bbox 1306 2066 1518 2106; x_wconf 86' lang='lat' dir='ltr'>dederim?</span> <span class='ocrx_word' id='word_1_241' title='bbox 1565 2072 1631 2104; x_wconf 86' lang='lat' dir='ltr'>aut</span> 
     </span>
     <span class='ocr_line' id='line_1_29' title="bbox 299 2132 1630 2189; baseline -0.004 -16"><span class='ocrx_word' id='word_1_242' title='bbox 299 2137 394 2187; x_wconf 76' lang='lat' dir='ltr'>quid</span> <span class='ocrx_word' id='word_1_243' title='bbox 429 2137 479 2174; x_wconf 87' lang='lat' dir='ltr'>mi</span> <span class='ocrx_word' id='word_1_244' title='bbox 514 2138 725 2176; x_wconf 82' lang='lat' dir='ltr'>iucundius</span> <span class='ocrx_word' id='word_1_245' title='bbox 762 2153 893 2189; x_wconf 76' lang='lat' dir='ltr'>quam,</span> <span class='ocrx_word' id='word_1_246' title='bbox 928 2152 1016 2177; x_wconf 89' lang='lat' dir='ltr'>eum</span> <span class='ocrx_word' id='word_1_247' title='bbox 1058 2151 1190 2176; x_wconf 84' lang='lat' dir='ltr'>coram</span> <span class='ocrx_word' id='word_1_248' title='bbox 1231 2143 1360 2173; x_wconf 84' lang='lat' dir='ltr'>tecum</span> <span class='ocrx_word' id='word_1_249' title='bbox 1403 2132 1509 2184; x_wconf 74' lang='lat' dir='ltr'>loqui</span> <span class='ocrx_word' id='word_1_250' title='bbox 1552 2144 1630 2169; x_wconf 88' lang='lat' dir='ltr'>non</span> 
     </span>
     <span class='ocr_line' id='line_1_30' title="bbox 301 2196 1631 2253; baseline -0.006 -13"><span class='ocrx_word' id='word_1_251' title='bbox 301 2202 459 2253; x_wconf 77' lang='lat' dir='ltr'>possim.</span> <span class='ocrx_word' id='word_1_252' title='bbox 489 2211 555 2241; x_wconf 86' lang='lat' dir='ltr'>aut</span> <span class='ocrx_word' id='word_1_253' title='bbox 588 2204 756 2242; x_wconf 82' lang='lat' dir='ltr'>scribere</span> <span class='ocrx_word' id='word_1_254' title='bbox 786 2206 835 2243; x_wconf 84' lang='lat' dir='ltr'>ad</span> <span class='ocrx_word' id='word_1_255' title='bbox 865 2213 902 2243; x_wconf 86' lang='lat' dir='ltr'>te</span> <span class='ocrx_word' id='word_1_256' title='bbox 932 2212 997 2242; x_wconf 88' lang='lat' dir='ltr'>aut</span> <span class='ocrx_word' id='word_1_257' title='bbox 1029 2211 1114 2241; x_wconf 79' lang='lat' dir='ltr'>tuas</span> <span class='ocrx_word' id='word_1_258' title='bbox 1146 2203 1272 2251; x_wconf 80' lang='lat' dir='ltr'>legere</span> <span class='ocrx_word' id='word_1_259' title='bbox 1300 2199 1478 2237; x_wconf 85' lang='lat' dir='ltr'>litteras?</span> <span class='ocrx_word' id='word_1_260' title='bbox 1528 2196 1631 2234; x_wconf 84' lang='lat' dir='ltr'>Illud</span> 
     </span>
     <span class='ocr_line' id='line_1_31' title="bbox 303 2262 1694 2319; baseline -0.006 -13"><span class='ocrx_word' id='word_1_261' title='bbox 303 2269 424 2319; x_wconf 73' lang='lat' dir='ltr'>magis</span> <span class='ocrx_word' id='word_1_262' title='bbox 447 2271 542 2309; x_wconf 74' lang='lat' dir='ltr'>mihi</span> <span class='ocrx_word' id='word_1_263' title='bbox 564 2273 663 2309; x_wconf 79' lang='lat' dir='ltr'>solet</span> <span class='ocrx_word' id='word_1_264' title='bbox 685 2284 769 2310; x_wconf 80' lang='lat' dir='ltr'>esse</span> <span class='ocrx_word' id='word_1_265' title='bbox 792 2272 1013 2316; x_wconf 79' lang='lat' dir='ltr'>molestum,</span> <span class='ocrx_word' id='word_1_266' title='bbox 1038 2267 1154 2307; x_wconf 85' lang='lat' dir='ltr'>tantis</span> <span class='ocrx_word' id='word_1_267' title='bbox 1181 2280 1244 2304; x_wconf 88' lang='lat' dir='ltr'>me</span> <span class='ocrx_word' id='word_1_268' title='bbox 1266 2262 1446 2315; x_wconf 82' lang='lat' dir='ltr'>impediri</span> <span class='ocrx_word' id='word_1_269' title='bbox 1468 2274 1632 2311; x_wconf 81' lang='lat' dir='ltr'>occupa-</span> <span class='ocrx_word' id='word_1_270' title='bbox 1652 2265 1694 2298; x_wconf 79' lang='lat'>30</span> 
     </span>
     <span class='ocr_line' id='line_1_32' title="bbox 302 2326 1633 2383; baseline -0.007 -11"><span class='ocrx_word' id='word_1_271' title='bbox 302 2335 487 2383; x_wconf 63' lang='lat' dir='ltr'>tionibus,</span> <span class='ocrx_word' id='word_1_272' title='bbox 526 2345 567 2375; x_wconf 90' lang='lat' dir='ltr'>ut</span> <span class='ocrx_word' id='word_1_273' title='bbox 599 2337 649 2375; x_wconf 83' lang='lat' dir='ltr'>ad</span> <span class='ocrx_word' id='word_1_274' title='bbox 685 2345 722 2374; x_wconf 75' lang='lat' dir='ltr'>te</span> <span class='ocrx_word' id='word_1_275' title='bbox 758 2334 954 2374; x_wconf 82' lang='lat' dir='ltr'>scribendi</span> <span class='ocrx_word' id='word_1_276' title='bbox 992 2347 1081 2372; x_wconf 89' lang='lat' dir='ltr'>meo</span> <span class='ocrx_word' id='word_1_277' title='bbox 1113 2332 1298 2371; x_wconf 84' lang='lat' dir='ltr'>arbitratu</span> <span class='ocrx_word' id='word_1_278' title='bbox 1333 2328 1495 2367; x_wconf 82' lang='lat' dir='ltr'>facultas</span> <span class='ocrx_word' id='word_1_279' title='bbox 1527 2326 1633 2364; x_wconf 84' lang='lat' dir='ltr'>nulla</span> 
     </span>
    </p>
   </div>
   <div class='ocr_carea' id='block_1_5' title="bbox 457 2430 1348 2479">
    <p class='ocr_par' dir='ltr' id='par_1_7' title="bbox 457 2430 1348 2479">
     <span class='ocr_line' id='line_1_33' title="bbox 457 2430 1348 2479; baseline -0.01 -8"><span class='ocrx_word' id='word_1_280' title='bbox 457 2451 476 2479; x_wconf 84' lang='lat'><strong>3</strong></span> <span class='ocrx_word' id='word_1_281' title='bbox 501 2439 730 2471; x_wconf 78' lang='lat' dir='ltr'>commendem</span> <span class='ocrx_word' id='word_1_282' title='bbox 751 2438 826 2469; x_wconf 70' lang='lat' dir='ltr'>mlat</span> <span class='ocrx_word' id='word_1_283' title='bbox 854 2437 972 2467; x_wconf 85' lang='lat' dir='ltr'>-darim</span> <span class='ocrx_word' id='word_1_284' title='bbox 995 2435 1171 2465; x_wconf 51' lang='lat' dir='ltr'>¹&#39;-daverim</span> <span class='ocrx_word' id='word_1_285' title='bbox 1191 2432 1237 2473; x_wconf 40' lang='grc' dir='ltr'>[Γ]</span> <span class='ocrx_word' id='word_1_286' title='bbox 1259 2430 1348 2462; x_wconf 83' lang='lat' dir='ltr'>codd.</span> 
     </span>
    </p>
   </div>
  </div>
 </body>
</html>
