1791 2796
541 157 652 195 EPP.
686 157 763 194 AD
794 155 1142 194 FAMILIARES
1470 154 1538 192 IV.
1561 152 1624 190 vii

195 282 383 316 veremur,
407 275 450 307 ut
470 275 656 306 terrarum
677 267 813 305 orbem
835 266 1042 316 complexa
1062 264 1121 312 sit,
1145 278 1279 304 nonne
1301 263 1422 302 mavis
1443 262 1527 301 sine

196 333 370 385 periculo
390 341 480 372 tuae
501 331 610 372 domi
632 346 716 371 esse
738 345 856 382 quam
878 344 968 369 cum
990 329 1165 381 periculo
1185 329 1366 368 alienae?
1410 325 1528 378 Equiss

195 400 299 446 dem,
323 398 439 438 etiam
462 397 493 437 si
524 398 751 448 oppetenda
778 410 882 435 mors
912 403 1025 443 esset,
1048 394 1157 434 domi
1187 402 1306 444 atque
1336 393 1374 432 in
1405 392 1528 444 patria

196 466 353 503 mallem
388 477 506 515 quarn
537 463 578 501 in
609 462 775 502 externis
810 470 929 512 atque
963 460 1099 500 alienis
1130 460 1237 499 locis.
1299 458 1391 497 Hoc
1421 458 1527 497 idem

159 543 176 574 5
196 544 345 577 omnes,
383 529 449 580 qui
480 538 517 568 te
547 528 724 579 diligunt,
758 528 958 575 sentiunt,
1000 540 1168 577 quorum
1199 533 1257 564 est
1287 538 1428 575 magna
1457 538 1528 574 pro

196 596 272 635 tuis
294 595 472 634 maximis
486 593 788 643 clarissimisque
809 592 1017 631 virtutibus
1033 591 1256 630 multitudo.
1318 590 1527 628 Habemus
1547 595 1571 634 5

197 660 314 699 etiam
335 659 527 699 rationem
548 659 602 698 rei
629 658 826 698 familiaris
857 666 956 705 tuae,
981 671 1099 707 quam
1130 655 1309 706 dissipari
1330 656 1525 694 nolumus.

198 727 312 773 Nam,
351 725 422 765 etsi
462 726 609 764 nullam
649 733 778 776 potest
812 723 990 774 accipere
1028 721 1223 769 iniuriam,
1262 734 1362 771 quae
1401 721 1529 758 futura

199 799 386 842 perpetua
424 791 482 838 sit,
529 798 735 841 propterea
775 790 884 840 quod
926 802 1055 839 neque
1098 787 1144 835 is,
1187 786 1254 836 qui
1297 793 1404 824 tenet
1447 799 1527 824 rem

142 870 180 893 10
198 857 412 908 publicam,
439 857 606 908 patietur
634 870 763 906 neque
787 855 871 906 ipsa
898 868 956 893 res
981 853 1150 904 publica,
1177 860 1309 891 tamen
1337 851 1528 901 impetum

197 923 442 972 praedonum
464 921 503 960 in
525 930 609 960 tuas
631 923 805 960 fortunas
827 920 908 959 fieri
930 920 1022 958 nolo
1041 934 1050 967 3
1092 918 1118 956 ii
1138 926 1270 956 autem
1299 916 1364 967 qui
1386 924 1527 964 essent,

197 988 383 1026 auderem
405 986 586 1034 scribere,
607 986 681 1024 nisi
702 994 739 1025 te
760 985 984 1035 intellegere
1005 984 1257 1023 confiderem.

254 1052 334 1091 Hic
355 1060 393 1091 te
409 1052 524 1091 unius
546 1051 843 1099 sollicitudines,
860 1050 976 1089 unius
997 1049 1115 1088 etiam
1133 1049 1278 1087 multae
1292 1054 1330 1087 et
1350 1047 1529 1087 assiduae
1550 1045 1577 1083 6

198 1117 393 1166 lacrimae,
435 1120 478 1158 C.
523 1116 714 1165 Marcelli,
754 1116 878 1155 fratris
917 1114 1070 1166 optimi,
1108 1115 1380 1165 deprecantur.
1445 1114 1529 1151 Nos

142 1196 178 1227 15
199 1197 291 1223 cura
311 1192 348 1222 et
376 1185 512 1223 dolore
536 1183 702 1234 proximi
730 1196 878 1230 sumus,
905 1181 1088 1231 precibus
1113 1179 1314 1228 tardiores,
1336 1179 1444 1229 quod
1471 1177 1530 1216 ius

199 1249 385 1296 adeundi,
413 1263 504 1288 cum
533 1248 607 1299 ipsi
631 1247 908 1298 deprecatione
938 1246 1172 1296 eguerimus,
1202 1259 1281 1284 non
1313 1245 1505 1283 habemus
1520 1258 1530 1291 3

199 1314 320 1365 gratia
340 1322 492 1353 tantum
513 1327 723 1364 possumus
744 1320 936 1364 quantum
960 1310 1052 1350 victi
1068 1326 1078 1359 3
1108 1311 1178 1350 sed
1199 1318 1330 1348 tamen
1351 1308 1529 1356 consilio,

199 1379 331 1418 studio
363 1380 553 1418 Marcello
589 1393 669 1418 non
703 1380 900 1418 desumus.
961 1379 997 1415 A
1035 1375 1111 1415 tuis
1150 1374 1307 1426 reliquis
1346 1387 1427 1414 non
1464 1374 1530 1413 ad-

198 1444 406 1493 hibemur3
435 1445 486 1484 ad
507 1444 640 1484 onmia
660 1443 782 1494 parati
804 1456 950 1482 sumus.

140 1634 181 1657 20
242 1624 357 1661 VIII
520 1627 590 1660 Scr.
610 1627 740 1660 Romae
756 1628 798 1659 in.
820 1638 864 1659 m.
884 1626 971 1659 Sext.
992 1637 1022 1658 a.
1045 1627 1106 1666 708
1123 1625 1211 1667 (46).

470 1713 514 1744 M.
554 1712 728 1744 CICERO
763 1712 798 1743 S.
838 1712 877 1742 D.
918 1711 961 1741 M.
999 1708 1265 1741 MARCELLO.

252 1803 393 1853 Neque
432 1816 597 1849 ,monere
638 1810 675 1840 te
713 1802 856 1848 audeo,
894 1798 1105 1851 praestanti
1143 1796 1351 1849 prudentia
1387 1796 1564 1844 virum,1

199 1882 271 1907 nec
301 1869 546 1915 confirmare,
567 1866 724 1906 maximi
754 1865 875 1904 animi
905 1864 1108 1904 hominem
1139 1877 1340 1914 unumque
1371 1862 1528 1902 fortissi-

199 1948 318 1981 mum,
351 1933 545 1973 consolari
574 1947 666 1972 vero
696 1934 804 1970 nullo
838 1932 970 1970 modo.
1032 1931 1149 1978 Nam,
1184 1929 1215 1967 si
1245 1943 1303 1978 ea,
1337 1943 1438 1979 quae
1467 1941 1527 1966 ac-

142 2012 178 2044 25
198 1999 390 2046 ciderunt,
424 1999 477 2037 ita
510 2000 598 2045 fers,
630 2006 671 2037 ut
704 1997 837 2045 audio,
867 1996 1047 2048 gratulari
1080 1995 1201 2046 magis
1232 1994 1362 2033 virtuti
1397 1995 1526 2033 debeo

198 2078 315 2114 quam
339 2064 531 2103 consolari
545 2065 722 2102 dolorem
741 2072 851 2102 tuum
870 2078 879 2111 3
909 2062 968 2100 sin
984 2070 1020 2100 te
1035 2069 1141 2099 tanta
1155 2061 1258 2099 mala
1277 2059 1330 2099 rei
1345 2059 1526 2109 publicae

197 2131 392 2180 frangunt,
413 2143 493 2168 non
520 2129 573 2167 ita
601 2129 763 2168 abundo
793 2127 964 2179 ingenio,
986 2135 1026 2165 ut
1051 2134 1089 2165 te
1118 2126 1310 2173 consoler,
1331 2138 1421 2163 cum
1443 2123 1526 2174 ipse

198 2208 261 2233 me
292 2208 371 2233 non
400 2193 558 2245 possim.
620 2193 834 2244 Reliquum
863 2201 920 2232 est
948 2192 1074 2244 igitur,
1095 2200 1137 2230 ut
1165 2190 1234 2229 tibi
1261 2204 1323 2228 me
1350 2189 1388 2227 in
1417 2188 1524 2228 omni

198 2273 237 2297 re
276 2273 365 2299 eum
404 2260 613 2309 praebeam
658 2267 932 2310 praestemque
971 2266 1009 2297 et
1051 2259 1102 2297 ad
1142 2256 1287 2305 onmia,
1326 2269 1426 2306 quae
1470 2253 1524 2292 tui

140 2336 180 2367 30
198 2323 330 2371 velint,
359 2323 411 2362 ita
444 2324 516 2362 sim
551 2332 719 2374 praesto,
749 2331 791 2362 ut
830 2338 892 2362 me
931 2337 1011 2363 non
1051 2324 1178 2362 solum
1214 2320 1346 2361 omnia
1377 2320 1525 2359 debere

457 2428 476 2458 8
501 2433 596 2468 potes
618 2427 690 2459 Vnt.
839 2439 880 2467 29
905 2432 938 2458 et
955 2426 1071 2459 Lamb.
1090 2439 1096 2458 ε
1122 2431 1157 2458 ut
1174 2425 1261 2458 codd.
