1791 2796
121 143 239 181 XIII.
262 144 307 180 xi
634 143 689 181 M.
722 143 891 180 TVLLI
924 142 1233 182 CICERONIS

271 269 389 306 quam
428 256 679 306 primumque
719 255 960 303 conficiatur,
1002 255 1200 306 ipsosque,
1238 268 1407 306 quorum
1445 255 1607 295 nomina

272 322 418 372 scripsi,
443 330 484 360 ut
510 335 628 372 quam
654 320 1051 360 honorificentissime
1077 334 1148 372 pro
1175 329 1242 359 tua
1267 329 1405 360 natura
1429 328 1467 360 et
1488 334 1607 372 quam

228 393 252 431 3
272 388 543 427 liberalissime
571 396 721 446 tract-es.
783 390 918 427 Bonos
939 387 1040 426 viros
1067 389 1118 426 ad
1139 395 1247 426 tuam
1274 387 1607 427 necessitudinem

270 454 492 493 adiunxeris
532 453 874 504 municipiumque
911 452 1175 506 gratissimum
1209 453 1406 492 beneficio
1441 460 1509 492 tuo
1544 454 1605 492 de·

270 520 448 568 vinxeris,
472 519 569 558 mihi
590 533 682 558 vero
709 519 826 558 etiam
855 519 999 569 gratius
1027 518 1174 567 seceris,
1199 520 1308 569 quod
1335 532 1425 558 curn
1454 532 1607 570 semper
1626 530 1644 562 5

269 586 368 624 tueri
404 585 623 636 municipes
653 598 764 623 meos
794 584 992 632 consuevi,
1025 592 1109 623 tum
1144 584 1208 623 hic
1241 598 1367 623 annus
1399 585 1607 636 praecipue

268 652 319 689 ad
350 664 480 689 meam
510 664 644 689 curam
674 650 929 700 officiumque
961 649 1138 700 pertinet.
1204 651 1309 688 Nam
1339 650 1605 689 constituendi

270 715 460 766 municipi
490 729 609 755 causa
637 717 714 754 hoc
744 729 850 754 anno
879 715 1048 754 aedilem
1077 715 1202 754 filiurn
1231 729 1365 754 meum
1392 715 1473 754 fieri
1500 715 1606 754 volui

271 789 309 820 et
343 781 467 819 fratris
502 781 626 820 filium
665 789 704 819 et
740 783 797 819 M.
831 780 1028 828 Caesium,
1062 780 1268 819 hominem
1306 780 1402 818 mihi
1437 780 1606 819 maxime

270 847 534 886 necessarium
550 862 560 895 3
590 847 620 886 is
649 847 755 886 enirn
786 847 1033 897 magistratus
1061 846 1101 885 in
1128 854 1264 886 nostro
1288 846 1504 897 municipio
1532 860 1605 885 nec
1628 858 1668 880 10

270 912 368 951 alius
390 914 491 951 ullus
513 913 633 952 creari
654 914 764 951 solet.
817 913 930 961 Quos
950 911 1220 951 cohonestaris
1239 911 1279 949 in
1295 911 1509 962 primisque
1530 925 1604 959 me,

271 978 301 1016 si
330 991 389 1016 res
419 991 454 1028 p.
479 977 670 1028 municipi
699 985 768 1016 tuo
798 977 940 1023 studio,
968 976 1171 1026 diligentia
1200 977 1302 1015 bene
1331 976 1602 1015 administrata

272 1043 352 1081 erit.
400 1043 522 1092 Quod
541 1051 584 1082 ut
600 1042 720 1081 facias
740 1050 779 1081 te
794 1043 1049 1081 vehementer
1069 1042 1187 1081 etiam
1208 1050 1327 1092 atque
1348 1041 1464 1081 etiam
1486 1054 1591 1092 rogo.

316 1197 408 1232 XII
663 1199 732 1231 Ser.
754 1199 884 1230 Romae
894 1199 999 1240 paulo
1010 1203 1086 1240 post
1100 1205 1148 1240 ep.
1170 1200 1214 1231 xi.

728 1277 904 1308 CICERO
930 1276 1088 1308 BRVTO
1115 1276 1149 1307 S.
1630 1289 1668 1322 15

237 1369 254 1396 1
327 1356 415 1394 Alia
447 1355 613 1406 epistula
643 1355 907 1394 communiter
938 1353 1216 1393 commendavi
1250 1353 1321 1392 tibi
1359 1355 1507 1405 legatos
1541 1355 1610 1392 Ar-

272 1420 476 1472 pinatium,
492 1429 535 1460 ut
549 1421 659 1472 potui
681 1420 992 1471 diligentissime,
1008 1421 1083 1459 hac
1105 1418 1314 1470 separatim
1330 1420 1378 1468 Q.
1397 1418 1607 1465 Fufidium,

273 1500 446 1538 quocum
477 1486 574 1524 mihi
601 1475 740 1525 ornnes
771 1485 1085 1525 necessitudines
1115 1492 1216 1531 sunt,
1250 1483 1476 1535 diligentius
1506 1497 1611 1522 com-

273 1553 432 1599 mendo,
462 1565 542 1591 non
570 1560 613 1590 ut
639 1551 788 1602 aliquid
820 1553 870 1590 de
900 1551 964 1589 illa
989 1550 1338 1590 commendatione
1368 1548 1607 1596 deminuam,

274 1619 343 1656 sed
374 1625 415 1655 ut
445 1618 495 1655 ad
525 1618 627 1656 hanc
656 1618 813 1656 addam.
874 1617 979 1655 Nam
1009 1623 1047 1654 et
1076 1615 1274 1666 privignus
1304 1622 1362 1653 est
1394 1615 1448 1652 M.
1482 1613 1607 1661 Caesi,
1631 1627 1670 1649 20

276 1682 353 1721 mei
392 1681 560 1721 maxime
599 1690 637 1721 et
672 1681 870 1720 familiaris
909 1688 947 1720 et
979 1680 1184 1728 necessari,
1222 1688 1260 1718 et
1292 1679 1363 1717 fuit
1398 1678 1437 1716 in
1473 1677 1612 1718 Cilicia

277 1761 433 1788 mecum
455 1748 635 1787 tribunus
666 1748 834 1786 militum
851 1763 861 1795 3
902 1761 982 1798 quo
1014 1747 1053 1785 in
1085 1759 1247 1785 munere
1271 1745 1324 1784 ita
1349 1758 1390 1784 se
1420 1744 1607 1791 tractavit,

235 1828 259 1855 2
278 1820 319 1851 ut
350 1813 549 1863 accepisse
578 1814 629 1852 ab
661 1826 708 1852 eo
738 1812 977 1852 beneficium
1007 1811 1169 1859 viderer,
1202 1824 1282 1850 non
1313 1809 1479 1849 dedisse.
1540 1810 1610 1847 Est

277 1885 485 1927 praeterea,
519 1879 628 1928 quod
657 1879 764 1928 apud
794 1886 832 1916 te
861 1879 963 1917 valet
992 1877 1215 1932 plurimum,
1247 1890 1270 1914 a
1299 1875 1441 1914 nostris
1471 1874 1610 1913 studiis

277 1956 358 1981 non
378 1943 603 1982 abhorrens.
661 1944 752 1992 Qua
768 1957 807 1982 re
824 1943 941 1982 velim
963 1956 1053 1981 eum
1076 1955 1194 1992 quam
1216 1939 1485 1980 liberalissime
1505 1951 1610 1978 com·
1630 1953 1669 1985 25

277 2009 447 2058 plectare
477 2021 718 2058 operamque
748 2009 818 2047 des
844 2016 887 2047 ut
914 2008 954 2046 in
982 2022 1027 2047 ea
1054 2007 1259 2058 legatione,
1289 2019 1408 2056 quam
1438 2004 1610 2055 suscepit

277 2080 413 2111 contra
434 2086 549 2110 suum
571 2075 828 2112 commodum
851 2081 1008 2112 secutus
1032 2071 1304 2111 auctoritatem
1327 2083 1466 2117 meam,
1490 2082 1609 2119 quam

278 2138 447 2177 maxime
468 2137 550 2176 eius
572 2140 735 2177 excellat
756 2138 957 2177 industria.
1017 2138 1113 2176 Vult
1134 2136 1252 2183 enim,
1267 2135 1308 2174 id
1329 2136 1442 2189 quod·
1458 2134 1610 2185 optimo

278 2203 421 2253 cuique
452 2210 588 2241 natura
618 2202 806 2241 tributum
838 2211 907 2250 est,
939 2216 1058 2253 quarn
1089 2201 1299 2240 maximam
1329 2200 1485 2238 laudem
1518 2212 1609 2237 cum

278 2283 301 2308 a
334 2268 459 2315 nobis,
493 2267 560 2318 qui
590 2281 680 2306 eum
712 2267 950 2317 impulimus,
983 2276 1066 2306 tum
1096 2281 1119 2305 a
1148 2264 1363 2316 municipio
1393 2263 1672 2314 consequi330

325 2382 343 2411 5
369 2371 483 2413 etiam]
511 2381 551 2402 eo
576 2371 674 2402 etiam
694 2370 751 2400 H:
785 2371 885 2401 etiam
911 2381 951 2401 co
968 2370 1002 2400 D
1159 2379 1200 2400 20
1224 2369 1266 2399 ad
1283 2379 1348 2399 om.
1369 2366 1427 2398 H:
1455 2367 1496 2398 ad
1523 2365 1610 2397 illam

281 2416 366 2446 hanc
383 2416 502 2446 addam
520 2415 635 2445 Baiter
