1791 2796
169 130 240 167 VI.
263 132 308 167 ix
622 133 676 169 M.
710 133 878 172 TVLLI
910 134 1216 173 CICERONIS

247 242 542 291 communibus,
563 243 618 282 sic
645 257 799 295 semper
828 244 954 291 dilexi,
979 247 1088 284 nullo
1115 254 1156 284 ut
1182 260 1272 284 cum
1303 246 1465 286 homine
1494 261 1583 286 con-

204 318 227 345 2
248 306 418 346 iunctius
447 307 628 348 viverem.
690 309 798 348 Nihil
828 309 967 349 attinet
999 324 1062 349 me
1091 312 1201 362 plura
1230 310 1426 360 scribere;
1464 325 1582 363 quam

245 372 340 410 mihi
380 386 541 412 necesse
580 374 628 412 sit
660 374 743 414 eius
777 377 943 414 salutem
982 384 1019 415 et
1058 378 1232 416 fortunas
1266 377 1583 428 quibuscumque

244 439 360 477 rebus
390 438 538 489 possim
569 439 676 488 tueri,
709 440 828 480 vides.
890 441 1103 492 Reliquum
1134 451 1191 481 est
1230 451 1282 490 ut,
1315 457 1405 482 cum
1440 457 1581 495 cogno-

244 503 316 541 rim
346 504 524 554 pluribus
559 506 675 544 rebus
708 505 804 557 quid
835 514 876 545 tu
906 515 943 545 et
973 508 1024 546 de
1055 508 1249 547 bonorum
1280 510 1435 548 fortuna
1464 517 1503 550 et
1530 511 1581 548 de
1601 520 1618 551 5

243 569 297 607 rei
331 583 366 619 p.
400 569 688 609 calamitatibus
720 571 892 618 sentires,
930 572 1027 610 nibil
1057 587 1080 611 a
1114 581 1151 612 te
1185 582 1315 624 petam
1347 574 1420 613 nisi
1455 583 1497 613 ut
1530 576 1581 614 ad

243 650 330 674 eam
351 637 609 685 voluntatem,
630 652 749 688 quam
774 646 841 677 tua
870 648 1010 690 sponte
1032 653 1121 690 erga
1142 640 1354 680 Caecinam
1377 641 1580 681 habiturus

242 716 297 749 es,
330 710 460 741 tantus
501 704 682 741 cumulus
721 705 884 743 accedat
923 706 1271 746 commendatione
1311 721 1407 754 mea,
1444 707 1580 759 quanti

243 783 305 808 me
326 784 348 808 a
369 778 406 809 te
428 770 508 809 fieri
530 770 725 821 intellego.
788 774 880 811 Hoc
906 772 1001 811 mihi
1024 773 1168 824 gratius
1189 775 1316 814 facere
1337 773 1433 812 nihil
1454 782 1576 825 potes.

241 834 350 872 Vale.
1600 850 1640 872 10

282 975 326 1011 X
546 979 617 1012 Scr.
639 980 770 1012 Romae
786 981 854 1012 c'rtz
877 992 921 1012 m.
942 980 1028 1013 Scxt.
1050 992 1079 1013 α.
1104 983 1163 1021 708
1182 981 1268 1024 (46).

616 1032 865 1090 M.¹CICERO
891 1058 1136 1090 TREBIANO
1163 1059 1196 1090 S.

204 1148 219 1175 Ι
294 1137 379 1186 Ego
400 1136 536 1187 quanti
562 1145 598 1175 te
624 1136 763 1175 faciam
795 1150 1027 1187 semperque
1052 1136 1208 1175 fecerim
1231 1134 1448 1186 quantique
1469 1149 1532 1174 me
1553 1150 1575 1174 a

239 1208 275 1239 te
297 1201 377 1240 fieri
400 1201 670 1250 intellexerim,
685 1215 771 1240 sum
793 1201 889 1240 mihi
911 1202 993 1252 ipse
1015 1202 1133 1240 testis.
1188 1203 1292 1240 Nam
1314 1209 1351 1240 et
1365 1200 1572 1240 consilium

238 1274 348 1305 tuum
366 1269 426 1306 vel
448 1281 561 1307 casus
582 1266 713 1319 potius
735 1267 881 1307 diutius
903 1267 942 1306 in
963 1267 1078 1306 armis
1100 1266 1278 1305 civilibus
1301 1266 1572 1306 commorandi
1601 1281 1631 1313 ¹5

236 1345 390 1383 semper
411 1333 507 1372 mihi
529 1347 674 1385 magno
694 1333 820 1373 dolori
842 1333 924 1381 fuit,
948 1342 985 1373 et
1007 1333 1070 1372 hic
1092 1341 1266 1381 eventus,
1289 1334 1397 1384 quod
1420 1332 1572 1375 tardius

235 1411 354 1447 quam
385 1406 442 1437 est
471 1412 643 1449 aequum
673 1406 711 1437 et
741 1413 858 1448 quam
890 1413 963 1449 ego
989 1400 1128 1438 vellem
1157 1397 1348 1449 reciperas
1376 1399 1571 1437 fortunam

234 1470 271 1500 et
302 1461 533 1513 dignitatem
565 1471 684 1510 tuam,
712 1462 807 1501 mibi
839 1477 916 1502 non
950 1463 1090 1501 minori
1120 1477 1235 1502 curae
1265 1470 1322 1501 est
1353 1477 1470 1513 quam
1502 1462 1570 1502 tibi

234 1540 388 1578 semper
409 1529 564 1567 fuerunt
585 1541 698 1566 casus
720 1527 807 1566 mei.
860 1530 999 1578 Itaque
1020 1536 1057 1566 et
1080 1530 1364 1567 Postumuleno
1386 1535 1422 1566 et
1444 1527 1570 1566 Sestio

233 1600 271 1630 et
305 1593 532 1644 saepissime
567 1593 700 1632 Attico
735 1601 869 1632 nostro
901 1593 1155 1643 proximeque
1190 1593 1395 1640 Theudae,
1430 1592 1569 1631 liberto
1592 1605 1630 1627 20

233 1666 311 1706 tuo,
335 1666 462 1697 totum
491 1672 554 1697 me
581 1657 746 1709 patefeci
771 1666 809 1697 et
837 1651 933 1697 haec
961 1657 1006 1696 iis
1034 1658 1194 1709 singulis
1221 1671 1338 1709 saepe
1365 1656 1454 1703 dixi,
1479 1671 1569 1707 qua-

231 1739 402 1775 cumque
424 1739 463 1762 re
484 1737 656 1775 possem,
673 1738 736 1763 me
757 1723 827 1763 tibi
848 1731 886 1764 et
907 1723 1038 1763 liberis
1060 1723 1135 1762 tuis
1156 1723 1249 1762 satis
1269 1724 1396 1762 facere
1413 1736 1565 1774 cupere,

232 1791 351 1841 idque
374 1799 414 1829 tu
439 1791 491 1830 ad
517 1798 606 1830 tuos
627 1789 743 1830 velim
771 1789 931 1839 scribas,
953 1791 1050 1829 haec
1080 1788 1241 1841 quidem
1269 1796 1386 1837 certe,
1407 1802 1507 1839 quae
1528 1787 1568 1826 in

231 1866 424 1908 potestate
447 1871 533 1896 mea
554 1864 655 1904 sunt,
679 1865 720 1896 ut
742 1871 915 1908 operam.
937 1856 1159 1904 consilium,
1180 1869 1273 1903 rem,
1297 1856 1415 1895 fidem
1438 1868 1566 1894 meam

188 1932 210 1958 2
230 1923 302 1961 sibi
335 1924 385 1961 ad
413 1921 541 1961 omnis
569 1936 628 1960 res
652 1930 825 1972 paratam
856 1930 1005 1972 putent.
1063 1921 1104 1960 si
1132 1921 1361 1960 auctoritate
1385 1928 1423 1960 et
1446 1920 1566 1970 gratia
1588 1933 1625 1965 25

231 1996 381 2026 tantum
414 2001 570 2037 possem
603 1995 794 2037 quantum
833 1987 870 2025 in
902 2001 947 2026 ea
978 2001 1016 2026 re
1046 2001 1098 2037 p¹>
1127 1988 1177 2025 de
1207 2001 1285 2037 qua
1319 1985 1372 2024 ita
1406 1986 1565 2024 meritus

229 2066 330 2094 sum,
360 2066 475 2103 posse
510 2053 707 2099 deberem,
742 2061 782 2091 tu
818 2066 977 2103 quoque
1012 2052 1042 2090 is
1077 2066 1193 2099 65365,
1225 2051 1291 2102 qui
1326 2050 1440 2097 fuisti,
1474 2065 1563 2089 cum

229 2117 336 2156 omni
367 2118 488 2167 gradu
519 2116 762 2168 amplissimo
793 2116 1045 2167 dignissimus
1076 2125 1158 2155 tum
1189 2124 1292 2156 certe
1326 2115 1474 2155 ordinis
1509 2115 1563 2154 tui

228 2182 340 2221 facile
371 2182 563 2233 princeps.
623 2182 701 2221 Sed
737 2181 924 2232 quoniam
961 2183 1101 2220 eodem
1139 2189 1314 2232 tempore
1343 2182 1562 2231 eademque

228 2249 277 2287 de
306 2261 423 2286 causa
445 2255 620 2285 nostrum
644 2254 806 2296 uterque
827 2246 980 2293 cecidit,
1005 2246 1073 2285 tibi
1101 2255 1139 2285 et
1166 2246 1229 2284 illa
1250 2245 1437 2297 polliceor
1461 2259 1561 2296 quae
1583 2259 1622 2289 30

275 2363 286 2382 1
316 2352 408 2382 nullo
427 2357 460 2382 ut
484 2351 526 2382 T:
554 2357 589 2381 ut
614 2362 678 2381 non
705 2351 771 2381 ullo
791 2350 843 2380 R:
878 2356 912 2381 ut
936 2361 1001 2381 non
1028 2350 1119 2381 nullo
1137 2349 1207 2381 MG
1339 2351 1360 2380 6
1384 2349 1514 2380 sentias
1537 2349 1566 2380 T

226 2396 246 2425 8
271 2406 308 2426 cs
340 2395 368 2425 T
390 2395 597 2435 chscnbmg:
631 2405 727 2425 esses
753 2394 838 2425 codd.
872 2393 994 2425 Malla·
1150 2405 1187 2425 21
1216 2394 1279 2424 hoc
1307 2392 1554 2434 AIcWIyni-Lag.

230 2449 268 2478 27
296 2439 456 2470 debebam
481 2438 669 2479 lis'csenbctgg
