1791 2796
611 615 782 652 LIBER
814 614 1187 652 DVODECIMVS

341 736 445 784 AD
498 736 551 784 C.
604 735 917 782 CASSIVM
972 735 1066 781 ET
1117 734 1455 781 CETEROS

274 913 297 947 Ῑ
486 914 555 947 Ser.
576 915 610 946 in
626 914 827 955 Pompeiano
843 925 863 945 v
879 913 965 945 Non.
988 914 1069 945 Mas.
1091 925 1121 945 a.
1146 924 1202 954 710
1222 914 1306 954 (47⁴).

681 990 853 1020 CICERO
879 990 1046 1020 CASSIO
1073 990 1106 1022 S.

284 1070 426 1107 FINEM
462 1071 609 1107 nullam
642 1068 752 1115 facio,
786 1067 881 1105 mibi
911 1069 1038 1114 crede,
1068 1067 1190 1114 Cassi,
1218 1069 1268 1106 dc
1298 1076 1336 1106 te
1366 1076 1403 1107 et
1435 1071 1558 1108 Bruto
1578 1082 1594 1108 1

229 1142 374 1181 nostro,
398 1135 438 1172 id
468 1142 525 1172 est
553 1136 603 1173 de
633 1142 714 1172 tota
738 1146 777 1171 re
807 1147 856 1183 p.,
880 1133 1090 1183 cogitandi,
1115 1133 1225 1171 cuius
1253 1133 1381 1171 omnis
1410 1147 1499 1184 spes
1521 1135 1558 1172 in

192 1213 209 1245 5
229 1199 341 1237 vobis
371 1208 428 1237 est
458 1208 495 1237 et
526 1199 564 1237 in
598 1201 645 1237 Ι).
681 1201 828 1245 Bruto;
872 1212 990 1248 quam
1022 1198 1182 1248 quidem
1212 1199 1288 1237 iam
1320 1200 1448 1238 liabeo
1479 1200 1561 1250 ipse

230 1264 429 1303 meliorem
461 1279 500 1303 re
530 1264 687 1315 publica
716 1278 738 1302 a
760 1264 966 1302 Dolabella
991 1277 1080 1302 meo
1109 1264 1414 1314 praeclarissime
1440 1274 1557 1315 gesta.

231 1332 421 1369 Manabat
448 1331 553 1369 enim
584 1330 679 1368 illud
709 1331 854 1368 malum
880 1330 1072 1367 urbanum
1096 1337 1132 1367 et
1158 1329 1210 1367 ita
1237 1330 1561 1369 corroborabatur

230 1395 374 1433 cotidie
410 1404 450 1433 ut
482 1409 554 1445 ego
584 1395 745 1445 quidem
781 1404 817 1433 et
848 1395 931 1432 urbi
963 1403 1000 1432 et
1031 1395 1112 1433 otio
1147 1394 1365 1433 diffiderem
1396 1397 1555 1444 urbano,

230 1461 298 1498 sed
320 1460 371 1498 ita
391 1462 522 1498 seditio
543 1474 765 1510 compressa
787 1468 843 1498 est
870 1468 910 1498 ut
932 1460 1027 1497 mihi
1049 1460 1252 1498 videamur
1273 1474 1390 1499 omne
1411 1461 1487 1499 iam
1509 1464 1559 1501 ad

174 1541 210 1562 10
230 1535 384 1576 tempus
414 1527 464 1564 ab
495 1526 560 1564 illo
593 1527 794 1564 dumtaxat
826 1525 1097 1564 sordidissimo
1127 1526 1300 1576 periculo
1331 1527 1402 1564 tuti
1430 1528 1555 1566 futuri.

232 1592 399 1642 Reliqua
429 1606 570 1642 magna
602 1600 691 1629 sunt
722 1605 766 1629 ac
798 1593 918 1629 multa
946 1593 1014 1629 sed
1046 1591 1172 1641 posita
1201 1592 1335 1630 onmia
1365 1592 1404 1630 in
1434 1593 1555 1632 vobis.

230 1660 483 1708 Quamquam
514 1657 683 1708 primum
715 1657 891 1707 quidque
916 1656 1164 1707 explicemus.
1225 1658 1328 1695 Nam
1357 1666 1398 1696 ut
1427 1660 1559 1698 adhuc

227 1724 389 1773 quidem
431 1732 561 1763 actum
595 1732 663 1772 est,
698 1738 778 1762 non
810 1737 928 1774 regno
959 1724 1029 1762 sed
1059 1737 1146 1773 rege
1175 1723 1326 1761 liberati
1356 1724 1558 1772 videmur3

228 1788 432 1838 interfecto
453 1790 558 1828 enim
580 1804 668 1840 rege
690 1790 814 1840 regios
836 1789 964 1827 omnis
995 1796 1112 1827 nutus
1133 1796 1298 1835 tuemur,
1317 1802 1446 1839 neque
1466 1803 1557 1828 vero

168 1867 206 1897 15
229 1853 268 1892 id
299 1856 426 1892 solum
458 1857 527 1894 sed
558 1855 686 1903 etiam,
715 1869 816 1905 quae
846 1854 929 1905 ipsc
960 1854 1022 1892 ille
1057 1854 1086 1891 si
1117 1854 1261 1893 viveret
1291 1867 1371 1893 non
1401 1856 1554 1903 faceret,

229 1932 274 1956 ea
299 1933 370 1957 nos
391 1920 501 1969 quasi
527 1921 695 1970 cogitata
724 1921 774 1958 ab
796 1920 862 1958 illo
887 1920 1110 1970 probamus.
1170 1921 1256 1958 Nec
1287 1920 1369 1958 eius
1393 1921 1554 1970 quidem

226 1984 278 2022 rei
312 1985 430 2022 finem
469 1985 596 2024 video.
655 1986 833 2024 Tabulae
873 1987 1052 2036 figuntur,
1095 1985 1361 2024 immunitates
1400 1988 1552 2035 dantur,

226 2050 417 2099 pecuniae
439 2051 630 2089 maximae
651 2051 926 2098 discribuntur,
951 2053 1101 2090 exsules
1122 2053 1372 2098 reducuntur,
1396 2061 1553 2091 senatus

225 2117 403 2153 consulta
436 2117 530 2154 falsa
569 2118 805 2164 deferuntur,
847 2125 890 2155 ut
928 2125 1080 2156 tantum
1120 2118 1241 2155 modo
1280 2117 1416 2155 odium
1455 2118 1551 2157 illud

165 2191 205 2213 20
224 2180 396 2218 hominis
425 2181 567 2232 impuri
597 2190 634 2220 et
664 2181 856 2220 servitutis
887 2183 1000 2221 dolor
1029 2184 1216 2233 depulsus
1246 2196 1331 2221 esse
1362 2182 1548 2230 videatur,

223 2258 282 2283 res
303 2258 337 2295 p.
354 2245 478 2284 iaceat
498 2246 537 2284 in
559 2246 603 2285 iis
623 2246 982 2297 perturbationibus
1002 2247 1042 2286 in
1064 2261 1160 2298 quas
1181 2261 1267 2286 eam
1285 2247 1348 2285 ille
1369 2247 1547 2286 coniecit.

264 2359 286 2388 9
302 2349 424 2380 seditio
442 2349 555 2380 addidi
718 2361 910 2390 compressa
925 2354 1014 2383 codd.
1035 2363 1042 2382 :
1066 2363 1295 2391 compressum
1313 2351 1406 2383 Man.
1426 2364 1431 2382 :
1460 2362 1549 2383 com-

221 2402 337 2431 pressa
357 2403 410 2423 res
428 2394 560 2424 Ernesti
691 2396 728 2424 18
753 2395 981 2426 discribuntur
998 2395 1054 2426 M:
1081 2397 1188 2426 deser.
1210 2396 1302 2428 HD:
1320 2396 1356 2435 cf.
1374 2396 1439 2427 xvi.
1460 2406 1508 2427 11.
1528 2406 1549 2436 3

226 2445 265 2475 19
289 2436 487 2468 deseruntur
506 2437 613 2477 Orelli,
631 2437 672 2478 cf.
691 2438 879 2470 Mommsen
894 2438 1037 2470 Staatsr.
1060 2439 1104 2469 iii.
1130 2449 1209 2470 1011
1227 2451 1234 2469 :
1259 2439 1318 2471 ref.
1339 2439 1428 2471 codd.
