1791 2796
549 154 659 192 EPP.
693 155 770 191 ΑΙ)
803 155 1148 194 FAMILIARES
1441 161 1532 198 VII.
1559 162 1681 199 xxvii

197 271 239 303 tu
260 263 422 314 quidem
443 264 550 312 dicis,
576 265 645 303 sed
674 264 744 304 tibi
773 279 891 303 nemo
912 266 1044 305 credit.
1105 267 1368 307 Tribunatum
1400 270 1529 319 plebei

197 329 296 368 dicis
318 338 355 368 te
377 344 463 369 mea
484 344 601 369 causa
622 331 776 381 petisse.
839 332 1002 370 Utinam
1026 346 1180 383 semper
1200 348 1303 372 esses
1326 335 1505 374 tribunus
1523 339 1529 374 l

199 395 496 434 intercessorem
536 409 616 435 non
655 410 871 446 quaereres,
950 399 1081 447 Negas
1128 413 1190 437 me
1233 402 1378 439 audere
1422 403 1530 451 quod

199 460 367 499 sentiam
396 461 554 500 dicere:
593 460 705 512 quasi
736 461 817 509 tibi,
854 476 945 501 cum
981 462 1231 514 impudenter
1265 479 1328 503 me
1364 479 1527 516 rogares,

162 542 178 572 5
199 539 336 576 parum
366 526 515 565 fortiter
542 526 825 577 responderim.

254 594 369 631 Haec
398 592 466 631 tibi
498 593 643 643 scripsi,
672 601 714 631 ut
744 593 818 632 isto
848 593 934 644 ipso
964 594 1003 632 in
1033 608 1184 645 genere,
1212 596 1251 635 in
1277 610 1356 647 quo
1381 597 1530 648 aliquid
1550 605 1574 632 2

199 670 315 707 posse
348 657 415 705 vis,
445 665 483 696 te
517 657 613 696 nihil
643 672 728 697 esse
767 672 1036 709 cognosceres,
1097 662 1218 710 Quod
1248 662 1279 700 si
1309 663 1532 701 humaniter

200 737 356 761 mecum
378 732 539 773 questus
560 737 675 771 63363,
700 724 866 763 libenter
893 725 963 763 tibi
993 739 1054 763 me
1081 734 1119 764 et
1146 726 1258 765 facile
1280 741 1531 778 purgassem3

200 802 279 827 non
301 789 405 827 enim
428 789 576 839 ingrata
597 789 692 827 mihi
721 797 811 829 sunt
828 804 928 841 quae
950 791 1085 838 fecisti,
1109 793 1178 831 sed
1206 806 1306 843 quae
1331 793 1528 844 scripsisti,

145 867 181 887 10
200 855 374 892 molesta.
437 856 506 892 Me
534 862 678 901 autem,
711 863 870 906 propter
899 869 1017 906 quem
1048 856 1165 895 ceteri
1196 857 1304 895 liberi
1336 865 1437 905 sunt,
1460 858 1531 896 tibi

200 919 364 958 liberum
386 934 466 958 non
488 920 612 958 visum
634 921 815 960 demiror.
877 923 979 960 Nam
1008 922 1039 960 si
1068 924 1163 961 salsa
1188 924 1342 962 fuerunt
1368 937 1468 974 quae
1489 932 1531 963 tu

198 986 248 1024 ad
271 999 344 1033 me,
368 994 408 1024 ut
428 985 495 1032 ais,
522 986 740 1036 ‘detulistis
757 987 865 1036 quod
886 986 956 1025 tibi
978 1001 1050 1037 ego
1066 988 1225 1027 debeo?
1253 989 1283 1027 si
1305 1001 1404 1036 vera,
1427 997 1468 1028 tu
1490 1002 1530 1028 es

199 1049 370 1100 optimus
391 1050 499 1089 testis
520 1050 616 1101 quid
638 1050 732 1090 mihi
753 1064 789 1102 p.
814 1053 861 1091 R.
885 1052 1038 1091 debeat.

243 1200 447 1237 XXVIII
520 1204 588 1237 Ser.
609 1205 739 1236 Romae
754 1205 797 1237 in.
819 1217 863 1237 m.
884 1205 971 1238 Sext.
990 1217 1019 1238 a.
1043 1208 1105 1246 708
1124 1207 1211 1249 (46)e

147 1292 182 1323 15
585 1282 629 1314 Μ.
657 1282 831 1313 CICERO
858 1282 891 1314 S.
923 1283 961 1314 D.
991 1283 1145 1315 CVRIO.

255 1360 423 1400 Memini
454 1374 544 1399 cum
584 1360 680 1399 mihi
719 1360 897 1411 desipere
935 1361 1129 1409 videbare,
1172 1362 1280 1412 quod
1319 1375 1410 1401 cum
1449 1361 1566 1401 istis1

200 1426 330 1477 potius
370 1426 516 1465 viveres
548 1440 667 1477 quam
702 1426 921 1465 nobiscum.
983 1428 1075 1465 Erat
1110 1426 1216 1466 enim
1252 1429 1376 1465 multo
1407 1427 1532 1466 domi-

200 1493 333 1532 cilium
354 1492 469 1531 huius
491 1492 608 1540 urbis,
624 1506 714 1531 cum
737 1493 898 1543 quidem
917 1494 1014 1531 haec
1031 1493 1133 1540 urbs,
1152 1492 1280 1544 aptius
1297 1493 1529 1532 humanitati

200 1567 238 1597 et
267 1558 447 1597 suavitati
477 1566 567 1597 tuae
597 1572 715 1609 quam
747 1566 828 1597 tota
858 1560 1166 1609 Peloponnesus,
1200 1559 1347 1597 nedum
1380 1561 1528 1597 Patrae.

143 1639 180 1660 20
201 1625 319 1663 Nunc
350 1631 486 1662 contra
520 1632 557 1662 et
588 1623 732 1662 vidisse
767 1623 861 1662 mihi
895 1625 1062 1662 multum
1094 1623 1250 1672 videris,
1284 1638 1374 1662 cum
1409 1638 1531 1675 prope

199 1688 414 1739 desperatis
444 1688 504 1727 his
535 1689 650 1727 rebus
681 1696 718 1726 te
748 1687 787 1726 in
815 1688 1020 1727 Graeciam
1048 1688 1259 1736 contulisti,
1282 1696 1319 1727 et
1341 1690 1417 1728 hoc
1438 1697 1532 1727 tem-

199 1768 293 1804 pore
324 1768 404 1792 non
434 1755 561 1792 solum
592 1753 761 1804 sapiens,
782 1752 849 1803 qui
877 1753 969 1791 hinc
993 1753 1111 1801 absis,
1132 1755 1201 1792 sed
1232 1753 1349 1792 etiam
1381 1754 1529 1793 beatus.

201 1820 453 1869 Quamquam
475 1819 573 1869 quis,
589 1818 655 1868 qui
677 1818 825 1869 aliquid
848 1819 981 1869 sapiat,
999 1832 1104 1857 nunc
1121 1832 1205 1857 esse
1223 1819 1359 1857 beatus
1373 1822 1532 1870 potest?

201 1887 278 1923 Sed
310 1886 418 1934 quod
458 1892 499 1922 tu
535 1884 597 1922 cui
637 1884 792 1931 licebat,
832 1883 1001 1934 pedibus
1041 1898 1081 1922 es
1121 1893 1357 1923 consecutus
1397 1893 1438 1923 ut
1478 1884 1572 1923 ibi2

142 1964 179 1994 25
200 1963 315 1996 esses,
343 1949 431 1988 ‘ubi
452 1963 524 1988 nec
546 1949 845 2000 Pelopidarum’
868 1949 988 2001 (nosti
1009 1950 1164 2001 cetera),
1188 1964 1260 1988 nos
1282 1950 1386 1989 idem
1409 1964 1531 2001 prope

200 2017 363 2054 modum
397 2015 675 2065 consequimur
708 2014 782 2053 alia
817 2014 976 2054 ratione.
1037 2015 1139 2055 Cum
1172 2015 1276 2053 enim
1307 2016 1530 2055 salutationi

199 2095 270 2120 nos
291 2081 473 2120 dedimus
494 2080 721 2127 amicorum,
739 2094 839 2131 quae
861 2082 903 2119 fit
924 2082 1000 2120 hoc
1017 2080 1133 2120 etiam
1156 2082 1398 2132 frequentius
1412 2096 1530 2132 quam

198 2147 362 2195 solebat,
384 2147 492 2196 quod
523 2146 633 2196 quasi
662 2160 775 2184 avem
805 2146 935 2185 albam
963 2146 1145 2186 videntur
1170 2147 1272 2186 bene
1297 2147 1530 2186 sentientem

199 2210 324 2249 civem
363 2210 503 2257 videre,
544 2211 651 2260 abdo
690 2225 753 2249 me
798 2211 837 2249 in
876 2211 1169 2250 bibliothecam.
1234 2213 1375 2263 Itaque
1414 2225 1532 2262 opera

142 2293 181 2323 30
200 2276 326 2314 efficio
357 2284 464 2314 tanta
495 2284 641 2326 quanta
672 2278 833 2315 fortasse
868 2284 908 2315 tu
945 2277 1088 2315 senties
1104 2292 1113 2325 3
1144 2277 1315 2316 intellexi
1350 2277 1455 2315 enim
1485 2291 1532 2315 ex

201 2349 270 2379 tuo
301 2354 481 2380 sermone
513 2342 699 2391 quodam,
736 2354 826 2379 cum
858 2355 986 2380 meam
1018 2341 1252 2380 maestitiam
1285 2349 1322 2380 et
1354 2342 1532 2391 despera·

580 2446 619 2476 18
644 2444 722 2476 urbs
741 2445 811 2485 fuit,
833 2445 944 2485 aptius
966 2443 1157 2486 Wesenberg
