1791 2796
560 151 671 187 EPP.
704 150 782 186 AI)
814 146 1162 185 FAMILIARES
1476 145 1521 180 X.
1543 153 1604 179 xx

197 278 315 316 quarn
338 264 389 302 ita
411 277 494 302 esse
516 270 556 300 tu
578 275 650 300 nos
680 259 815 300 feceris
842 257 1035 298 certiores.
1097 258 1191 296 Mea
1217 255 1390 307 quidem,
1414 261 1458 293 ut
1476 255 1526 293 ad
1546 265 1571 302 3

198 338 235 369 te
270 328 426 379 saepius
461 327 606 378 scripsi,
642 327 739 365 haec
768 323 963 364 sententia
992 330 1061 370 est,
1096 322 1162 373 qui
1198 320 1381 372 reliquias
1413 319 1528 358 huius

199 394 290 433 belli
318 392 564 445 oppresserit,
587 405 676 430 eum
705 388 823 429 totius
853 388 946 428 belli
973 389 1239 428 confectorem
1265 388 1373 434 fore3
1411 399 1529 436 quem

199 468 236 499 te
270 467 308 498 et
338 467 433 510 opto
463 472 547 497 esse
577 465 615 496 et
644 457 804 495 confido
833 456 1016 493 futurum.
1077 452 1216 492 Studia
1245 466 1333 491 mea
1362 465 1450 502 erga
1480 459 1528 498 te,

162 542 178 573 5
199 524 342 575 quibus
363 531 466 563 certe
487 520 594 561 nulla
607 535 691 561 esse
712 520 859 559 maiora
880 525 1101 570 potuerunt,
1121 517 1192 557 tibi
1213 525 1292 556 tam
1306 525 1413 567 grata
1433 530 1527 563 esse,

199 603 318 640 quam
340 602 413 639 ego
439 588 572 639 putavi
596 589 688 634 fore,
711 585 874 625 minime
899 584 1017 623 miror
1042 585 1376 633 vehementerque
1397 583 1528 621 laetor.

201 656 314 704 Quae
339 654 502 705 quidem
529 661 582 700 tu,
609 650 640 690 si
669 659 773 691 recte
803 649 889 688 istic
919 649 1000 694 erit,
1030 648 1178 688 maiora
1208 656 1246 687 et
1272 646 1447 698 graviora
1470 660 1532 686 co-

199 733 375 771 gnosces.
437 731 501 757 1111
524 720 573 757 K.
598 719 685 756 Iun.

244 877 355 912 XXI
487 878 557 910 Scr.
578 879 613 910 in
629 879 743 909 castris
755 877 839 918 prid.
859 876 907 908 Id.
930 877 1011 908 Mai.
1032 887 1062 907 a.
1086 886 1139 916 711
1161 874 1241 918 (43).

145 969 184 989 10
471 988 472 991 ,
627 960 840 992 PLANCVS
866 959 1104 991 CICERONI.

257 1046 426 1085 Puderet
447 1059 510 1084 me
530 1044 816 1084 inconstantiae
838 1058 1013 1083 mearum
1034 1043 1259 1089 litterarum‚
1284 1041 1314 1080 si
1336 1055 1415 1081 non
1437 1042 1534 1080 haec
1555 1049 1571 1075 1

202 1126 249 1150 ex
286 1109 415 1149 aliena
442 1109 600 1148 levitate
629 1111 858 1160 penderent.
924 1108 1072 1148 Omnia
1101 1107 1174 1146 feci
1205 1121 1283 1158 qua
1311 1121 1352 1145 re
1382 1105 1536 1157 Lepido

203 1175 417 1216 coniuncto
458 1175 507 1213 ad
547 1188 628 1212 rem
667 1188 703 1224 p.
745 1175 1040 1213 defendendam
1082 1173 1233 1212 minore
1271 1171 1536 1211 sollicitudine

203 1248 329 1280 vestra
359 1238 519 1290 perditis
551 1239 769 1278 resisterem
785 1254 795 1287 3
842 1238 977 1278 omnia
1011 1238 1046 1277 ei
1078 1246 1116 1277 et
1154 1237 1303 1288 petenti
1338 1237 1467 1287 recepi
1500 1244 1537 1275 et

148 1320 184 1352 15
204 1307 305 1344 ultro
331 1304 527 1355 pollicitus
548 1318 634 1342 sum
656 1304 871 1354 scripsique
892 1304 962 1343 tibi
983 1304 1107 1343 biduo
1133 1310 1224 1341 ante
1251 1303 1451 1342 confidere
1475 1316 1538 1340 me

205 1372 312 1410 bono
351 1369 505 1420 Lepido
539 1382 624 1408 esse
663 1383 823 1407 usurum
863 1368 1146 1419 communique
1185 1367 1351 1407 consilio
1389 1367 1537 1406 bellum

205 1434 576 1475 administraturum.
637 1434 799 1473 Credidi
837 1433 1106 1484 chirographis
1145 1432 1238 1479 eius,
1272 1432 1538 1472 adfirmationi

206 1500 419 1551 praesentis
448 1500 678 1547 Laterensis,
702 1500 769 1550 qui
796 1508 879 1538 turn
903 1501 1009 1550 apud
1035 1513 1098 1538 me
1128 1507 1209 1538 erat
1232 1498 1539 1538 reconciliarem-

206 1580 283 1617 que
299 1580 362 1605 me
376 1565 529 1616 Lepido
544 1566 743 1616 fidemque
757 1566 942 1605 haberem
956 1566 1101 1604 orabat.
1162 1566 1257 1603 Non
1270 1563 1380 1603 licuit
1392 1563 1538 1603 diutius

151 1647 188 1668 20
207 1632 309 1671 bene
340 1632 390 1670 de
424 1645 472 1670 eo
506 1645 683 1682 sperare3
732 1631 827 1670 illud
860 1639 963 1670 certe
998 1630 1083 1669 cavi
1115 1638 1153 1669 et
1187 1630 1336 1669 cavebo
1370 1644 1419 1669 ne
1452 1643 1539 1669 mea

206 1697 435 1736 credulitate
455 1697 509 1735 rei
529 1711 564 1747 p.
589 1711 744 1735 summa
762 1698 925 1736 fallatur.

262 1763 366 1802 Cum
400 1764 547 1800 Isaram
582 1764 731 1802 flumen
770 1776 851 1802 uno
889 1762 953 1801 die
992 1769 1113 1812 ponte
1145 1762 1286 1800 effecto
1325 1759 1536 1800 exercitum
1558 1772 1581 1799 2

209 1827 465 1866 traduxissem
486 1842 557 1878 pro
578 1828 848 1879 magnitudine
867 1828 922 1867 rei
943 1827 1181 1866 celeritatem
1201 1826 1407 1873 adhibens,
1431 1827 1538 1876 quod

209 1891 372 1944 petierat
397 1906 464 1942 per
488 1892 634 1932 litteras
660 1893 744 1943 ipse
773 1902 815 1932 ut
842 1901 1077 1932 maturarem
1098 1892 1240 1939 venire,
1264 1900 1419 1942 praesto
1444 1891 1539 1929 mihi

153 1972 190 2003 25
211 1957 282 1995 fuit
303 1965 424 1996 stator
444 1957 527 1996 eius
550 1972 640 1997 cum
662 1958 808 2005 litteris,
827 1959 970 2010 quibus
992 1973 1041 1998 ne
1062 1958 1236 1996 venirem
1258 1957 1540 2004 denuntiabat3

211 2036 252 2061 se
272 2036 387 2073 posse
409 2037 476 2073 per
497 2037 538 2062 se
568 2025 762 2063 conficere
786 2024 988 2075 negotium
1006 2039 1015 2071 ς
1056 2024 1204 2063 interea
1228 2024 1279 2062 ad
1308 2025 1456 2061 Isaram
1481 2037 1540 2060 ex<

211 2096 438 2138 spectarem.
513 2088 707 2128 Indicabo
747 2089 993 2129 temerarium
1034 2103 1167 2128 meum
1202 2088 1411 2128 consilium
1446 2087 1540 2126 tibi:

211 2152 347 2192 Nihilo
375 2152 505 2192 minus
530 2153 584 2193 ire
614 2155 814 2194 decreram
843 2155 1068 2194 existimans
1094 2169 1185 2194 eum
1216 2154 1367 2194 socium
1397 2152 1541 2204 gloriae

209 2218 339 2257 vitare.
400 2219 593 2260 Putabam
624 2233 740 2270 posse
779 2234 841 2259 me
875 2235 948 2260 nec
979 2223 1029 2260 de
1059 2223 1177 2261 laude
1211 2220 1330 2259 ieiuni
1370 2218 1541 2257 hominis

155 2296 192 2326 30
211 2283 383 2322 delibare
405 2283 617 2334 quicquam
638 2293 676 2323 et
701 2286 861 2324 subesse
888 2293 1019 2325 tamen
1044 2286 1275 2337 propinquis
1302 2283 1409 2331 locis,
1433 2291 1486 2330 ut,
1509 2282 1539 2320 si

211 2347 345 2387 durius
388 2348 536 2399 aliquid
575 2358 687 2396 esset,
729 2363 950 2390 succurrere
994 2351 1169 2390 celeriter
1207 2363 1376 2401 possem.
1455 2350 1539 2399 Ego
1559 2361 1583 2398 3

213 2426 292 2452 non
314 2414 438 2452 malus
455 2415 575 2453 homo
597 2416 672 2454 hoc
693 2415 929 2467 suspicabar.
990 2418 1044 2454 At
1065 2415 1297 2463 Laterensis,
1313 2414 1369 2453 vir
1383 2413 1540 2453 sanctis-
