1791 2796
0 1817 2 1858 l

0 1859 2 1903 l

128 635 145 665 5

110 992 147 1014 10

112 1316 148 1348 ¹5

111 1643 151 1665 20

112 1962 149 1993 25

526 152 638 189 EPP.
670 152 748 189 AD
780 151 1126 188 FAMILIARES
1440 152 1486 188 V.
1505 150 1551 186 ix

164 272 265 303 terra
302 264 477 314 marique
510 270 552 301 ut
591 262 894 313 conquireretur,
929 262 1207 312 praemandavi
1246 270 1284 301 ct
1317 264 1494 313 profecto

165 330 235 368 tibi
264 330 373 368 illum
400 329 599 379 reperiam,
623 328 697 366 nisi
727 328 758 365 si
786 328 825 365 in
848 327 1086 366 Dalmatiam
1116 327 1316 378 aufugerit,
1340 335 1377 366 et
1402 326 1495 366 inde

166 403 298 434 tamen
327 395 540 445 aliquando
569 407 713 432 eruam.
773 395 835 431 Tu
857 406 929 432 nos
950 394 1009 432 fac
1036 405 1154 432 ames,
1214 394 1323 431 Vale.
1382 395 1429 431 A.
1453 394 1490 432 d.

169 472 190 497 v
213 461 271 499 Id.
295 460 482 510 Quintilis
502 473 549 498 ex
569 458 703 497 castris
725 459 894 497 Narona.

209 623 286 659 Xa
477 625 546 658 Ser.
581 625 738 656 Naronae
768 635 812 656 m.
847 623 921 655 Ian.
958 634 987 655 a.
1019 634 1077 663 710
1105 625 1192 666 (44).

503 703 723 734 VATINIVS
748 702 975 734 CICERONI
1003 702 1091 733 SVO
1118 702 1152 733 S.

219 782 255 820 S.
287 783 333 820 V.
368 784 410 820 B.
446 783 488 819 E.
524 783 566 819 E.
601 782 648 830 Q.
681 783 728 819 V.
788 783 850 819 De
890 780 1082 830 Dionysio
1120 787 1190 819 tuo
1227 781 1357 820 adhuc
1396 779 1493 818 nihil
1514 787 1530 814 1

165 846 321 893 extrico,
357 854 394 885 et
428 861 476 885 eo
510 847 650 892 minus,
684 847 791 896 quod
824 859 888 884 me
918 845 1036 896 frigus
1070 845 1347 891 Dalmaticum,
1385 847 1493 896 quod

166 911 272 950 illinc
291 911 414 958 eiecit,
437 912 554 950 etiam
575 911 638 950 hic
663 910 921 961 refrigeravit3
950 912 1019 950 sed
1040 918 1172 949 tamen
1193 924 1273 949 non
1295 911 1492 957 desistam,

166 976 262 1026 quin
292 976 401 1014 illum
431 976 645 1026 aliquando
674 989 818 1014 eruam.
878 976 956 1014 Sed
989 983 1120 1014 tamen
1152 976 1285 1014 omnia
1315 976 1368 1013 mi
1397 977 1495 1014 dura

168 1041 343 1091 imperas.
405 1042 466 1079 De
488 1040 631 1080 Catilio
655 1040 789 1079 nescio
816 1040 912 1091 quid
936 1041 986 1079 ad
1014 1054 1077 1079 me
1104 1041 1289 1091 scripsisti
1314 1042 1495 1092 depreca-

166 1105 284 1144 tionis
304 1105 634 1156 diligentissimae.
694 1107 829 1155 Apage
853 1114 891 1144 te
920 1119 1010 1144 cum
1038 1114 1172 1145 nostro
1200 1108 1283 1145 Sex.
1308 1106 1495 1154 Servilio;

168 1183 259 1208 nam
280 1183 342 1208 me
363 1171 520 1208 hercule
547 1183 620 1219 ego
646 1182 805 1220 quoque
825 1169 934 1208 illum
955 1184 1046 1209 amo
1061 1185 1072 1218 3
1105 1173 1175 1209 sed
1196 1171 1358 1209 huiusce
1386 1172 1495 1210 modi

169 1248 238 1274 vos
268 1235 429 1281 clientis,
457 1235 571 1273 huius
602 1235 709 1274 modi
740 1248 876 1273 causas
906 1235 1104 1286 recipitis?
1141 1236 1344 1275 hominem
1370 1250 1493 1275 unum

169 1301 344 1339 omnium
384 1300 708 1346 crudelissimum,
744 1302 810 1350 qui
843 1308 899 1339 tot
937 1301 1138 1351 ingenuos
1172 1302 1492 1349 matresfamilias,

168 1367 261 1405 civis
284 1368 487 1405 Romanos
516 1366 671 1410 occidit,
694 1365 872 1416 abripuit,
895 1367 1138 1418 disperdidit,
1168 1368 1345 1418 regiones
1374 1376 1496 1406 vasta-

168 1433 253 1470 vit?
308 1432 463 1477 Simius,
492 1445 571 1470 non
598 1431 768 1470 semissis
797 1433 927 1478 homo,
951 1440 1087 1471 contra
1113 1446 1176 1472 me
1202 1447 1309 1472 arma
1336 1433 1434 1481 tulit,
1458 1441 1495 1472 et

168 1511 258 1537 eum
288 1498 393 1537 bello
422 1498 518 1548 cepi.
578 1499 655 1536 Sed
685 1506 828 1543 tamen,
859 1498 912 1536 mi
944 1498 1093 1545 Cicero,
1126 1499 1223 1549 quid
1252 1501 1378 1538 facere
1409 1513 1495 1550 pos·
1516 1511 1539 1538 2

168 1565 284 1602 sum?
326 1563 472 1603 Omnia
491 1576 554 1602 me
570 1564 727 1602 hercule
748 1563 875 1614 cupio,
894 1577 994 1614 quac
1011 1572 1051 1602 tu
1069 1564 1121 1602 mi
1138 1564 1315 1615 imperas.
1361 1567 1495 1604 Meam

168 1628 548 1684 animadversionem
578 1636 615 1667 et
641 1629 887 1679 supplicium,
911 1642 990 1679 quo
1020 1643 1159 1668 usurus
1188 1643 1293 1668 eram
1322 1630 1361 1668 in
1388 1643 1491 1677 eum,

168 1706 287 1744 quem
307 1694 509 1744 cepissem,
532 1692 688 1733 remitto
712 1694 782 1733 tibi
809 1702 847 1732 et
876 1696 1062 1733 condono
1080 1709 1089 1742 ;
1127 1695 1224 1744 quid
1244 1695 1318 1733 illis
1339 1709 1495 1746 respon-

168 1760 261 1797 dere
294 1772 467 1809 possum,
498 1759 564 1808 qui
593 1759 636 1795 oh
665 1772 734 1796 sua
768 1759 873 1797 bona
907 1759 1067 1809 direpta,
1100 1759 1209 1797 navis
1243 1768 1493 1810 expugnatas,

169 1824 312 1869 fratres,
346 1823 500 1869 liber-os,
535 1823 705 1873 parentis
735 1823 886 1861 occisos
915 1824 1090 1862 actiones
1120 1826 1400 1874 expostulant?
1457 1826 1495 1864 Si

170 1901 233 1926 me
250 1889 425 1926 hercules
441 1888 545 1938 Appi
566 1901 609 1925 os
630 1888 826 1933 haberem,
846 1887 884 1925 in
905 1889 1016 1926 cuius
1036 1890 1167 1927 locum
1190 1890 1374 1928 suffectus
1395 1903 1493 1936 sum,

170 1961 301 1991 tamen
323 1954 397 1991 hoc
419 1953 607 1991 sustinere
627 1966 706 1991 non
727 1966 894 2003 possem.
955 1954 1062 2002 Quid
1084 1967 1175 2004 ergo
1195 1955 1285 1992 est?
1338 1954 1495 1992 Faciam

170 2017 303 2055 omnia
323 2019 471 2064 sedulo,
491 2031 591 2067 quae
611 2025 649 2055 te
669 2017 788 2055 sciam
809 2019 919 2055 velle.
970 2018 1204 2057 Defenditur
1224 2032 1246 2056 a
1263 2019 1497 2067 Q.Volusio‚

170 2090 238 2121 tuo
262 2082 465 2133 discipulo,
489 2081 519 2120 si
550 2083 647 2121 forte
675 2096 721 2121 ea
743 2096 802 2121 res
831 2082 972 2134 poterit
1000 2083 1241 2122 adversarios
1268 2085 1427 2133 fugare3
1456 2085 1495 2122 in

170 2160 218 2186 eo
238 2148 406 2186 maxima
426 2161 514 2198 spes
535 2156 602 2186 est.
663 2149 757 2193 Nos,
781 2150 810 2186 si
835 2148 931 2198 quid
957 2148 1028 2187 erit
1054 2148 1139 2187 istic
1160 2162 1269 2198 opuS,
1293 2150 1492 2188 defendes
1516 2157 1540 2193 3

214 2262 233 2281 2
259 2250 461 2281 Dalmatiam
490 2250 536 2282 G:
571 2250 652 2280 alm·
678 2251 732 2282 R:
766 2250 880 2281 Delm-
902 2249 950 2284 M.
971 2255 1107 2291 utraque
1122 2253 1242 2292 forma
1266 2253 1436 2293 invenitur,
1456 2255 1493 2293 cs.

172 2293 206 2325 C.
222 2293 248 2325 I.
270 2294 308 2325 L.
330 2295 372 2324 lii.
392 2305 422 2334 p.
441 2294 504 2324 280
642 2304 680 2332 15
704 2294 972 2325 matresfamilias
989 2295 1049 2325 M:
1074 2296 1214 2335 patresf-
1233 2295 1262 2325 G
1385 2297 1423 2326 16
1446 2302 1496 2327 tot

172 2338 328 2376 regiones
351 2336 469 2368 Lamb.
618 2339 656 2368 18
679 2337 783 2378 bello]
807 2337 872 2368 Hic
892 2338 1002 2379 incipi?
1014 2339 1141 2378 folium
1164 2338 1420 2379 Hamhurgense
1445 2339 1493 2381 (I)

170 2391 211 2410 92
235 2381 278 2410 ob
293 2380 367 2412 add.
387 2381 518 2411 Krause
605 2391 646 2421 23
662 2381 829 2423 actiones]
847 2393 865 2412 a
883 2382 1004 2412 Catilio
1021 2383 1098 2413 com'.
1121 2382 1223 2415 Orelli
1307 2393 1347 2420 24
1365 2383 1493 2413 meher-

171 2416 263 2454 cules
283 2423 345 2454 GR
359 2434 366 2454 ε
390 2423 584 2455 mehercule
601 2424 636 2457 I:
663 2424 830 2455 mer-cules
846 2423 888 2454 M
