1791 2796
156 138 204 176 V.
223 138 285 175 vii
601 137 656 175 M.
689 136 858 174 TVLLI
891 135 1200 175 CICERONIS

201 615 217 643 1

193 1210 217 1237 2

191 2117 215 2153 3

234 247 413 286 Laelium
449 247 561 286 facile
591 255 629 286 et
663 247 702 286 in
736 261 776 286 re
807 261 842 298 p.
879 255 917 287 et
951 247 991 286 in
1021 247 1193 286 amicitia
1222 246 1454 287 adiunctum
1484 260 1569 287 esse

234 320 390 363 patiare.

278 446 395 484 VIII
598 450 668 482 Ser.
691 451 819 482 Romae
837 462 880 482 m.
902 450 974 482 Ian.
996 461 1026 482 a.
1050 461 1108 491 70⁰
1126 450 1210 491 (54).

460 529 504 561 M.
533 529 709 561 CICERO
736 530 780 561 M.
810 529 988 561 LICINIO
1015 530 1050 561 P.
1081 530 1114 561 F.
1144 528 1340 561 CRASSO.

293 607 497 654 Quantum
519 608 593 646 †ad
615 621 747 646 meum
768 607 943 646 studium
971 607 1156 646 exstiterit
1180 606 1380 657 dignitatis
1401 614 1489 646 tuae
1509 608 1569 646 vel

239 673 410 711 tuendae
430 674 489 711 vel
520 672 637 711 etiam
665 674 881 724 augendae,
904 687 984 712 non
1013 673 1153 712 dubito
1174 673 1270 723 quin
1295 674 1346 712 ad
1373 681 1410 712 te
1432 687 1570 712 omnes

238 737 292 776 tui
314 738 561 789 scripserint3
596 753 675 778 non
706 740 811 778 enim
842 739 913 778 fuit
942 748 1009 778 aut
1036 739 1234 779 mediocre
1261 747 1328 778 aut
1357 740 1569 778 obscurum

236 810 303 841 aut
323 803 407 842 eius
428 804 547 852 modi,
567 806 676 855 quod
697 804 852 844 silentio
873 813 1005 855 posset
1026 804 1233 855 praeteriri.
1294 806 1399 844 Nam
1420 812 1458 843 et
1478 818 1569 843 cum

237 869 466 908 consulibus
501 878 539 908 et
573 884 664 908 cum
697 870 828 908 multis
867 870 1138 909 consularibus
1173 878 1280 909 tanta
1314 869 1569 909 contentione

236 935 432 974 decertavi
459 944 607 986 quanta
631 950 848 987 numquam
875 945 992 975 antea
1017 938 1096 975 ulla
1123 936 1161 974 in
1189 950 1306 975 causa
1335 935 1569 986 suscepique

237 1001 333 1040 mihi
367 1010 595 1053 perpetuam
627 1002 982 1054 propugnationem
1012 1017 1082 1053 pro
1114 1002 1299 1041 omnibus
1329 1001 1569 1041 ornamentis

237 1067 312 1106 tuis
342 1068 541 1119 veterique
571 1077 726 1108 nostrae
756 1068 1036 1108 necessitudini
1068 1068 1144 1107 iam
1175 1068 1243 1107 diu
1277 1067 1467 1115 debitum,
1500 1068 1569 1107 sed

237 1134 360 1171 multa
394 1133 577 1172 varietate
612 1142 834 1185 temporum
873 1134 1131 1184 interruptum
1166 1133 1337 1172 officium
1373 1134 1569 1171 cumulate

237 1198 401 1238 reddidi.
463 1201 604 1250 Neque
635 1201 857 1239 mehercule
887 1214 1075 1251 umquam
1107 1200 1203 1237 mihi
1232 1199 1286 1238 tui
1316 1207 1383 1237 aut
1412 1197 1569 1237 colendi

236 1271 302 1302 aut
323 1265 487 1304 ornandi
510 1267 690 1304 voluntas
711 1266 834 1305 defuit
850 1281 859 1314 3
896 1267 966 1305 sed
993 1267 1188 1317 quaedam
1213 1273 1341 1316 pestes
1362 1264 1568 1303 hominum

237 1330 353 1368 laude
373 1330 501 1369 aliena
521 1331 740 1370 dolentium
762 1339 800 1370 et
822 1340 859 1370 te
879 1345 960 1370 non
982 1345 1198 1381 numquam
1226 1345 1249 1368 a
1270 1344 1332 1369 me
1352 1329 1570 1368 alienarunt

236 1402 275 1434 et
296 1409 358 1434 me
378 1396 593 1446 aliquando
607 1397 863 1435 immutarunt
884 1397 965 1436 tibi.
1024 1398 1102 1436 Sed
1124 1396 1268 1435 exstitit
1289 1404 1443 1447 tempus
1464 1403 1570 1445 opta-

237 1467 320 1499 tum
349 1461 444 1499 mihi
472 1462 595 1512 magis
616 1477 734 1512 quam
755 1471 964 1514 speratum,
987 1470 1029 1501 ut
1050 1461 1332 1501 florentissimis
1354 1461 1429 1500 tuis
1453 1462 1569 1500 rebus

239 1539 326 1564 mea
354 1526 521 1577 perspici
552 1535 684 1577 posset
714 1535 752 1566 et
782 1527 970 1566 memoria
1000 1535 1154 1566 nostrae
1176 1527 1386 1565 voluntatis
1413 1535 1451 1565 et
1477 1526 1569 1565 ami-

236 1590 349 1629 citiae
373 1593 469 1630 tides
490 1607 497 1638 3
528 1606 615 1630 sum
637 1592 742 1631 enim
763 1600 1009 1639 consecutus,
1033 1606 1113 1631 non
1137 1593 1257 1631 modo
1278 1600 1319 1629 ut
1339 1593 1481 1630 domus
1503 1600 1569 1630 tua

238 1664 329 1702 tota,
366 1659 435 1696 sed
466 1666 508 1696 ut
537 1666 680 1697 cuncta
709 1658 844 1697 civitas
879 1649 941 1696 me
981 1658 1050 1696 tibi
1081 1657 1362 1696 amicissimum
1393 1671 1478 1696 esse
1508 1672 1569 1696 co-

236 1732 451 1772 gnosceret.
514 1726 654 1774 Itaque
683 1732 721 1763 et
750 1724 1083 1775 praestantissima
1112 1723 1289 1763 omnium
1322 1723 1565 1770 feminarum,

238 1801 333 1826 uxor
363 1796 438 1835 tua,
471 1797 509 1827 et
539 1789 680 1828 eximia
709 1789 863 1840 pietate,
893 1789 1043 1835 virtute,
1075 1789 1196 1839 gratia
1226 1788 1281 1826 tui
1311 1787 1441 1827 Crassi
1471 1788 1568 1827 meis

236 1853 422 1899 consiliis,
445 1854 614 1901 monitis,
632 1854 784 1893 studiis
808 1854 1109 1904 actionibusque
1137 1853 1322 1899 nituntur,
1346 1861 1383 1891 et
1410 1860 1568 1891 senatus

1593 951 1630 973 10

1592 1276 1630 1309 15

1591 1605 1630 1626 20

236 1919 484 1967 populusque
516 1920 562 1956 R.
598 1919 785 1969 intellegit
813 1919 882 1957 tibi
910 1918 1075 1957 absenti·
1094 1915 1191 1956 nihil
1218 1931 1303 1956 esse
1335 1925 1413 1955 tam
1441 1930 1567 1967 prom-
1589 1931 1626 1962 25

236 1989 346 2031 ptum
372 1991 437 2020 aut
463 1990 541 2020 tam
570 1991 746 2033 paratum
769 1997 886 2033 quam
913 1983 951 2021 in
973 1983 1158 2021 omnibus
1180 1983 1305 2029 rebus,
1329 1996 1429 2032 quae
1452 1983 1502 2021 ad
1531 1990 1567 2020 te

236 2046 464 2096 pertineant,
489 2062 659 2098 operam,
683 2062 827 2095 curam,
850 2048 1103 2098 diligentiam,
1126 2047 1397 2087 auctoritatem
1426 2061 1564 2086 meam.

292 2113 405 2160 Quae
435 2112 511 2151 sint
540 2123 628 2151 acta
657 2128 837 2164 quaeque
870 2122 1044 2164 agantur,
1073 2113 1380 2152 domesticorum
1411 2112 1480 2151 tibi
1511 2112 1567 2151 lit-

237 2176 326 2215 teris
347 2178 533 2216 declarari
555 2187 659 2228 puto.
716 2181 776 2217 De
798 2192 860 2217 me
875 2179 935 2217 sic
957 2178 1153 2217 existimes
1173 2192 1219 2216 ac
1240 2177 1309 2216 tibi
1331 2178 1566 2228 persuadeas

234 2243 487 2283 vehementer
516 2244 644 2291 velim,
677 2258 756 2283 non
787 2258 850 2283 mc
879 2244 1083 2295 repentina
1110 2243 1241 2293 aliqua
1270 2244 1469 2281 voluntate
1499 2251 1565 2281 aut

236 2308 395 2347 fortuito
418 2310 468 2348 ad
496 2316 602 2347 tuam
630 2309 931 2360 amplitudinem
962 2308 1059 2347 meis
1088 2307 1224 2347 officiis
1247 2308 1564 2358 amplectendam

442 2426 461 2455 5
486 2416 578 2447 aa...
601 2400 718 2446 K10'122
745 2426 808 2446 om.
831 2402 959 2446 Ba'uer:
989 2414 1035 2445 ld.
1058 2414 1108 2455 (ς
1128 2413 1258 2453 idibus)
1278 2413 1361 2444 Ellss

1587 2253 1626 2283 30
