1791 2796
544 151 655 188 EPP.
690 151 767 187 AD
799 150 1145 188 FAMILIARES
1461 151 1555 188 VII.
1581 151 1626 188 xi

228 274 293 310 XI
422 277 582 317 Scinsorl.
600 277 634 308 2⁴11
657 276 841 308 Tusculano
853 276 894 318 (2)
916 287 960 308 m.
978 276 1051 308 Ian.
1071 287 1101 308 a.
1120 287 1176 317 701
1194 278 1274 319 (Β),

622 354 799 386 CICERO
823 354 1076 387 TREBATIO.

240 432 325 471 Nisi
354 439 445 471 ante
475 434 605 471 Roma
639 434 836 483 profectus
868 446 986 480 esseS,
1015 446 1120 471 nunc
1151 446 1238 472 eam
1273 441 1377 473 certe
1408 434 1520 473 relin-
1539 442 1556 470 1

185 511 324 548 queres
341 512 351 546 3
390 498 476 548 quis
498 497 602 536 enim
624 506 681 537 tot
702 498 931 548 interregnis
949 498 1030 537 iure
1046 500 1270 537 consultum
1291 499 1520 538 desiderat?

147 564 273 613 5Ego
311 563 509 611 omnibus,
548 563 655 602 unde
693 563 850 614 petitur,
889 564 965 601 hoc
1011 563 1149 602 consili
1188 564 1379 613 dederim,
1419 573 1461 604 ut
1498 578 1521 604 a

186 628 346 679 singulis
367 628 623 679 interregibus
653 629 766 667 binas
795 629 1076 668 advocationes
1097 631 1307 679 postulent.
1367 630 1521 669 Satisne

186 694 257 732 tibi
278 694 413 732 videor
432 695 503 732 abs
524 702 561 733 te
588 694 647 733 ius
675 694 787 733 civile
817 694 1034 733 didicisse?
1090 696 1168 734 Sed
1195 697 1292 736 heus
1317 700 1382 734 tu!
1424 695 1520 746 quid
1539 704 1563 732 2

186 760 297 809 agis?
337 759 480 810 ecquid
515 761 589 799 fit?
627 759 742 799 video
777 759 882 798 enim
921 767 960 798 te
998 759 1075 798 iam
1110 760 1227 799 iocari
1261 774 1329 811 per
1362 761 1519 800 litteras.

189 826 302 863 Haec
337 825 446 875 signa
480 824 640 863 meliora
671 832 763 863 sunt
792 838 910 874 quarn
950 824 990 863 in
1025 838 1114 863 meo
1145 827 1383 864 Tusculano.
1443 828 1522 865 Sed

131 904 169 926 10
188 890 283 940 quid
310 890 358 928 sit
384 890 481 928 scire
505 890 633 940 cupio.
694 890 859 929 Consuli
883 889 1046 940 quidem
1073 898 1111 929 te
1131 903 1153 928 a
1174 892 1341 930 Caesare
1363 891 1524 939 scribis3

188 956 257 993 sed
287 968 359 1005 ego
389 954 459 993 tibi
488 955 538 993 ab
567 955 635 993 illo
664 954 818 993 consuli
847 956 1015 993 mallem.
1076 956 1197 1004 Quod
1228 956 1258 993 si
1287 964 1353 994 aut
1384 958 1425 995 fit
1456 964 1522 995 aut

189 1022 361 1059 futurum
382 1028 509 1070 putaS,
529 1021 655 1071 perfer
675 1019 789 1058 istam
810 1019 988 1058 militiam
1015 1027 1053 1058 et
1077 1033 1263 1071 permane
1281 1036 1291 1068 ,·
1324 1035 1397 1072 ego
1417 1021 1522 1061 enim

190 1085 429 1124 desiderium
459 1084 515 1124 tui
544 1099 613 1136 spe
642 1092 799 1124 tuorum
829 1086 1132 1124 commodorum
1162 1087 1425 1134 consolabor3
1463 1087 1523 1125 sin

191 1158 323 1189 autem
352 1150 426 1189 ista
455 1157 545 1189 sunt
574 1150 765 1199 inaniora,
784 1150 913 1201 recipe
943 1158 981 1189 te
1009 1152 1061 1189 ad
1089 1164 1171 1189 nos.
1232 1153 1336 1190 Nam
1363 1160 1430 1190 aut
1454 1152 1524 1191 erit

134 1227 171 1260 15
193 1215 257 1253 hic
277 1215 427 1265 aliquid
450 1215 666 1266 aliquando
693 1222 774 1263 aut,
801 1215 832 1253 si
859 1214 1003 1263 minus,
1024 1229 1101 1254 una
1126 1229 1188 1254 me
1210 1217 1367 1255 hercule
1394 1218 1526 1256 conlo—

192 1280 298 1319 cutio
324 1288 456 1319 nostra
482 1280 603 1331 pluris
632 1279 703 1318 erit
732 1293 852 1330 quam
881 1294 1020 1319 omnes
1041 1281 1345 1320 Samarobrivae.
1407 1282 1526 1321 Deni-

192 1359 283 1396 que,
303 1345 334 1384 si
354 1345 433 1384 cito
454 1353 492 1384 te
512 1345 717 1394 rettuleris,
737 1358 866 1385 sermo
886 1347 1017 1384 nullus
1037 1345 1107 1384 erit
1122 1361 1132 1393 3
1170 1346 1200 1384 si
1221 1346 1367 1385 diutius
1388 1348 1527 1385 frustra

192 1411 343 1459 afueris,
376 1424 457 1450 non
491 1412 614 1450 modo
643 1411 855 1450 Laberium
890 1412 960 1450 sed
994 1411 1112 1450 etiam
1142 1413 1318 1450 sodalem
1349 1420 1526 1451 nostrum

192 1476 393 1515 Valerium
431 1476 694 1528 pertimesco3
740 1476 838 1515 mira
875 1476 980 1515 enim
1019 1490 1186 1527 persona
1224 1477 1359 1516 induci
1397 1484 1527 1528 potest

137 1555 176 1577 20
195 1541 409 1581 Britannici
438 1542 521 1581 iure
545 1541 724 1581 consulti.
786 1543 899 1580 Haec
929 1555 1002 1592 ego
1028 1555 1109 1580 non
1136 1542 1255 1589 rideo,
1280 1542 1458 1593 quamvis
1486 1550 1526 1581 tu
1546 1552 1571 1590 3

194 1607 331 1655 rideas,
347 1609 417 1646 sed
437 1609 487 1647 de
507 1621 547 1646 re
567 1606 810 1647 severissima
830 1615 974 1655 tecum,
990 1614 1032 1645 ut
1053 1608 1174 1655 soleo,
1190 1607 1306 1647 iocor.
1355 1609 1528 1646 Remoto

195 1672 283 1711 ioco
312 1672 382 1711 tibi
412 1674 487 1711 hoc
517 1672 756 1711 amicissimo
784 1672 918 1711 animo
947 1672 1158 1723 praecipio,
1182 1680 1238 1720 ut,
1265 1672 1295 1710 si
1326 1672 1412 1711 istic
1442 1686 1529 1711 mea

196 1738 542 1777 commendatione
572 1746 679 1777 tuam
709 1737 940 1788 dignitatem
970 1737 1178 1784 obtinebis,
1210 1739 1378 1787 perferas
1407 1737 1528 1776 nostri

198 1803 448 1857 desiderium,
470 1805 718 1841 honestatem
745 1810 783 1841 et
812 1803 1014 1841 facultates
1035 1809 1120 1840 tuas
1141 1815 1294 1851 augeaS,
1318 1802 1375 1840 sin
1396 1809 1529 1841 autem

139 1881 177 1912 25
200 1868 272 1906 ista
295 1868 501 1917 frigebunt,
524 1867 687 1918 recipias
714 1876 752 1906 te
779 1869 829 1906 ad
859 1880 942 1905 nos.
1003 1867 1149 1906 Omnia
1177 1875 1309 1905 tamen
1341 1880 1442 1917 quae
1472 1867 1530 1906 vis

199 1942 236 1972 et
274 1941 341 1972 tua
374 1933 513 1972 virtute
551 1934 728 1984 profecto
766 1940 803 1971 et
843 1940 976 1971 nostro
1015 1945 1171 1971 summo
1204 1945 1294 1983 erga
1327 1940 1365 1971 te
1399 1932 1530 1971 studio

199 2011 449 2049 consequere.

243 2136 334 2171 XII
557 2137 626 2171 Ser.
643 2138 772 2170 Romae
788 2147 831 2170 m.
851 2136 942 2168 Febr.
961 2146 990 2167 α.
1010 2147 1068 2176 701
1087 2136 1164 2178 (Β).

637 2215 812 2247 CICERO
835 2214 1087 2246 TREBATIO.

146 2313 185 2343 30
259 2295 430 2334 Mirabar
461 2295 557 2345 quid
588 2302 699 2341 esset,
727 2294 835 2344 quod
865 2301 906 2332 tu
936 2292 1033 2331 mihi
1062 2292 1206 2331 litteras
1236 2291 1389 2330 mittere
1418 2291 1530 2329 inter·
1550 2303 1566 2329 1

204 2360 399 2398 misisses:
439 2359 625 2398 indicavit
663 2358 759 2397 mihi
792 2360 918 2397 Pansa
952 2371 1062 2396 meus
1095 2358 1332 2407 Epicureum
1371 2365 1409 2395 te
1446 2369 1531 2394 esse

204 2426 359 2463 factum.
418 2426 455 2464 O
476 2433 599 2464 castra
619 2426 837 2476 praeclara!
896 2424 1004 2473 Quid
1026 2431 1067 2462 tu
1088 2423 1258 2472 fecisses,
1278 2423 1310 2461 si
1330 2430 1368 2461 te
1388 2423 1531 2461 Taren-

248 2500 309 2521 C1c.
329 2500 377 2520 AD
394 2499 474 2522 FAM.
1405 2487 1444 2517 13
