1791 2796
575 161 687 198 EPP.
719 161 798 198 AD
830 159 1176 197 FAMILIARES
1485 157 1556 196 VI.
1579 158 1625 194 xl

1105 239 1144 266 «ιε

269 273 482 319 Vestorius,
506 279 638 312 noster
662 270 869 318 familiaris,
894 272 944 310 ad
975 284 1037 308 me
1067 269 1219 320 scripsit
1249 277 1286 308 te
1312 268 1407 308 mihi
1431 267 1547 307 maxi-

215 352 299 377 mas
325 338 464 389 gratias
491 351 613 388 agere.
674 338 788 376 Haec
818 335 1057 387 praedicatio
1087 343 1154 373 tua
1183 334 1279 373 mihi
1299 335 1413 374 valde
1441 342 1549 385 grata

215 412 274 443 est
293 418 418 454 eaque
438 411 476 443 te
496 403 552 442 uti
573 402 685 441 facile
705 402 831 453 patior
846 415 936 440 cum
957 402 1063 452 apud
1083 401 1180 440 alios
1201 408 1284 439 tum
1306 414 1369 439 me
1390 401 1547 438 hercule

213 470 320 520 apud
351 468 540 515 Sironem,
567 476 744 507 nostrum
774 467 957 505 amicum.
1019 468 1132 515 Quae
1163 465 1268 504 enim
1298 464 1472 512 facimus,
1502 479 1548 503 ea

176 549 192 580 5
214 534 520 586 prudentissimo
555 533 697 583 cuique
730 532 897 571 maxime
927 532 1093 583 probata
1123 544 1208 570 esse
1237 532 1429 570 volumus.
1489 531 1548 568 Te

214 599 331 651 cupio
351 599 483 639 videre
504 613 622 650 quam
644 598 824 649 primum.

256 748 347 784 XII
531 752 602 784 Ser.
625 752 752 782 Romae
768 762 813 782 ex.
837 762 879 782 ιιι.
901 750 986 782 Nov.
1007 761 1037 782 a.
1061 752 1121 790 708
1138 750 1228 792 (46).

657 829 832 860 CICERO
858 828 1007 860 AMPIO
1032 828 1067 859 S.
1098 829 1133 859 P.

267 908 449 947 Gratulor
479 906 559 954 tibi,
594 907 647 946 mi
678 908 811 954 Balbe,
843 920 1012 957 vereque
1046 907 1216 956 gratulor
1244 919 1318 945 nec
1348 919 1433 944 sum
1465 913 1544 944 tam

155 989 193 1011 10
212 973 352 1010 stultus
395 980 438 1010 ut
471 980 514 1011 >te
552 985 669 1011 usura
701 971 786 1010 falsi
820 971 938 1022 gaudi
973 971 1046 1010 frui
1078 971 1208 1018 velim,
1243 970 1389 1010 deinde
1423 970 1545 1021 frangi

211 1045 370 1087 repente
408 1045 526 1087 atque
558 1037 610 1076 ita
644 1038 784 1077 cadere
818 1045 860 1076 ut
899 1039 1005 1076 nulla
1043 1051 1102 1076 res
1142 1044 1179 1075 te
1217 1038 1268 1075 ad
1307 1036 1545 1087 aequitatem

210 1101 331 1140 animi
361 1102 483 1152 possit
514 1110 651 1153 postea
680 1103 874 1142 extollere„
937 1102 1010 1153 Egi
1046 1110 1153 1141 tuam
1188 1115 1348 1141 causam
1375 1102 1545 1153 apertius

211 1180 329 1217 quarn
352 1180 439 1206 mea
459 1175 636 1218 tempora
656 1168 843 1206 ferebant.
894 1170 930 1204 V
933 1167 1137 1207 incebatur
1158 1167 1264 1207 enim
1286 1169 1442 1207 fortuna
1462 1167 1546 1219 ipsa

210 1232 437 1271 debilitatae
457 1233 600 1283 gratiae
621 1241 777 1272 nostrae
804 1233 859 1272 tui
887 1233 1045 1272 caritate
1072 1242 1110 1272 et
1135 1248 1225 1273 meo
1245 1242 1436 1284 perpetuo
1457 1248 1546 1284 erga

151 1315 188 1346 15
211 1306 248 1337 te
277 1312 409 1337 amore
439 1300 545 1338 culto
574 1313 597 1337 a
627 1307 663 1337 te
692 1298 999 1350 diligentissime.
1059 1299 1206 1339 Omnia
1235 1299 1426 1350 promissa
1455 1313 1545 1339 con-

211 1365 361 1403 firmata
391 1372 495 1403 certa
521 1372 559 1403 et
589 1373 670 1403 rata
699 1373 799 1412 sunt,
823 1378 924 1415 quae
953 1366 1003 1404 ad
1034 1365 1203 1404 reditum
1234 1373 1272 1404 et
1297 1367 1348 1405 ad
1379 1367 1543 1404 salutem

210 1437 317 1468 tuam
356 1429 578 1480 pertinent,
626 1430 716 1477 vidi,
758 1430 936 1480 cognovi,
978 1430 1144 1478 interfui.
1216 1430 1375 1470 Etenim
1414 1429 1587 1470 omnis2

210 1495 387 1535 Caesaris
422 1495 619 1534 familiaris
653 1496 744 1534 satis
779 1504 1000 1546 opportune
1035 1497 1164 1535 habeo
1198 1495 1419 1547 implicatos
1454 1510 1545 1535 con-

209 1561 418 1601 suetudine
447 1570 485 1601 et
515 1562 791 1601 benevolentia
818 1562 872 1600 sic
903 1570 954 1609 ut,
982 1576 1072 1601 cum
1102 1563 1153 1601 ab
1183 1561 1251 1601 illo
1280 1561 1541 1607 discesserint,

149 1642 189 1664 20
210 1640 272 1666 rne
302 1628 473 1666 habeant
503 1627 734 1678 proximum.
796 1630 889 1667 Hoc
917 1631 1055 1675 Pansa,
1086 1627 1250 1673 Hirtius,
1282 1629 1439 1674 Balbus,
1465 1629 1543 1678 Op-

208 1692 306 1742 pius,
347 1693 503 1739 Matius,
547 1693 772 1732 Postumius
808 1695 923 1744 plane
963 1693 1015 1732 ita
1053 1692 1201 1732 faciunt
1241 1701 1283 1731 ut
1323 1707 1386 1731 me
1425 1692 1542 1731 unice

207 1757 381 1809 diligant.
443 1760 563 1807 Quod
585 1759 615 1797 si
638 1759 732 1797 mihi
754 1773 822 1810 per
844 1772 906 1798 me
933 1758 1183 1798 efficiendum
1206 1757 1351 1804 fuisset,
1375 1771 1455 1796 non
1478 1771 1540 1796 me

207 1823 436 1873 paeniteret
460 1838 530 1874 pro
565 1824 714 1863 ratione
754 1833 975 1876 temporum
1016 1823 1069 1862 ita
1107 1837 1191 1862 esse
1226 1822 1431 1870 molitum3
1472 1824 1540 1861 sed

207 1888 303 1926 nihil
335 1898 393 1928 est
424 1903 446 1927 a
478 1903 539 1928 me
575 1889 801 1929 inservitum
833 1889 1020 1941 temporis
1051 1903 1178 1928 causa.
1250 1891 1412 1927 Veteres
1445 1888 1540 1926 mihi

149 1964 186 1997 25
207 1954 516 1993 necessitudines
555 1968 646 1993 cum
685 1954 744 1992 his
783 1955 968 1994 omnibus
1007 1954 1266 2001 intercedunt,
1304 1953 1539 2004 quibuscum

206 2032 278 2068 ego
309 2033 420 2069 agere
455 2020 504 2058 de
539 2027 576 2058 te
611 2033 689 2058 non
721 2019 879 2065 destiti3
917 2019 1135 2070 principem
1169 2027 1300 2058 tamen
1330 2018 1540 2057 habuimus

207 2085 385 2130 Pansam,
410 2083 465 2122 tui
482 2083 827 2131 studiosissimum,
850 2084 925 2123 mei
956 2084 1156 2135 cupidum,
1182 2084 1249 2135 qui
1270 2085 1413 2122 valeret
1433 2085 1539 2134 apud

204 2148 313 2187 illum
344 2163 424 2188 non
455 2148 583 2187 minus
613 2148 842 2188 auctoritate
873 2163 990 2200 quam
1020 2149 1151 2200 gratia.
1212 2148 1374 2189 Cimber
1406 2156 1537 2187 autem

203 2213 342 2252 Tillius
364 2213 459 2251 mihi
480 2215 595 2263 plane
617 2213 708 2252 satis
728 2214 828 2252 fecit.
883 2215 1028 2253 Valent
1048 2222 1180 2253 tamen
1201 2215 1307 2264 apud
1329 2215 1536 2253 Caesarem

145 2290 184 2321 30
204 2291 283 2317 non
316 2286 395 2317 tam
434 2277 666 2317 ambitiosae
701 2278 922 2328 rogationes
956 2293 1074 2330 quam
1106 2278 1347 2318 necessariae
1366 2294 1374 2326 3
1418 2292 1534 2328 quam

245 2392 263 2419 4
290 2381 447 2413 Sironem
464 2380 549 2412 codd.
573 2385 666 2412 recle:
694 2381 864 2420 Syronem
882 2385 944 2414 vett
1088 2393 1130 2422 29
1154 2381 1283 2422 tamen]
1304 2381 1392 2411 enim
1415 2380 1532 2411 Lamb.

202 2436 244 2463 30
267 2435 365 2463 quarn
384 2423 477 2464 quia]
494 2425 673 2463 quas.quia
691 2425 778 2455 Crat.
