1791 2796
589 160 700 198 EPP.
735 160 811 197 AD
843 159 1192 197 FAMILIARES
1505 160 1591 198 XV.
1611 158 1657 197 xi

223 272 405 319 debeant,
448 285 528 323 quo
567 272 696 311 minus
740 273 973 311 tantundem
1013 285 1086 322 ego
1125 285 1226 310 unus
1264 272 1434 311 debeam
1473 285 1553 310 non

223 352 410 378 recusem.
486 340 616 388 Quam
650 339 700 377 ob
735 352 816 377 rem
849 338 920 377 tibi
954 338 1070 377 velim
1111 338 1136 375 ii
1175 338 1252 376 sint
1286 338 1420 385 exitus,
1454 351 1554 388 quos

224 404 381 443 mereris
412 412 449 443 et
480 418 579 454 quos
614 406 694 443 fore
733 405 903 442 confido.
966 405 1060 453 Ego,
1094 403 1125 441 si
1156 417 1219 442 me
1249 403 1444 453 navigatio
1473 417 1553 442 non

226 469 449 516 morabitur,
480 484 581 519 quae
611 469 832 508 incurrebat
862 468 901 506 in
929 468 1034 519 ipsos
1065 468 1214 514 etesium,
1245 469 1475 519 propediem
1503 476 1552 516 te,

189 550 206 580 5
226 542 267 573 ut
288 549 412 585 spero,
436 534 590 574 videbo.

266 699 358 734 XII
489 702 558 734 Scr.
579 702 687 734 codmn
704 702 769 732 loco
786 706 815 733 cl
830 705 925 743 temp.
948 711 1010 742 quo
1026 706 1072 741 ep.
1095 700 1146 740 vii,
1166 701 1232 739 viii,
1250 701 1294 732 ix.

291 780 336 811 M.
364 779 539 811 CICERO
567 780 762 811 PROCOS.
789 779 823 811 S.
853 779 892 811 D.
924 779 960 810 L.
992 779 1173 810 PAVLLO
1199 779 1299 810 COS.
1328 779 1475 810 DESIG.

280 858 364 897 Etsi
386 859 480 896 mihi
502 872 720 909 numquam
742 858 814 896 fuit
841 857 1007 896 dubium
1033 858 1128 907 quin
1155 865 1192 896 te
1219 859 1388 908 populus
1411 859 1457 895 R.
1482 871 1552 908 pro
1571 869 1588 895 1

226 924 302 963 tuis
333 924 496 962 summis
527 924 565 962 in
596 938 677 963 rem
707 939 743 975 p.
776 924 924 962 meritis
953 932 991 962 et
1021 937 1091 973 pro
1115 923 1358 973 amplissima
1385 923 1554 961 familiae

169 1006 208 1028 10
226 989 415 1040 dignitate
443 986 598 1028 summo
620 990 752 1028 studio
773 989 925 1027 cunctis
947 988 1136 1038 suffragiis
1158 990 1362 1026 consulem
1385 990 1555 1026 facturus

224 1062 336 1101 esset,
361 1063 493 1093 tamen
518 1054 738 1093 incredibili
766 1054 911 1092 laetitia
936 1067 1022 1091 sum
1051 1055 1239 1099 adfectus,
1271 1067 1360 1091 cum
1390 1053 1428 1092 id
1457 1053 1555 1091 mihi

226 1120 450 1158 nuntiatum
485 1128 553 1166 est,
586 1134 757 1170 eumque
788 1121 979 1158 honorem
1011 1119 1081 1157 tibi
1112 1121 1208 1158 deos
1239 1121 1435 1158 fortunare
1464 1121 1555 1158 volo

224 1199 247 1224 a
269 1194 386 1235 teque
407 1199 453 1223 ex
480 1193 547 1223 tua
574 1185 846 1235 maiorumque
872 1193 1027 1223 tuorum
1059 1184 1250 1234 dignitate
1280 1184 1552 1223 administrari.

225 1253 358 1301 Atque
393 1251 542 1288 utinam
582 1264 766 1301 praesens
806 1251 915 1289 illum
965 1250 1070 1289 diem
1121 1250 1217 1287 mihi
1266 1250 1597 1300 optatissimumz

169 1330 205 1361 15
225 1316 357 1355 videre
387 1315 601 1366 potuissem
632 1330 782 1367 proque
814 1316 890 1354 tuis
920 1315 1172 1365 amplissimis
1203 1328 1292 1365 erga
1322 1329 1384 1354 me
1417 1315 1556 1354 studiis

225 1389 344 1431 atque
375 1381 576 1420 beneficiis
615 1381 686 1420 tibi
727 1395 886 1432 operam
929 1395 1057 1419 meam
1095 1381 1350 1430 studiumque
1388 1384 1556 1419 navare!

227 1447 359 1494 Quam
391 1444 487 1483 mihi
519 1447 743 1485 facultatem
778 1446 966 1496 quoniam
1000 1445 1063 1483 hic
1099 1459 1172 1484 nec
1204 1444 1387 1495 opinatus
1417 1452 1456 1483 et
1489 1445 1557 1483 im-

226 1511 403 1561 provisus
442 1512 665 1562 provinciae
705 1526 816 1550 casus
856 1511 1006 1562 eripuit,
1041 1519 1174 1549 tamen
1206 1518 1247 1548 ut
1282 1517 1319 1548 te
1353 1511 1556 1549 consulem

227 1590 308 1614 rem
344 1591 378 1626 p.
409 1591 480 1627 pro
514 1585 580 1616 tua
611 1578 801 1629 dignitate
833 1585 1032 1628 gerentem
1063 1576 1194 1614 videre
1228 1574 1386 1625 possim,
1414 1588 1557 1625 magno

170 1656 209 1678 20
228 1656 346 1692 opere
366 1657 389 1680 a
409 1650 446 1681 te
474 1650 566 1692 peto
588 1651 629 1681 ut
651 1657 810 1694 operam
833 1644 903 1680 des
928 1641 1153 1690 efficiasque
1178 1654 1226 1678 ne
1253 1639 1349 1688 quid
1374 1638 1469 1676 mihi
1491 1640 1558 1676 fiat

228 1708 389 1747 iniuriae
429 1723 527 1747 neve
566 1709 662 1759 quid
703 1708 890 1759 temporis
932 1709 983 1745 ad
1026 1720 1159 1744 meum
1198 1717 1373 1743 annuum
1414 1717 1557 1742 munus

227 1776 398 1813 accedat.
461 1777 580 1824 Quod
607 1776 637 1813 si
659 1775 806 1821 feceris,
838 1786 1002 1824 magnus
1032 1773 1082 1811 ad
1111 1780 1177 1810 tua
1203 1770 1363 1821 pristina
1384 1783 1473 1819 erga
1494 1783 1557 1809 me

227 1840 356 1878 studia
377 1843 556 1879 cumulus
577 1841 749 1879 accedet.

271 2008 387 2043 XIII
508 2010 576 2041 Ser.
598 2009 706 2040 eodem
725 2008 789 2040 loco
805 2012 833 2039 e!
850 2011 989 2047 lenzpore
1004 2016 1067 2047 quo
1083 2010 1128 2045 ej).
1150 2005 1182 2035 iv
1196 2008 1225 2035 el
1237 2015 1270 2035 x.

172 2095 209 2126 25
439 2089 482 2119 Μ,
513 2088 686 2118 CICERO
714 2087 803 2118 IMP.
833 2087 867 2118 S.
900 2087 937 2117 D.
966 2085 1003 2116 L.
1030 2083 1212 2115 PAVLLO
1238 2081 1337 2113 COS.

285 2167 458 2206 Maxime
480 2166 574 2204 mihi
596 2166 667 2204 fuit
696 2174 872 2216 optatum
900 2167 1053 2203 Romae
1084 2176 1168 2201 esse
1189 2170 1319 2199 tecum
1342 2160 1483 2197 multas
1504 2158 1557 2196 ob
1576 2166 1592 2192 1

229 2246 365 2271 causas
396 2234 464 2270 sed
495 2231 702 2282 praecipue
730 2239 771 2269 ut
799 2238 837 2269 et
867 2230 905 2267 in
936 2230 1109 2280 petendo
1137 2236 1174 2266 et
1204 2227 1242 2264 in
1268 2226 1440 2276 gerendo
1467 2237 1557 2261 con-

230 2299 356 2336 sulatu
383 2311 513 2335 meum
540 2296 610 2335 tibi
633 2296 814 2335 ¹debitum
846 2294 1019 2333 studium
1052 2293 1271 2344 perspicere
1293 2304 1437 2341 posses.
1498 2290 1556 2326 Ac

276 2414 292 2442 7
320 2412 459 2432 PRocos.
484 2401 680 2441 Ursrnhmg.
719 2402 756 2437 cf.
788 2406 855 2441 epp.
883 2410 910 2439 7.
938 2401 967 2435 8,
995 2410 1035 2439 9:
1080 2409 1152 2430 nup,
1182 2397 1284 2431 codd..
1308 2397 1365 2427 sed
1384 2397 1422 2436 cf.
1448 2396 1552 2435 ginil.

232 2457 273 2476 ρο
297 2447 490 2486 efficiasque
508 2445 630 2476 HDF:
647 2445 770 2475 efficias
789 2445 829 2474 M
916 2453 956 2482 25
983 2453 1116 2474 PAVLLO
1135 2443 1173 2472 M
1189 2442 1284 2474 index
1301 2453 1307 2472 ς
1326 2450 1437 2472 PAVLO
1453 2439 1541 2470 codd.
