1791 2796
110 140 226 177 VIII.
247 140 324 176 viii
626 140 681 177 M.
713 140 882 177 TVLLI
914 139 1223 178 CICERONIS

253 253 446 301 public-mn
484 253 599 290 ecisse.
642 252 693 291 Si
706 253 792 302 quis
810 252 899 291 nuic
915 266 942 292 s.
960 266 989 291 c.
1011 253 1269 300 intercesserit,
1288 253 1444 291 senatui
1445 253 1594 303 placere

260 318 522 355 auctoritatem
543 319 733 368 perscribi
752 324 788 356 et
811 320 854 356 de
879 311 922 356 ea
950 332 990 355 re
1011 313 1067 356 ad
1086 324 1259 356 senatum
1275 325 1317 368 p.
1339 332 1373 367 q.
1397 323 1421 356 t.
1445 318 1591 368 referri.

258 384 368 420 Hm’c
394 396 421 421 s.
456 397 482 422 c.
513 383 721 422 intercessit
753 385 794 423 C.
827 384 991 432 Caelius,
1023 385 1069 423 L.
1104 381 1280 432 Wnicim,
1306 384 1353 422 P.
1381 385 1590 431 Cornelius,

266 449 305 487 C.
335 449 464 487 ls'ibins
483 450 628 497 Pansa,
653 455 701 487 tr.
718 451 772 500 pl.

215 519 239 559 7
313 515 411 552 Item
427 516 582 553 senatui
587 517 740 565 placere
755 517 799 553 de
816 516 1011 564 militibus,
1029 516 1152 565 quiin
1168 517 1332 554 evercitu
1353 516 1393 555 C.
1417 516 1594 554 Caesaris
1613 530 1629 561 5

258 585 359 627 sunt,
381 581 452 630 qni
468 594 595 618 eornm
615 581 804 631 stipendia
824 582 979 619 emerita
999 586 1073 619 aut
1088 594 1232 629 causas,
1254 581 1391 630 quibus
1409 582 1454 619 de
1471 582 1595 619 causis

259 647 369 684 missi
372 646 472 695 fieri
486 647 651 693 debeant,
671 647 845 694 habeant,
865 648 920 684 ad
931 647 1032 684 bunc
1044 647 1215 685 ordinem
1237 646 1385 695 referri,
1404 652 1449 684 ut
1465 659 1592 684 eornm

259 712 360 749 ratio
375 712 565 749 habeatur
577 725 782 761 causaeque
797 717 1077 761 cognoscantur.
1120 712 1271 761 Siquis
1285 712 1374 750 lzuic
1390 725 1417 750 s.
1436 725 1463 751 c.
1481 713 1593 750 inter—

257 778 430 825 cessisset,
462 778 616 815 senatui
640 779 792 827 placere
825 778 1088 816 anctoritatem
1117 777 1310 827 perscribi
1338 782 1373 814 et
1401 778 1445 815 de
1477 790 1520 815 ea
1553 790 1594 814 re

247 849 291 892 p.
307 857 343 892 q.
358 848 381 881 t.
398 843 562 880 adhunc
573 843 743 880 ordinem
757 842 903 892 referri.
935 843 1045 881 Huic
1056 856 1085 881 s.
1103 856 1130 882 c.
1145 842 1352 881 intercessit
1368 843 1410 882 C.
1425 843 1589 891 Caelius,
1615 855 1652 877 10

263 910 304 948 C.
327 909 475 956 Pansa,
499 914 549 948 tr.
561 910 619 959 pl.
1344 897 1348 900 .

215 982 240 1020 8
313 975 484 1023 Itemque
512 974 668 1012 senatui
685 976 838 1025 placere
870 975 911 1013 in
950 975 1126 1014 Ciliciam
1149 974 1403 1024 provinciam,
1438 975 1484 1012 in
1514 981 1595 1008 Vll!

259 1040 428 1089 reliquas
437 1040 671 1089 provincias,
687 1053 784 1088 quas
794 1041 992 1090 praetorii
998 1046 1075 1090 pro
1085 1045 1266 1090 praetore
1285 1040 1502 1087 obtinerent,
1520 1052 1588 1087 eos,

257 1108 328 1156 qui
334 1112 534 1156 praetores
541 1106 712 1155 fuerunt
731 1119 845 1155 neque
864 1107 907 1144 in
918 1106 1122 1156 provincia
1143 1119 1224 1144 cum
1245 1106 1403 1155 imperio
1410 1105 1590 1154 ficerunt,

255 1185 348 1222 quos
377 1185 505 1209 eornm
535 1185 583 1209 ex
612 1185 642 1210 s.
665 1184 692 1209 c.
719 1185 801 1209 cnm
828 1172 985 1221 imperio
1013 1172 1054 1209 in
1079 1171 1299 1221 provincias
1316 1176 1591 1220 propraetore
1613 1186 1650 1217 15

257 1238 362 1277 mitti
377 1242 573 1287 oporteret,
588 1250 646 1275 eos
665 1238 799 1275 sortito
818 1237 859 1276 in
870 1237 1095 1287 provincias
1115 1237 1224 1274 mitti
1227 1237 1378 1286 placere
1390 1252 1408 1282 ,·
1434 1237 1472 1274 si
1487 1249 1534 1274 ex
1552 1249 1592 1275 eo

256 1316 423 1350 numero,
442 1316 534 1352 qnos
551 1302 648 1352 (ex)
665 1315 692 1341 s.
711 1315 736 1340 c.
755 1303 796 1340 in
803 1302 1027 1352 provincias
1041 1302 1098 1340 ire
1109 1306 1303 1351 oporteret,
1322 1302 1590 1340 adnumerum

256 1383 331 1407 non
365 1374 486 1407 essent
511 1369 583 1418 qui
616 1369 658 1406 in
696 1380 759 1405 eas
786 1367 1011 1417 provincias
1038 1366 1376 1417 proficiscerentur,
1409 1372 1500 1414 tum,
1533 1368 1595 1405 uti

254 1436 423 1484 quodque
451 1434 654 1483 conterritam
677 1434 855 1483 primum
875 1439 1105 1482 praetorum
1123 1432 1270 1482 fuisset
1296 1445 1410 1481 neque
1438 1433 1479 1470 in
1499 1439 1590 1483 pro-

255 1500 400 1539 vincias
411 1499 577 1550 profecti
587 1504 715 1547 essent,
734 1499 789 1536 ita
805 1504 903 1536 sorte
930 1499 970 1537 in
989 1498 1214 1548 provincias
1229 1499 1590 1548 proficiscerentnr;
1611 1513 1650 1535 20

255 1566 292 1603 si
315 1566 348 1603 ii
366 1566 421 1602 ad
445 1577 645 1602 numerum
672 1577 747 1601 non
774 1568 901 1611 essent,
926 1569 1006 1601 tum
1033 1563 1200 1613 deinceps
1214 1563 1398 1612 proximi
1415 1564 1590 1613 cuiusque

256 1631 413 1680 conlegii
420 1631 494 1680 qui
492 1635 692 1680 praetores
695 1630 867 1680 fecissent
878 1643 993 1679 neque
1005 1630 1045 1667 in
1054 1629 1278 1679 provincias
1282 1628 1451 1678 projecti
1459 1635 1587 1677 essent,

257 1697 297 1734 in
310 1701 446 1734 sortem
465 1696 701 1743 coicerentur,
725 1696 854 1744 quoad
871 1696 904 1733 is
924 1707 1106 1733 numerus
1125 1693 1270 1743 ff’ctus
1289 1699 1391 1742 esset,
1409 1708 1517 1743 ouem
1537 1695 1594 1733 ad

257 1775 457 1800 nnmerum
489 1763 530 1800 in
552 1763 778 1812 provincias
809 1763 915 1801 mitti
941 1765 1135 1811 oporteret.
1199 1761 1248 1799 Si
1273 1761 1359 1810 quis
1387 1761 1476 1799 lcuic
1500 1775 1531 1800 s.
1560 1776 1586 1801 c.

256 1828 526 1875 intercessisset,
549 1829 758 1866 auctoritas
775 1829 1085 1879 perscriberetur.
1147 1827 1257 1865 IIuic
1277 1839 1304 1864 s.
1331 1840 1356 1865 c.
1384 1827 1592 1866 intercessit
1610 1839 1646 1871 25

261 1894 303 1931 C.
331 1894 493 1940 Caelius,
522 1894 562 1932 C.
587 1895 733 1941 Pansa,
758 1899 807 1932 tr.
821 1895 879 1944 pl.
1052 1936 1054 1939 .

208 1969 236 2007 9
311 1959 384 1995 Illa
403 1966 602 2008 praeterea
619 1960 690 1998 Cn.
710 1959 874 2010 Pompei
891 1967 982 1997 sunt
997 1957 1280 2003 animadversa,
1298 1970 1398 2007 quae
1420 1957 1587 1997 maxime

254 2022 536 2061 confidentiam
572 2025 785 2063 attulerunt
821 2024 1059 2071 hominibus,
1090 2034 1132 2064 ut
1163 2025 1310 2065 diceret
1345 2039 1386 2073 se
1412 2032 1503 2063 ante
1534 2025 1584 2062 K.

256 2087 418 2126 Martias
435 2101 514 2126 non
532 2102 647 2139 posse
663 2090 747 2129 sine
764 2090 903 2129 iniuria
918 2092 969 2130 de
985 2091 1195 2142 provinciis
1209 2090 1388 2131 Caesaris
1404 2098 1584 2136 statuere,

254 2161 342 2203 post
367 2155 414 2191 K.
442 2154 603 2192 Martias
631 2167 671 2194 se
700 2169 779 2194 non
806 2156 1088 2195 dubitaturum.
1149 2158 1253 2197 Cum
1274 2156 1582 2206 interrogaretur,
1605 2173 1646 2204 30

255 2218 285 2256 si
317 2219 383 2269 qui
419 2227 501 2257 tum
539 2220 834 2267 intercederent,
865 2222 962 2260 dixit
993 2223 1067 2261 hoc
1102 2222 1199 2260 nihil
1234 2221 1419 2260 interesse
1455 2228 1583 2258 utrum

296 2333 317 2353 2
340 2333 371 2363 p.
399 2333 429 2362 q.
458 2328 480 2354 t.
511 2326 522 2363 ζ
534 2339 558 2349 =
573 2325 687 2364 primo
711 2335 835 2364 quoqne
860 2328 1011 2365 tempore)
1038 2323 1208 2356 W'llems:
1240 2324 1468 2364 populumque
1494 2323 1580 2355 codd.

258 2376 296 2405 14
329 2367 500 2406 provincia
531 2366 580 2398 G:
617 2368 803 2407 proviniam
835 2368 892 2398 M:
930 2368 1122 2407 provincias
1154 2367 1343 2408 lVesenberg
1431 2366 1583 2407 suerunt]

255 2410 389 2441 iverunt
418 2409 605 2452 lVesenbcrg
756 2422 792 2451 17
817 2423 860 2442 cx
878 2411 952 2442 add.
971 2415 1039 2444 vett.
1191 2421 1233 2443 20
1257 2411 1448 2452 provincias
1473 2409 1583 2444 Crat:
1691 2424 1705 2434 ·
1756 2420 1759 2423 ·

254 2454 354 2484 -ciam
370 2454 460 2485 codd.
