1791 2796
111 970 150 992 10

113 1625 152 1647 20

536 157 648 194 EPP.
681 128 758 194 AD
791 157 1136 195 izmlLIAREs
1456 159 1509 197 11.
1533 160 1609 197 xvi

168 270 232 306 De
257 281 297 306 re
318 267 548 307 Dolabellae
575 269 682 318 quod
707 267 852 317 scripsi,
889 268 1036 306 suadeo
1064 267 1207 314 videas,
1238 275 1438 319 tamquam
1467 270 1496 307 si

168 342 234 372 tua
254 348 313 372 res
332 342 475 383 agatur.
528 336 755 372 Extremum
779 333 874 372 illud
896 333 965 372 erit
983 348 988 371 :
1020 335 1104 371 Nos
1126 333 1221 372 nihil
1243 334 1496 381 turbulenter,

168 398 263 436 nihil
299 406 443 437 temere
477 398 690 445 faciemus3
734 406 770 436 te
806 406 937 437 tamen
977 412 1144 445 oramus,
1181 398 1497 450 Quibuscumque

168 463 311 503 erimus
343 464 381 502 in
414 464 532 511 terris,
567 472 609 502 ut
641 478 713 503 nos
745 464 968 514 liberosque
1000 472 1154 504 nostros
1194 464 1246 503 ita
1279 473 1422 513 tueare,
1457 474 1498 505 ut

166 528 337 568 amicitia
366 536 498 568 nostra
526 536 564 568 et
593 536 659 568 tua
689 530 786 568 fides
816 529 1039 580 postulabit.

212 675 345 711 XVII
425 678 492 711 Ser.
519 678 656 711 Tarsia.
677 678 707 711 d.
726 679 784 710 xvi
796 679 837 711 K.
858 678 959 718 Sext„
979 679 1029 711 vel
1037 679 1142 721 paulo
1154 683 1231 722 pos!

722 745 751 765 a.
775 744 835 774 704
856 741 937 775 (5072.

266 811 308 843 M.
338 811 512 844 CICERO
540 812 630 843 IMP.
660 812 693 844 S.
723 812 762 843 D.
790 812 981 850 †CANINI
1009 812 1238 844 SALVSTIO
1264 813 1402 852 PROQ.

223 890 387 929 Litteras
418 905 440 929 a
471 898 509 929 te
541 889 634 928 mihi
674 899 794 928 stator
828 898 916 928 tuus
952 890 1122 929 reddidit
1157 891 1265 929 Tarsi
1300 906 1332 929 a.
1357 893 1392 930 d.
1428 904 1497 929 xri
1520 902 1535 929 1

171 957 219 994 K.
244 956 407 995 Sextilis.
469 956 544 994 His
575 970 647 1006 ego
677 955 826 1003 ordine,
853 964 894 994 ut
925 955 1066 995 videris
1097 958 1204 1004 velle,
1236 958 1496 1007 respondebo.

172 1023 232 1059 ])e
271 1035 496 1060 successore
535 1035 625 1060 meo
665 1021 761 1059 nihil
800 1021 931 1060 audivi
968 1035 1097 1071 neque
1137 1035 1378 1072 quemquam
1419 1024 1499 1060 fore

168 1086 342 1125 arbitror.
403 1087 511 1135 Quin
545 1088 595 1125 acl
628 1086 733 1125 diem
769 1088 973 1133 decedam,
1012 1089 1119 1125 nulla
1149 1101 1265 1125 causa
1295 1096 1363 1135 est,
1396 1101 1500 1137 prae-

169 1152 302 1199 sertim
321 1152 476 1190 sublato
498 1161 604 1190 metu
628 1151 819 1190 Parthico.
866 1153 1213 1191 Commoraturum
1229 1166 1291 1191 me
1306 1167 1498 1202 nusquam

169 1231 262 1255 sane
295 1217 483 1265 arbitror,
525 1218 715 1255 Rhodum
758 1217 996 1256 Ciceronum
1038 1231 1154 1256 causa
1193 1231 1402 1267 puerorum
1442 1232 1502 1256 ae-

169 1296 369 1320 cessurum
402 1291 507 1332 puto,
544 1296 672 1332 neque
701 1282 740 1320 id
772 1290 905 1320 tamen
937 1291 1097 1320 certum.
1158 1284 1222 1322 Ad
1248 1283 1382 1321 urbem
1413 1285 1502 1322 volo

169 1361 287 1397 quam
309 1347 477 1398 primum
499 1347 630 1386 venire
646 1362 656 1395 3
686 1349 755 1386 sed
778 1355 909 1386 tamen
936 1347 1007 1386 iter
1035 1362 1167 1386 meum
1190 1348 1241 1387 rei
1263 1348 1443 1399 publicae
1465 1357 1503 1387 et

169 1426 296 1451 rerum
331 1413 567 1451 urbanarum
604 1412 700 1451 ratio
735 1413 979 1463 gubernabit.
1055 1415 1266 1452 Successor
1299 1422 1387 1452 tuus
1423 1428 1502 1452 non

169 1486 298 1527 potest
327 1477 379 1516 ita
410 1486 610 1526 maturare,
645 1480 725 1516 ullo
765 1480 887 1517 modo
927 1486 968 1517 ut
1007 1487 1048 1517 tu
1085 1493 1147 1517 me
1179 1478 1216 1517 in
1253 1479 1345 1517 Asia
1378 1479 1502 1529 possis

170 1544 389 1582 convenire.
452 1546 512 1582 De
533 1544 748 1583 rationibus
766 1545 978 1583 referendis
999 1558 1080 1583 non
1102 1552 1183 1582 erat
1203 1544 1500 1583 incommodum
1522 1556 1546 1583 2

171 1617 207 1648 te
229 1611 354 1649 nullas
375 1612 524 1658 referre,
543 1625 661 1661 quam
684 1610 754 1650 tibi
776 1611 911 1649 scribis
932 1625 955 1649 a
977 1610 1120 1649 Bibulo
1142 1610 1222 1649 fieri
1244 1618 1476 1661 potestatem
1496 1625 1503 1657 3

170 1676 240 1714 sed
261 1675 300 1714 id
321 1675 382 1713 vix
402 1676 498 1715 mihi
518 1676 660 1716 videris
680 1691 749 1727 per
770 1678 895 1726 legem
919 1676 1060 1715 Iuliam
1089 1678 1214 1715 facere
1235 1689 1361 1726 posse,
1384 1689 1501 1725 quam

171 1740 335 1779 Bibulus
356 1750 460 1780 certa
481 1744 653 1792 quadarn
674 1742 824 1780 ratione
847 1756 926 1780 non
957 1749 1092 1788 servat,
1117 1741 1187 1779 tibi
1218 1754 1360 1791 magno
1386 1754 1503 1791 opere

169 1808 400 1845 servandam
434 1821 602 1850 censeo.
683 1809 803 1857 Quod
853 1807 989 1845 scribis
1039 1809 1217 1856 Apamea
1264 1805 1500 1856 praesidium
1523 1811 1546 1847 3

170 1872 313 1910 deduci
353 1887 433 1911 non
473 1873 701 1923 oportuisse,
744 1873 927 1912 videbam
970 1873 1062 1922 item
1099 1880 1249 1911 ceteros
1284 1871 1502 1911 existimare

114 1952 127 1973 2
171 1938 414 1987 molesteque
444 1939 616 1976 ferebam
651 1940 701 1977 de
731 1952 775 1976 ea
806 1952 845 1976 re
877 1937 1005 1976 minus
1038 1939 1272 1976 commodos
1303 1951 1502 1976 sermones

172 2004 452 2042 malevolorum
486 2003 613 2042 fuisse.
690 2004 821 2042 Parthi
858 2003 1077 2042 transierint
1115 2017 1240 2042 necne
1275 2011 1427 2053 praeter
1466 2011 1503 2041 te

170 2067 285 2107 video
323 2068 502 2107 dubitare
541 2068 750 2108 neminem.
812 2071 952 2120 Itaque
992 2069 1126 2108 omnia
1165 2069 1370 2119 praesidia,
1403 2082 1503 2118 quae

171 2143 312 2180 magna
331 2138 369 2169 et
390 2132 499 2170 firma
521 2145 758 2182 paraveram,
780 2139 1003 2171 commotus
1034 2131 1241 2170 hominum
1272 2145 1350 2170 non
1379 2130 1503 2170 dubio

220 2243 229 2263 ι
258 2234 310 2264 De
328 2245 363 2265 re
383 2234 797 2276 Dolabcllacllz'rscltfi'lclt
832 2235 1004 2267 Dolabella
1018 2236 1060 2266 M
1082 2237 1144 2267 '-ae
1159 2236 1222 2266 Mt*
1247 2247 1253 2266 :
1286 2235 1365 2266 dolo
1383 2234 1501 2265 bellam

173 2277 253 2308 GR:
282 2278 332 2308 De
352 2278 526 2309 Dolabella
543 2279 656 2310 Baiter
788 2281 808 2310 8
833 2290 952 2311 CAMNJ
971 2279 1058 2311 codd.
1078 2291 1084 2309 :
1113 2290 1155 2310 cx
1177 2280 1295 2310 Orelli:
1320 2289 1337 2310 c
1355 2277 1502 2308 Momm—

169 2331 234 2360 sen,
263 2322 320 2361 qui
345 2322 533 2353 historicum
561 2323 711 2364 intellegit
848 2335 869 2362 9
894 2324 997 2354 Binas
1025 2323 1156 2354 litteras
1184 2322 1314 2360 Lauda,
1343 2321 1502 2360 Mmrym'-

171 2363 255 2406 Lag.
376 2375 411 2395 11
439 2376 549 2405 neque
566 2366 742 2398 Bt'c'cltelcr:
767 2377 828 2398 nec
849 2366 930 2399 GR:
957 2378 999 2398 ne
1016 2367 1057 2398 M
1181 2377 1218 2405 14
1245 2375 1424 2406 puerorum
1443 2364 1501 2395 dcl.

170 2407 255 2438 Boot
385 2419 424 2448 19
448 2410 513 2441 erit
542 2410 618 2442 coni.
647 2409 769 2441 lllz'iller
898 2422 940 2441 20
965 2410 1088 2442 nullam
1122 2409 1235 2442 codd.:
1275 2409 1385 2441 nullas
1416 2411 1498 2439 vett..

170 2449 416 2494 Margyni-Lag.
552 2464 592 2492 24
617 2454 698 2486 item
715 2453 775 2486 M:
799 2453 884 2486 idem
905 2454 968 2486 GR

1304 2535 1325 2554 ξ
