1791 2796
549 169 660 206 EPP.
694 169 770 205 AD
803 169 1149 205 FAMILIARES
1450 168 1496 205 V.
1521 178 1580 203 xx

227 279 440 329 Reliquum
474 288 532 318 est
571 281 620 318 de
659 279 842 317 sestertiis
882 289 1041 317 centum
1074 279 1241 326 milibus,
1277 281 1326 318 de
1359 280 1502 330 quibus
1523 284 1546 321 8

173 344 333 383 memini
350 344 445 383 mihi
461 358 484 383 a
504 353 541 383 te
564 344 719 394 Myrina
740 344 884 383 litteras
901 358 987 383 esse
1007 345 1167 391 adlatas,
1184 358 1265 383 non
1287 344 1363 383 mei
1377 344 1501 392 errati,

172 411 241 448 sed
276 409 356 457 tui3
398 409 438 448 in
471 423 550 460 quo
584 417 790 461 peccatum
824 410 1031 449 videbatur
1063 423 1159 457 esse,
1193 410 1225 448 si
1259 411 1380 449 modo
1410 418 1501 458 erat,

172 475 295 513 fratris
323 474 378 513 tui
406 483 444 514 et
473 474 590 514 Tulli.
650 477 740 523 Sed,
764 489 854 514 cum
882 476 922 514 id
952 475 1090 526 corrigi
1117 489 1200 514 non
1229 483 1370 526 posset,
1395 476 1504 525 quod

135 552 151 582 5
171 540 249 578 iam
269 539 457 591 depositis
478 540 693 580 rationibus
714 554 760 579 ex
788 540 990 591 provincia
1018 541 1271 587 decessimus,
1293 542 1411 579 credo
1441 554 1504 579 me

172 606 333 656 quidem
355 605 426 645 tibi
446 619 515 657 pro
536 606 656 644 animi
678 606 754 645 mei
785 608 987 645 voluntate
1014 619 1165 656 proque
1191 620 1238 645 ea
1258 619 1327 657 spe
1348 607 1505 644 faculta-

172 679 267 718 tum,
291 685 410 721 quam
439 680 523 710 turn
548 673 804 719 habebamus,
835 685 954 722 quam
982 672 1266 710 humanissime
1296 671 1501 722 potuerim,

172 736 439 787 rescripsisse;
487 738 556 775 sed
603 751 732 787 neque
777 745 860 775 tum
902 751 965 776 me
1007 737 1252 775 humanitate
1290 737 1503 776 litterarum

174 815 347 840 mearum
365 802 581 852 obligatum
602 810 698 853 puto
719 816 849 852 neque
871 816 934 841 me
955 809 1062 840 tuam
1084 802 1204 840 hodie
1225 801 1432 852 epistulam
1453 804 1504 841 de

117 881 154 903 10
176 868 245 905 HS
280 869 303 905 ὃ
332 866 387 905 sic
419 867 629 917 accepisse,
662 875 703 905 ut
736 866 762 905 ii
795 866 1004 916 accipiunt,
1040 867 1184 917 quibus
1216 867 1405 917 epistulae
1435 881 1505 918 per

173 934 269 970 haec
299 939 476 982 tempora
506 933 694 970 molestae
721 940 822 970 sunt.
883 932 1007 970 Simul
1037 932 1133 971 illud
1164 933 1333 982 cogitare
1367 934 1500 979 debes,
1524 942 1551 979 9

173 1010 235 1035 me
256 1011 414 1035 omnem
436 996 656 1047 pecuniam,
674 1010 775 1047 quae
795 998 846 1035 ad
864 1011 926 1036 me
943 997 1057 1035 salvis
1078 997 1229 1048 legibus
1251 999 1500 1049 pervenisset,

174 1062 320 1112 Ephesi
349 1064 454 1113 apud
484 1062 716 1113 publicanos
745 1063 1002 1113 deposuisse3
1041 1064 1080 1102 id
1111 1064 1229 1102 fuisse
1260 1066 1331 1102 HS
1366 1060 1505 1116 QUI,-

173 1140 260 1165 cam
294 1140 452 1165 omnem
484 1127 693 1177 pecuniam
729 1128 963 1179 Pompeium
995 1128 1214 1167 abstulisse.
1275 1130 1396 1177 Quod
1430 1142 1504 1178 ego

118 1205 153 1236 ¹5
173 1192 254 1230 5116
272 1205 400 1242 aequo
420 1192 553 1230 animo
573 1192 654 1231 sive
674 1191 811 1242 iniquo
832 1194 923 1239 fero,
949 1201 990 1231 tu
1015 1194 1064 1231 de
1088 1195 1157 1231 HS
1179 1196 1202 1231 ὃ
1222 1206 1350 1243 aequo
1369 1193 1503 1232 animo

173 1258 269 1295 ferre
290 1257 411 1295 debes
431 1264 469 1294 et
499 1256 718 1296 existimare
739 1272 786 1296 60
815 1258 944 1296 minus
971 1260 1022 1297 ad
1043 1266 1081 1297 te
1101 1260 1162 1297 vel
1183 1260 1233 1297 de
1254 1258 1330 1296 tuis
1350 1258 1503 1297 cibariis

173 1323 232 1360 vel
267 1323 317 1359 de
348 1335 435 1360 mea
463 1321 693 1361 liberalitate
722 1323 955 1373 pervenisse.
1017 1324 1138 1372 Quod
1165 1323 1196 1361 si
1218 1323 1313 1361 mihi
1334 1337 1504 1374 expensa

173 1387 245 1425 ista
267 1388 337 1425 HS
358 1391 382 1425 C*
411 1387 575 1435 tulisses,
611 1396 754 1435 tamen,
778 1402 879 1438 quae
909 1396 976 1427 tua
1005 1396 1063 1427 est
1093 1388 1261 1426 suavitas
1286 1388 1434 1439 quique
1464 1389 1504 1427 in

173 1466 236 1491 me
255 1467 375 1501 amor,
398 1455 522 1492 nolles
543 1468 566 1492 a
586 1468 649 1493 me
671 1455 747 1493 hoc
769 1462 945 1504 tempore
966 1453 1282 1493 aestimationem
1302 1453 1480 1504 accipere
1495 1468 1505 1502 ,·

115 1531 154 1552 20
173 1532 274 1565 nam,
299 1527 546 1558 numeratum
567 1519 600 1558 si
620 1533 815 1570 cuperem,
838 1534 920 1559 non
940 1527 1031 1559 erat.

226 1586 304 1623 Sed
332 1586 428 1624 haec
458 1584 631 1624 iocatum
661 1599 725 1625 me
755 1593 904 1636 putato,
927 1593 971 1624 ut
998 1598 1071 1635 ego
1101 1592 1139 1623 te
1169 1584 1358 1624 existimo.
1419 1587 1506 1635 Ego

172 1657 317 1698 tamen,
338 1664 427 1688 611111
449 1651 602 1689 Τ11111115
624 1665 709 1690 11116
736 1651 903 1698 redierit,
928 1651 1080 1689 mittam
1102 1664 1193 1689 eum
1214 1651 1264 1688 ad
1285 1658 1333 1696 te,
1357 1650 1387 1687 si
1409 1650 1505 1699 quid

171 1716 222 1754 ad
254 1729 335 1754 rem
364 1716 520 1766 putabis
549 1716 752 1767 pertinere.
814 1718 933 1756 Hanc
964 1716 1171 1767 epistulam
1202 1729 1271 1754 cur
1299 1714 1504 1754 conscindi

173 1779 287 1818 velim
309 1794 426 1820 causa
447 1783 553 1820 nulla
573 1790 641 1820 est.

117 1946 155 1977 25
217 1936 327 1972 XXI
390 1939 459 1971 Ser.
480 1939 609 1970 Romae
625 1940 666 1970 in.
689 1943 748 1970 aut
764 1938 846 1970 med.
868 1950 913 1970 ιιι.
933 1939 1043 1979 April.
1065 1949 1094 1970 a.
1117 1940 1178 1978 708
1196 1938 1282 1980 (46).

483 2016 526 2048 M.
556 2016 730 2048 CICERO
757 2017 791 2048 S.
822 2017 860 2048 D.
892 2017 926 2047 L.
958 2016 1196 2047 MESCINIO.

228 2096 371 2134 Gratae
402 2094 497 2132 mihi
532 2103 621 2133 tuae
655 2095 804 2134 litterae
838 2096 1018 2142 fuerunt3
1060 2108 1107 2132 ex
1139 2093 1281 2144 quibus
1320 2092 1502 2140 intellexi,
1525 2101 1541 2127 1

174 2161 282 2210 quod
303 2160 420 2199 etiam
448 2160 530 2198 sine
560 2160 695 2199 litteris
721 2160 946 2207 arbitrabar,
969 2167 1006 2198 te
1031 2172 1185 2198 summa
1206 2156 1420 2209 cupiditate
1441 2159 1506 2196 ad-

174 2226 319 2263 fectum
349 2238 433 2266 esse
462 2225 622 2272 videndi
657 2225 744 2263 mei.
805 2225 926 2274 Quod
959 2237 1033 2274 ego
1067 2223 1120 2262 ita
1148 2223 1315 2262 libenter
1339 2222 1503 2272 accipio,

119 2299 156 2329 30
175 2297 216 2327 ut
249 2297 380 2328 tamen
410 2289 480 2328 tibi
510 2303 590 2327 non
621 2290 837 2328 concedam
854 2304 864 2336 ,-
907 2302 998 2327 nam
1033 2296 1164 2327 tecum
1199 2301 1294 2335 esse,
1326 2287 1380 2325 ita
1409 2286 1506 2325 1111111

218 2403 239 2433 5
260 2393 326 2424 iam
350 2393 408 2424 M:
445 2405 510 2425 om.
544 2393 606 2424 GR
794 2394 1061 2425 decessissemus
1093 2393 1207 2425 Crat.:
1247 2394 1504 2424 decesseramus

177 2436 308 2468 Ernesti
436 2449 478 2478 23
502 2438 675 2469 conscindi
691 2437 898 2478 Hirschfeld:
926 2448 994 2469 non
1011 2438 1119 2468 scindi
1138 2436 1224 2467 codd.

219 2502 281 2523 616.
301 2502 349 2523 AD
368 2501 447 2524 mm.
1377 2492 1416 2527 10
