1791 2796
184 141 286 180 1X.i
607 140 663 178 M.
696 140 864 178 TVLLI
896 139 1204 179 CIFERONIS

241 254 470 292 Tusculano
491 253 571 292 sive
593 252 631 291 in
654 253 838 292 Cumano
858 253 908 291 ad
930 260 968 291 te
988 251 1159 303 placebit
1175 251 1265 299 sive,
1282 253 1390 303 quod
1411 251 1575 293 minime

241 319 368 366 velim,
395 321 559 365 Romae,
590 320 685 358 dum
715 319 836 358 modo
866 318 981 356 simul
1008 318 1138 365 simus,
1169 318 1368 369 perficiam
1397 320 1574 369 profecto

241 393 282 424 ut
305 385 343 424 id
366 385 520 436 utrique
541 392 719 424 nostrum
741 383 1109 429 commodissimum
1139 397 1224 423 cssc
1252 383 1498 424 diiudicetur.

282 538 330 573 II
466 540 538 573 Ser.
556 539 687 572 Romae
696 540 800 582 paulo
813 544 887 582 post
901 540 951 571 xit'
964 540 1005 571 K.
1027 539 1109 572 Mai.
1130 551 1159 571 a.
1183 542 1244 580 708
1260 540 1347 582 (46).

689 618 864 650 CICERO
887 617 1121 650 VARRONI.
1593 623 1610 655 5

203 713 220 740 1
294 697 486 738 Caninius
521 702 610 735 tuns
644 705 682 736 et
721 697 826 736 idem
866 705 998 736 noster
1037 710 1127 735 curn
1161 697 1212 735 ad
1251 710 1314 736 me
1353 697 1574 749 pervesperi

239 764 409 803 venisset
441 771 480 803 et
514 777 555 803 se
586 763 775 814 postridie
807 776 923 802 mane
953 764 1004 801 ad
1036 770 1074 801 te
1109 762 1252 801 iturum
1285 776 1370 802 esse
1400 763 1570 811 dixisset,

238 829 318 868 dixi
348 829 382 868 ei
417 843 479 868 me
511 831 693 868 daturum
728 829 942 867 litterarum
974 828 1148 878 aliquid3
1190 842 1305 867 mane
1345 836 1387 867 ut
1425 837 1574 879 peteret

239 895 380 945 rogavi.
442 894 670 945 Conscripsi
692 894 899 945 epistulam
921 901 1041 933 noctu
1057 908 1066 942 3
1096 907 1169 932 nec
1190 893 1254 932 ille
1280 895 1330 932 ad
1352 908 1414 933 me
1435 894 1548 933 rediit
1563 909 1573 942 ;

240 959 407 998 oblitum
456 959 615 999 credidi.
694 962 754 998 Ac
793 966 925 998 tamen
965 972 1051 998 eam
1091 959 1215 1009 ipsam
1255 958 1325 997 tibi
1364 958 1571 1009 epistulam
1594 975 1632 996 10

241 1026 434 1065 misissem
465 1040 533 1076 per
563 1039 683 1072 meos,
721 1025 794 1063 nisi
824 1024 1023 1064 audissem
1063 1038 1110 1063 ex
1141 1025 1282 1063 eodem
1316 1024 1504 1075 postridie
1534 1032 1572 1064 te

241 1105 356 1130 mane
384 1106 405 1130 e
429 1092 658 1130 Tusculano
688 1091 892 1130 exiturum.
953 1093 1006 1128 At
1031 1089 1100 1128 tibi
1128 1098 1289 1140 repente
1318 1090 1454 1140 paucis
1483 1098 1572 1140 post

239 1157 390 1204 diebus,
429 1171 518 1195 cum
552 1156 715 1195 minime
747 1164 1024 1206 exspectarem,
1059 1155 1165 1194 venit
1199 1156 1249 1194 ad
1285 1168 1347 1193 me
1383 1154 1573 1195 Caninius

241 1236 379 1269 mane3
420 1222 614 1273 proficisci
649 1223 700 1260 ad
735 1229 772 1260 te
807 1221 936 1260 statim
968 1221 1074 1260 dixit.
1136 1220 1220 1259 Etsi
1252 1228 1333 1259 erat
1365 1221 1477 1262 ἕωλος
1509 1220 1574 1259 illa

239 1288 414 1338 epistula,
440 1287 667 1338 praesertim
689 1286 805 1325 tantis
835 1295 973 1337 postea
997 1286 1108 1325 novis
1130 1287 1245 1325 rebus
1266 1286 1416 1333 adlatis,
1441 1294 1573 1325 tamen
1597 1298 1634 1332 ¹5

239 1353 363 1404 perire
398 1353 712 1391 lucubrationem
749 1366 877 1391 meam
911 1351 1020 1390 nolui
1054 1359 1092 1391 et
1124 1365 1210 1391 eam
1246 1351 1370 1402 ipsam
1404 1351 1574 1391 Caninio

240 1419 359 1467 dedi3
390 1420 459 1457 sed
480 1432 570 1457 cum
593 1431 640 1456 eo
662 1425 703 1456 ut
724 1431 813 1456 cum
846 1417 1007 1457 homine
1028 1418 1148 1457 docto
1169 1425 1206 1456 et
1226 1416 1498 1456 amantissimo
1518 1417 1573 1456 tui

199 1497 222 1524 2
243 1485 398 1523 locutus
419 1497 464 1522 ea
485 1497 582 1530 sum,
608 1496 709 1534 quae
737 1483 940 1533 pertulisse
963 1483 1072 1521 illum
1093 1485 1144 1522 ad
1166 1491 1204 1522 te
1232 1482 1421 1523 existimo.
1481 1482 1573 1521 Tibi

240 1557 373 1588 autem
413 1549 518 1587 idem
558 1548 696 1587 consili
736 1549 789 1587 do
828 1550 936 1599 quod
986 1548 1166 1587 mihimet
1206 1549 1288 1599 ipsi,
1326 1557 1368 1587 ut
1406 1548 1573 1587 vitemus

239 1616 375 1654 oculos
392 1614 611 1661 hominum,
630 1614 659 1652 si
678 1613 828 1663 linguas
846 1613 975 1654 minus
997 1614 1108 1653 facilc
1129 1614 1349 1664 possimus3
1379 1613 1446 1664 qui
1467 1613 1572 1653 enim
1595 1628 1633 1650 20

238 1679 398 1719 victoria
428 1693 469 1719 se
499 1680 675 1726 efferunt,
707 1679 818 1729 quasi
846 1679 970 1718 victos
999 1693 1071 1718 nos
1104 1679 1312 1726 intuentur,
1344 1680 1411 1730 qui
1440 1687 1572 1718 autem

236 1746 360 1785 victos
391 1752 544 1784 nostros
576 1746 740 1783 moleste
769 1746 907 1791 ferunt,
931 1758 1004 1784 nos
1035 1746 1171 1784 dolent
1198 1745 1336 1784 vivere.
1397 1746 1573 1794 Quaeres

237 1814 398 1851 sortasse
432 1824 510 1857 cur,
545 1824 635 1849 cum
667 1812 764 1850 haec
793 1811 831 1849 in
866 1812 962 1850 urbe
996 1811 1082 1857 sint,
1108 1825 1186 1850 non
1214 1811 1339 1850 absim
1372 1824 1490 1862 quem
1521 1812 1572 1850 ad

238 1879 400 1917 modum
430 1885 481 1915 tu.
542 1878 604 1914 'l'u
635 1877 739 1915 enim
774 1877 866 1927 ipse,
902 1877 969 1927 qui
1001 1885 1039 1916 et
1071 1891 1133 1915 me
1162 1885 1205 1931 ‘et
1236 1877 1333 1916 alios
1364 1876 1572 1927 prudentia

238 1943 371 1989 vincis,
400 1941 543 1987 omnia,
568 1943 696 1988 credo,
723 1941 864 1988 vidisti,
895 1941 991 1980 nihil
1017 1936 1055 1980 te
1079 1941 1242 1981 omnino
1267 1942 1410 1981 fefellit.
1472 1941 1571 1991 Quis
1592 1952 1631 1985 25

239 2017 297 2048 cst
339 2016 417 2046 tam
463 2009 642 2057 Lynceus
685 2007 751 2058 qui
792 2008 830 2045 in
871 2008 988 2046 tantis
1027 2007 1198 2047 tenebris
1243 2007 1339 2046 nihil
1385 2009 1570 2055 offendat,

196 2083 220 2120 3
241 2086 435 2123 nusquam
458 2071 658 2110 incurrat?
716 2075 774 2111 Ac
802 2072 897 2110 mihi
927 2072 1088 2123 quidem
1117 2073 1192 2111 iam
1223 2073 1374 2124 pridem
1397 2073 1502 2112 venit
1532 2073 1570 2111 in

286 2190 298 2210 1
326 2179 367 2210 ad
387 2184 417 2210 tc
437 2177 477 2208 M
494 2178 543 2219 (=
561 2177 654 2218 apud
666 2179 707 2215 Ie)
724 2190 731 2209 :
755 2183 844 2209 stare
863 2178 918 2209 tibi
937 2178 996 2209 H:
1020 2179 1114 2209 adire
1129 2177 1164 2207 D
1252 2188 1272 2217 3
1297 2178 1498 2209 diiudicetur·
1512 2178 1569 2209 H:

237 2224 407 2254 dividetur
425 2222 485 2253 M:
510 2221 666 2252 videatur
685 2220 770 2251 Crat.
913 2223 934 2251 6
959 2227 1035 2253 tuus
1053 2227 1085 2253 et
1103 2222 1192 2252 idem
1212 2221 1305 2252 Man.
1324 2233 1330 2252 ε
1355 2222 1442 2252 idem
1461 2222 1569 2252 eidem

239 2267 279 2297 Μ
298 2266 421 2304 'index)
439 2278 446 2296 ε
479 2266 565 2296 idem
584 2269 617 2295 et
635 2265 721 2295 idem
741 2265 802 2295 M:
836 2265 921 2296 idem
940 2270 973 2295 ct
991 2265 1025 2295 D
1041 2278 1046 2296 :
1082 2265 1168 2296 idem
1187 2265 1224 2294 H
1241 2265 1367 2305 (indat)
1384 2276 1391 2295 :
1423 2275 1489 2297 om.
1508 2264 1571 2296 H:

239 2317 316 2341 tuus
342 2311 428 2342 idem
455 2315 488 2340 et
513 2309 600 2339 idem
627 2308 757 2338 Ernesti
844 2314 961 2339 noster
985 2309 1045 2340 M:
1071 2309 1174 2340 frater
1190 2307 1247 2339 D:
1274 2309 1377 2339 frater·
1397 2313 1514 2339 noster
1533 2309 1573 2339 H

239 2355 433 2394 pervesperi
442 2354 560 2393 forum
577 2351 675 2382 dubia
692 2363 698 2382 :
721 2352 802 2391 soff.
820 2352 952 2391 vesperi
975 2352 1188 2392 pervenisset
1204 2352 1254 2383 vel
1276 2352 1348 2382 heri
1367 2353 1510 2391 vesperi,
1530 2352 1567 2391 cs.

240 2400 282 2430 xi.
306 2409 329 2429 1.
355 2409 365 2428 1
462 2407 501 2428 10
524 2396 573 2427 Ac
598 2401 710 2426 tamen
736 2395 794 2426 H:
826 2400 972 2426 attamen
998 2396 1074 2427 MD
1166 2406 1203 2435 17
1228 2400 1263 2426 ut
1287 2406 1361 2427 cum
1390 2394 1570 2427 Graevius:

242 2448 273 2473 ct
291 2453 364 2473 cum
383 2440 470 2472 codd.
581 2449 622 2470 :20
647 2449 825 2478 possumus
844 2439 879 2470 N
899 2438 1084 2479 Wesenlmg
1186 2441 1228 2470 26
1252 2444 1302 2471 cst
1320 2440 1408 2471 enirn
1426 2445 1492 2470 tam
1511 2438 1551 2469 H
