1791 2796
121 1027 158 1050 10

550 138 661 175 EPP.
694 139 772 174 AD
804 139 1149 175 FAMILIARES
1458 140 1511 176 [Ι.
1529 139 1590 176 vii

181 249 346 297 sissimo,
369 263 475 288 nunc
503 263 526 288 a
555 257 596 288 tr.
621 251 670 300 pl.
698 258 736 288 et
761 263 784 288 a
805 250 978 290 Curione
1008 250 1175 296 tribuno,
1199 264 1279 288 non
1309 259 1351 288 ut
1381 251 1510 289 decer-

182 323 294 353 natur
313 314 462 366 aliquid
483 314 585 362 novi,
609 315 717 365 quod
738 316 836 353 solet
857 328 941 354 esse
962 314 1167 362 difficilius,
1191 317 1260 354 sed
1282 323 1323 353 ut
1345 329 1393 354 nc
1414 316 1510 366 quid

181 380 271 418 novi
301 382 543 428 decernatur,
567 388 609 418 ut
638 388 676 419 et
706 379 829 419 senati
859 381 1083 418 consultum
1114 387 1152 418 et
1181 381 1285 430 leges
1306 381 1507 428 defendas,

181 459 304 494 cuque
335 444 429 482 mihi
459 444 642 483 condicio
673 453 839 491 maneat,
863 458 940 495 qua
969 445 1166 494 profectus
1195 458 1293 483 sum.
1356 447 1448 484 Hoc
1473 453 1510 485 te

179 511 431 548 vehementer
451 510 569 549 etiam
589 518 708 561 atque
728 509 845 549 etiam
867 524 971 561 rogo.

222 701 338 737 VIII
443 705 513 737 Ser.
532 705 673 736 Athenis
685 705 769 747 prid.
791 705 877 736 Non.
901 706 1011 745 Quint.
1033 717 1063 737 a.
1087 716 1140 745 705
1161 706 1238 746 χμ).

404 794 449 824 Μ.
474 793 647 825 CICERO
674 794 870 824 PROCOS.
899 794 932 825 S.
962 794 1000 824 D.
1029 793 1071 824 M.
1101 793 1283 825 CAELIO.

233 882 373 931 Quid?
402 891 442 921 tu
464 897 527 921 me
548 884 624 921 hoc
645 882 714 921 tibi
737 884 945 921 mandasse
966 882 1172 929 existimas,
1192 891 1233 921 ut
1250 883 1345 921 mihi
1366 883 1508 934 gladia·
1528 899 1544 925 1

179 956 306 986 torum
334 948 651 998 compositiones,
678 956 720 987 ut
750 947 976 987 vadimonia
1005 948 1125 986 dilata
1155 956 1191 986 et
1220 949 1374 988 Chresti
1405 963 1508 987 com-

178 1013 405 1063 pilationem
436 1014 607 1053 mitteres
632 1022 670 1052 et
697 1028 753 1061 ea,
776 1027 878 1063 quae
907 1013 1033 1059 nobis,
1062 1027 1153 1051 cum
1182 1015 1335 1052 Romae
1360 1028 1507 1061 sumus,

178 1092 330 1117 narrare
369 1093 487 1117 nemo
524 1079 698 1117 audeat?
754 1080 789 1115 V
792 1078 868 1126 ide,
901 1086 1094 1128 quantum
1133 1077 1203 1116 tibi
1238 1092 1327 1117 meo
1361 1078 1508 1117 iudicio

181 1144 349 1183 tribuam
377 1144 468 1195 (nec
490 1159 552 1184 me
578 1146 735 1184 hercule
762 1144 902 1183 iniuria
916 1159 925 1192 3
954 1145 1236 1194 πολιτικώτερον
1256 1144 1361 1182 enim
1384 1152 1420 1183 te
1444 1146 1509 1184 ad-

179 1208 256 1246 huc
277 1207 476 1246 neminem
497 1207 692 1258 cognovi).
753 1208 816 1246 Ne
843 1207 908 1245 illa
937 1207 1098 1257 quidem
1119 1222 1213 1247 curo
1236 1207 1331 1246 mihi
1352 1209 1508 1256 scribas,

179 1286 279 1322 quae
314 1272 491 1311 maximis
521 1272 560 1310 in
590 1272 706 1310 rebus
736 1272 790 1310 rei
824 1262 1005 1322 publicae
1035 1280 1219 1322 geruntur
1249 1273 1405 1321 cotidie,
1438 1273 1511 1312 nisi

179 1337 275 1387 quid
305 1339 356 1376 ad
391 1352 453 1376 me
484 1337 613 1388 ipsum
648 1337 882 1388 pertinebit:
923 1338 1094 1376 scribent
1128 1337 1203 1385 alii,
1238 1338 1350 1377 multi
1384 1339 1511 1377 nunti-

178 1402 312 1449 abunt,
342 1404 506 1453 perferet
535 1404 658 1442 multa
685 1402 802 1441 etiam
833 1403 916 1453 ipse
944 1417 1086 1442 rumor.
1149 1405 1239 1451 Qua
1265 1417 1305 1442 re
1333 1417 1408 1453 ego
1437 1417 1510 1442 nec

179 1468 383 1519 praeterita
403 1483 475 1507 nec
496 1467 716 1518 praesentia
741 1468 811 1506 abs
839 1476 886 1516 te,
911 1469 980 1507 scd
1005 1476 1047 1506 ut
1074 1468 1125 1506 ab
1152 1467 1314 1506 homine
1335 1472 1449 1518 longe
1470 1468 1508 1506 in

178 1542 376 1583 posterum
393 1532 657 1584 prospiciente
677 1534 804 1571 futura
824 1541 1019 1584 exspecto,
1039 1541 1090 1579 ut,
1110 1548 1154 1571 ex
1173 1532 1246 1571 tuis
1263 1532 1397 1571 litteris
1418 1548 1508 1571 cum

179 1600 342 1637 formam
375 1599 427 1637 rei
456 1598 637 1649 publicae
661 1598 836 1645 viderim,
867 1600 981 1648 qualo
1008 1598 1232 1636 aediticium
1262 1600 1432 1637 futurum
1462 1598 1509 1637 sit

120 1683 133 1695 ⁶
178 1663 274 1702 scire
312 1663 471 1714 possim.
537 1665 679 1713 Neque
717 1672 849 1702 tamen
888 1665 1019 1702 adhuc
1059 1664 1187 1701 liabeo
1227 1665 1334 1712 quod
1374 1672 1411 1702 te
1449 1677 1550 1703 etc-2

177 1742 338 1775 cuscm;
378 1742 506 1778 neque
545 1728 647 1767 enim
690 1728 760 1766 fuit
790 1730 897 1778 quod
933 1736 973 1766 tu
1008 1730 1095 1777 plus
1130 1729 1334 1777 providere
1373 1742 1508 1778 posses

177 1808 294 1843 quam
325 1793 451 1844 quivis
481 1802 658 1832 nostrum
689 1793 726 1831 in
758 1793 971 1842 primisque
1002 1807 1085 1842 ego,
1109 1792 1176 1842 qui
1203 1806 1292 1830 cum
1317 1793 1508 1842 Pompeio

178 1859 389 1908 compluris
410 1857 493 1896 dics
519 1858 634 1896 nullis
660 1858 699 1895 in
723 1858 808 1896 aliis⁴
837 1857 908 1895 nisi
937 1858 986 1895 (le
1011 1872 1050 1895 rc
1076 1857 1233 1907 publica
1261 1857 1507 1896 sermonibus

178 1932 350 1962 versatus
371 1938 456 1962 sum
478 1939 485 1970 3
515 1938 615 1973 quac
643 1937 716 1961 ncc
740 1932 905 1973 possunt
932 1923 1047 1961 scribi
1070 1937 1142 1962 ncc
1164 1923 1371 1962 scribenda
1391 1933 1480 1962 sunt
1500 1939 1508 1971 3

179 1997 330 2027 tantum
369 1989 525 2035 habeto,
567 1988 692 2026 civem
738 1988 933 2039 egregium
979 2003 1064 2027 csse
1109 1988 1337 2040 Pompeium
1381 1997 1418 2027 et
1456 1990 1506 2027 ad

177 2054 320 2101 omnia,
351 2068 452 2104 quac
486 2053 729 2103 providenda
761 2062 851 2092 sunt
881 2053 920 2091 in
956 2068 995 2092 re
1030 2054 1197 2103 publica,
1232 2063 1269 2092 ct
1302 2053 1435 2093 animo
1470 2063 1506 2093 ct

176 2119 340 2158 consilio
356 2128 545 2170 paratum.
588 2121 679 2169 Qua
699 2134 737 2158 rc
759 2121 809 2158 (la
831 2127 868 2158 tc
888 2119 1039 2158 homini
1058 2135 1068 2167 3
1097 2121 1390 2170 complectetur,
1411 2120 1504 2157 mihi

223 2235 235 2253 1
263 2229 301 2254 tr.
324 2225 385 2263 pm
405 2224 563 2254 tirannus
576 2224 690 2263 publio
708 2224 856 2254 lentulus
874 2224 981 2254 codd:
1009 2224 1044 2263 ‘s
1066 2224 1083 2254 i.
1104 2236 1134 2255 2.
1157 2234 1164 2252 1
1279 2235 1298 2263 3
1323 2224 1427 2254 senati
1448 2223 1503 2255 ill:

175 2273 311 2298 senatus
331 2268 379 2299 G:
415 2269 497 2298 notas
516 2267 574 2298 dal
596 2269 628 2298 R
768 2278 772 2296 ι
789 2278 796 2295 1
826 2267 910 2297 Vide
929 2292 934 2297 .
954 2292 960 2297 .
979 2291 986 2298 .
1007 2269 1145 2307 cognovi
1170 2269 1202 2297 sl!
1217 2268 1435 2307 parenthesim
1457 2268 1502 2296 1'11-

174 2311 272 2341 clndz't
296 2311 419 2341 Msiller
566 2322 605 2350 27
632 2312 706 2350 Qua
735 2322 768 2341 rc
786 2335 791 2341 .
812 2335 817 2340 .
839 2336 844 2341 .
863 2312 964 2341 crcdc
996 2311 1119 2342 Lucilio
1143 2312 1326 2342 altm'bnmtl
1356 2309 1457 2340 Orcllt'
1477 2314 1506 2339 cl

177 2354 299 2384 Luciam
324 2355 445 2385 Malla·
552 2356 794 2394 complectetur
808 2354 864 2384 M:
902 2355 1194 2395 complectendum
1216 2355 1297 2385 GR:
1318 2355 1396 2393 smt.
1416 2365 1504 2383 com—

173 2397 407 2437 plectendu1n;
432 2399 678 2438 complectetur
