<?xml version="1.0" encoding="UTF-8"?>
<!DOCTYPE html PUBLIC "-//W3C//DTD XHTML 1.0 Transitional//EN"
    "http://www.w3.org/TR/xhtml1/DTD/xhtml1-transitional.dtd">
<html xmlns="http://www.w3.org/1999/xhtml" xml:lang="en" lang="en">
 <head>
  <title>
</title>
<meta http-equiv="Content-Type" content="text/html;charset=utf-8" />
  <meta name='ocr-system' content='tesseract 3.04.00' />
  <meta name='ocr-capabilities' content='ocr_page ocr_carea ocr_par ocr_line ocrx_word'/>
</head>
<body>
  <div class='ocr_page' id='page_1' title='image "./epistulaerecogno01ciceuoft_0214.png"; bbox 0 0 1791 2796; ppageno 0'>
   <div class='ocr_carea' id='block_1_1' title="bbox 87 144 1207 206">
    <p class='ocr_par' dir='ltr' id='par_1_1' title="bbox 87 144 1207 206">
     <span class='ocr_line' id='line_1_1' title="bbox 87 144 1207 206; baseline -0.002 -23"><span class='ocrx_word' id='word_1_1' title='bbox 87 148 181 185; x_wconf 65' lang='lat' dir='ltr'>VII.</span> <span class='ocrx_word' id='word_1_2' title='bbox 207 146 298 184; x_wconf 90' lang='lat' dir='ltr'>xvii</span> <span class='ocrx_word' id='word_1_3' title='bbox 614 147 669 183; x_wconf 81' lang='lat' dir='ltr'>M.</span> <span class='ocrx_word' id='word_1_4' title='bbox 701 145 868 206; x_wconf 67' lang='lat' dir='ltr'>TVLLI</span> <span class='ocrx_word' id='word_1_5' title='bbox 901 144 1207 183; x_wconf 69' lang='lat' dir='ltr'>CICERONIS</span> 
     </span>
    </p>
   </div>
   <div class='ocr_carea' id='block_1_2' title="bbox 203 253 1691 1750">
    <p class='ocr_par' dir='ltr' id='par_1_2' title="bbox 241 253 1642 1159">
     <span class='ocr_line' id='line_1_2' title="bbox 241 253 1571 307; baseline -0.003 -11"><span class='ocrx_word' id='word_1_6' title='bbox 241 258 432 297; x_wconf 86' lang='lat' dir='ltr'>tuendum</span> <span class='ocrx_word' id='word_1_7' title='bbox 456 256 551 296; x_wconf 84' lang='lat' dir='ltr'>mihi</span> <span class='ocrx_word' id='word_1_8' title='bbox 572 257 642 296; x_wconf 83' lang='lat' dir='ltr'>sed</span> <span class='ocrx_word' id='word_1_9' title='bbox 664 255 780 295; x_wconf 87' lang='lat' dir='ltr'>etiam</span> <span class='ocrx_word' id='word_1_10' title='bbox 802 256 1027 307; x_wconf 80' lang='lat' dir='ltr'>augendum</span> <span class='ocrx_word' id='word_1_11' title='bbox 1049 262 1167 305; x_wconf 86' lang='lat' dir='ltr'>atque</span> <span class='ocrx_word' id='word_1_12' title='bbox 1189 254 1409 294; x_wconf 87' lang='lat' dir='ltr'>ornandum</span> <span class='ocrx_word' id='word_1_13' title='bbox 1428 253 1571 306; x_wconf 87' lang='lat' dir='ltr'>putavi.</span> 
     </span>
     <span class='ocr_line' id='line_1_3' title="bbox 242 318 1573 374; baseline -0.003 -13"><span class='ocrx_word' id='word_1_14' title='bbox 242 324 381 374; x_wconf 83' lang='lat' dir='ltr'>Itaque</span> <span class='ocrx_word' id='word_1_15' title='bbox 417 324 549 374; x_wconf 87' lang='lat' dir='ltr'>quoad</span> <span class='ocrx_word' id='word_1_16' title='bbox 584 321 766 373; x_wconf 78' lang='lat' dir='ltr'>opinatus</span> <span class='ocrx_word' id='word_1_17' title='bbox 801 335 886 360; x_wconf 89' lang='lat' dir='ltr'>sum</span> <span class='ocrx_word' id='word_1_18' title='bbox 925 334 987 359; x_wconf 88' lang='lat' dir='ltr'>me</span> <span class='ocrx_word' id='word_1_19' title='bbox 1023 319 1062 358; x_wconf 91' lang='lat' dir='ltr'>in</span> <span class='ocrx_word' id='word_1_20' title='bbox 1096 319 1337 371; x_wconf 83' lang='lat' dir='ltr'>provinciam</span> <span class='ocrx_word' id='word_1_21' title='bbox 1370 318 1573 366; x_wconf 81' lang='lat' dir='ltr'>exiturum,</span> 
     </span>
     <span class='ocr_line' id='line_1_4' title="bbox 242 384 1578 438; baseline -0.003 -12"><span class='ocrx_word' id='word_1_22' title='bbox 242 402 342 438; x_wconf 78' lang='lat' dir='ltr'>quae</span> <span class='ocrx_word' id='word_1_23' title='bbox 377 389 427 427; x_wconf 89' lang='lat' dir='ltr'>ad</span> <span class='ocrx_word' id='word_1_24' title='bbox 466 396 504 426; x_wconf 90' lang='lat' dir='ltr'>te</span> <span class='ocrx_word' id='word_1_25' title='bbox 538 389 639 427; x_wconf 89' lang='lat' dir='ltr'>ultro</span> <span class='ocrx_word' id='word_1_26' title='bbox 675 385 881 426; x_wconf 71' lang='lat' dir='ltr'>detulerim</span> <span class='ocrx_word' id='word_1_27' title='bbox 914 384 1140 424; x_wconf 74' lang='lat' dir='ltr'>meminisse</span> <span class='ocrx_word' id='word_1_28' title='bbox 1173 393 1210 424; x_wconf 91' lang='lat' dir='ltr'>te</span> <span class='ocrx_word' id='word_1_29' title='bbox 1245 385 1374 424; x_wconf 91' lang='lat' dir='ltr'>credo.</span> <span class='ocrx_word' id='word_1_30' title='bbox 1435 386 1578 423; x_wconf 81' lang='lat' dir='ltr'>Postea</span> 
     </span>
     <span class='ocr_line' id='line_1_5' title="bbox 242 448 1578 504; baseline -0.004 -12"><span class='ocrx_word' id='word_1_31' title='bbox 242 467 360 504; x_wconf 77' lang='lat' dir='ltr'>quam</span> <span class='ocrx_word' id='word_1_32' title='bbox 378 467 423 492; x_wconf 91' lang='lat' dir='ltr'>ea</span> <span class='ocrx_word' id='word_1_33' title='bbox 441 460 588 491; x_wconf 85' lang='lat' dir='ltr'>mutata</span> <span class='ocrx_word' id='word_1_34' title='bbox 605 452 701 491; x_wconf 85' lang='lat' dir='ltr'>ratio</span> <span class='ocrx_word' id='word_1_35' title='bbox 723 460 791 499; x_wconf 88' lang='lat' dir='ltr'>est,</span> <span class='ocrx_word' id='word_1_36' title='bbox 810 465 900 490; x_wconf 92' lang='lat' dir='ltr'>cum</span> <span class='ocrx_word' id='word_1_37' title='bbox 918 451 1090 491; x_wconf 86' lang='lat' dir='ltr'>viderem</span> <span class='ocrx_word' id='word_1_38' title='bbox 1113 465 1175 490; x_wconf 88' lang='lat' dir='ltr'>me</span> <span class='ocrx_word' id='word_1_39' title='bbox 1196 464 1218 489; x_wconf 91' lang='lat' dir='ltr'>a</span> <span class='ocrx_word' id='word_1_40' title='bbox 1235 452 1403 491; x_wconf 77' lang='lat' dir='ltr'><strong>Caesare</strong></span> <span class='ocrx_word' id='word_1_41' title='bbox 1424 448 1578 490; x_wconf 88' lang='lat' dir='ltr'>honori-</span> 
     </span>
     <span class='ocr_line' id='line_1_6' title="bbox 245 514 1616 569; baseline -0.004 -12"><span class='ocrx_word' id='word_1_42' title='bbox 245 518 494 558; x_wconf 76' lang='lat' dir='ltr'>ficentissime</span> <span class='ocrx_word' id='word_1_43' title='bbox 539 517 691 556; x_wconf 88' lang='lat' dir='ltr'>tractari</span> <span class='ocrx_word' id='word_1_44' title='bbox 735 525 771 556; x_wconf 87' lang='lat' dir='ltr'>et</span> <span class='ocrx_word' id='word_1_45' title='bbox 818 517 933 555; x_wconf 89' lang='lat' dir='ltr'>unice</span> <span class='ocrx_word' id='word_1_46' title='bbox 972 516 1078 568; x_wconf 82' lang='lat' dir='ltr'>diligi</span> <span class='ocrx_word' id='word_1_47' title='bbox 1125 515 1375 567; x_wconf 81' lang='lat' dir='ltr'>hominisque</span> <span class='ocrx_word' id='word_1_48' title='bbox 1417 514 1580 569; x_wconf 73' lang='lat' dir='ltr'>liberali-</span> <span class='ocrx_word' id='word_1_49' title='bbox 1600 526 1616 558; x_wconf 88' lang='lat'><strong>5</strong></span> 
     </span>
     <span class='ocr_line' id='line_1_7' title="bbox 243 580 1579 633; baseline -0.003 -10"><span class='ocrx_word' id='word_1_50' title='bbox 243 593 363 623; x_wconf 88' lang='lat' dir='ltr'>tatem</span> <span class='ocrx_word' id='word_1_51' title='bbox 395 583 665 623; x_wconf 79' lang='lat' dir='ltr'>incredibilem</span> <span class='ocrx_word' id='word_1_52' title='bbox 699 590 736 621; x_wconf 87' lang='lat' dir='ltr'>et</span> <span class='ocrx_word' id='word_1_53' title='bbox 768 582 1003 633; x_wconf 82' lang='lat' dir='ltr'>singularem</span> <span class='ocrx_word' id='word_1_54' title='bbox 1037 582 1156 620; x_wconf 88' lang='lat' dir='ltr'>fidem</span> <span class='ocrx_word' id='word_1_55' title='bbox 1191 594 1361 629; x_wconf 80' lang='lat' dir='ltr'>nossem,</span> <span class='ocrx_word' id='word_1_56' title='bbox 1393 580 1448 619; x_wconf 88' lang='lat' dir='ltr'>sic</span> <span class='ocrx_word' id='word_1_57' title='bbox 1477 580 1511 619; x_wconf 90' lang='lat' dir='ltr'>ei</span> <span class='ocrx_word' id='word_1_58' title='bbox 1542 588 1579 619; x_wconf 85' lang='lat' dir='ltr'>te</span> 
     </span>
     <span class='ocr_line' id='line_1_8' title="bbox 243 645 1580 698; baseline -0.004 -9"><span class='ocrx_word' id='word_1_59' title='bbox 243 649 518 689; x_wconf 77' lang='lat' dir='ltr'>commendavi</span> <span class='ocrx_word' id='word_1_60' title='bbox 565 656 603 688; x_wconf 91' lang='lat' dir='ltr'>et</span> <span class='ocrx_word' id='word_1_61' title='bbox 649 647 802 695; x_wconf 84' lang='lat' dir='ltr'>tradidi,</span> <span class='ocrx_word' id='word_1_62' title='bbox 847 655 889 686; x_wconf 91' lang='lat' dir='ltr'>ut</span> <span class='ocrx_word' id='word_1_63' title='bbox 934 646 1159 698; x_wconf 72' lang='lat' dir='ltr'>gravissime</span> <span class='ocrx_word' id='word_1_64' title='bbox 1204 645 1580 698; x_wconf 76' lang='lat' dir='ltr'>diligentissimeque</span> 
     </span>
     <span class='ocr_line' id='line_1_9' title="bbox 244 711 1581 767; baseline -0.004 -13"><span class='ocrx_word' id='word_1_65' title='bbox 244 715 364 767; x_wconf 87' lang='lat' dir='ltr'>potui.</span> <span class='ocrx_word' id='word_1_66' title='bbox 425 716 547 765; x_wconf 84' lang='lat' dir='ltr'>Quod</span> <span class='ocrx_word' id='word_1_67' title='bbox 572 714 634 753; x_wconf 89' lang='lat' dir='ltr'>ille</span> <span class='ocrx_word' id='word_1_68' title='bbox 660 713 712 753; x_wconf 87' lang='lat' dir='ltr'>ita</span> <span class='ocrx_word' id='word_1_69' title='bbox 739 722 777 753; x_wconf 87' lang='lat' dir='ltr'>et</span> <span class='ocrx_word' id='word_1_70' title='bbox 804 713 956 764; x_wconf 83' lang='lat' dir='ltr'>accepit</span> <span class='ocrx_word' id='word_1_71' title='bbox 983 721 1020 751; x_wconf 89' lang='lat' dir='ltr'>et</span> <span class='ocrx_word' id='word_1_72' title='bbox 1052 712 1147 751; x_wconf 85' lang='lat' dir='ltr'>mihi</span> <span class='ocrx_word' id='word_1_73' title='bbox 1175 726 1291 763; x_wconf 82' lang='lat' dir='ltr'>saepe</span> <span class='ocrx_word' id='word_1_74' title='bbox 1312 711 1447 751; x_wconf 91' lang='lat' dir='ltr'>litteris</span> <span class='ocrx_word' id='word_1_75' title='bbox 1468 711 1581 762; x_wconf 82' lang='lat' dir='ltr'>signi-</span> 
     </span>
     <span class='ocr_line' id='line_1_10' title="bbox 245 776 1581 820; baseline -0.003 0"><span class='ocrx_word' id='word_1_76' title='bbox 245 781 374 820; x_wconf 79' lang='lat' dir='ltr'>ficavit</span> <span class='ocrx_word' id='word_1_77' title='bbox 401 788 439 820; x_wconf 89' lang='lat' dir='ltr'>et</span> <span class='ocrx_word' id='word_1_78' title='bbox 466 779 536 818; x_wconf 90' lang='lat' dir='ltr'>tibi</span> <span class='ocrx_word' id='word_1_79' title='bbox 566 788 604 818; x_wconf 89' lang='lat' dir='ltr'>et</span> <span class='ocrx_word' id='word_1_80' title='bbox 624 779 751 818; x_wconf 80' lang='lat' dir='ltr'>verbis</span> <span class='ocrx_word' id='word_1_81' title='bbox 782 787 820 817; x_wconf 88' lang='lat' dir='ltr'>et</span> <span class='ocrx_word' id='word_1_82' title='bbox 850 793 889 817; x_wconf 88' lang='lat' dir='ltr'>re</span> <span class='ocrx_word' id='word_1_83' title='bbox 919 777 1092 817; x_wconf 81' lang='lat' dir='ltr'>ostendit</span> <span class='ocrx_word' id='word_1_84' title='bbox 1123 791 1211 817; x_wconf 86' lang='lat' dir='ltr'>mea</span> <span class='ocrx_word' id='word_1_85' title='bbox 1234 776 1581 817; x_wconf 83' lang='lat' dir='ltr'>commendatione</span> 
     </span>
     <span class='ocr_line' id='line_1_11' title="bbox 245 835 1642 890; baseline -0.004 -4"><span class='ocrx_word' id='word_1_86' title='bbox 245 835 331 886; x_wconf 73' lang='lat' dir='ltr'>sese</span> <span class='ocrx_word' id='word_1_87' title='bbox 350 847 463 886; x_wconf 78' lang='lat' dir='ltr'>valde</span> <span class='ocrx_word' id='word_1_88' title='bbox 493 859 577 884; x_wconf 87' lang='lat' dir='ltr'>esse</span> <span class='ocrx_word' id='word_1_89' title='bbox 607 852 863 884; x_wconf 88' lang='lat' dir='ltr'>commotum.</span> <span class='ocrx_word' id='word_1_90' title='bbox 926 845 1049 882; x_wconf 88' lang='lat' dir='ltr'>Hunc</span> <span class='ocrx_word' id='word_1_91' title='bbox 1080 850 1120 881; x_wconf 89' lang='lat' dir='ltr'>tu</span> <span class='ocrx_word' id='word_1_92' title='bbox 1142 842 1267 881; x_wconf 77' lang='lat' dir='ltr'>virum</span> <span class='ocrx_word' id='word_1_93' title='bbox 1295 850 1443 890; x_wconf 91' lang='lat' dir='ltr'>nactus,</span> <span class='ocrx_word' id='word_1_94' title='bbox 1466 842 1497 881; x_wconf 90' lang='lat' dir='ltr'>si</span> <span class='ocrx_word' id='word_1_95' title='bbox 1519 856 1581 881; x_wconf 89' lang='lat' dir='ltr'>me</span> <span class='ocrx_word' id='word_1_96' title='bbox 1606 854 1642 876; x_wconf 87' lang='grc' dir='ltr'>ιο</span> 
     </span>
     <span class='ocr_line' id='line_1_12' title="bbox 244 906 1583 963; baseline -0.004 -11"><span class='ocrx_word' id='word_1_97' title='bbox 244 921 312 952; x_wconf 90' lang='lat' dir='ltr'>aut</span> <span class='ocrx_word' id='word_1_98' title='bbox 333 926 467 963; x_wconf 78' lang='lat' dir='ltr'>sapere</span> <span class='ocrx_word' id='word_1_99' title='bbox 486 911 635 962; x_wconf 82' lang='lat' dir='ltr'>aliquid</span> <span class='ocrx_word' id='word_1_100' title='bbox 655 918 721 948; x_wconf 86' lang='lat' dir='ltr'>aut</span> <span class='ocrx_word' id='word_1_101' title='bbox 742 911 840 948; x_wconf 88' lang='lat' dir='ltr'>velle</span> <span class='ocrx_word' id='word_1_102' title='bbox 868 917 935 948; x_wconf 89' lang='lat' dir='ltr'>tua</span> <span class='ocrx_word' id='word_1_103' title='bbox 962 922 1079 947; x_wconf 84' lang='lat' dir='ltr'>causa</span> <span class='ocrx_word' id='word_1_104' title='bbox 1099 916 1227 960; x_wconf 82' lang='lat' dir='ltr'>putas,</span> <span class='ocrx_word' id='word_1_105' title='bbox 1247 922 1297 947; x_wconf 91' lang='lat' dir='ltr'>ne</span> <span class='ocrx_word' id='word_1_106' title='bbox 1318 906 1510 947; x_wconf 85' lang='lat' dir='ltr'>dimiseris</span> <span class='ocrx_word' id='word_1_107' title='bbox 1531 915 1583 956; x_wconf 84' lang='lat' dir='ltr'>et,</span> 
     </span>
     <span class='ocr_line' id='line_1_13' title="bbox 245 973 1582 1028; baseline -0.003 -12"><span class='ocrx_word' id='word_1_108' title='bbox 245 980 398 1028; x_wconf 73' lang='lat' dir='ltr'>siquae</span> <span class='ocrx_word' id='word_1_109' title='bbox 426 985 464 1016; x_wconf 90' lang='lat' dir='ltr'>te</span> <span class='ocrx_word' id='word_1_110' title='bbox 490 978 588 1016; x_wconf 88' lang='lat' dir='ltr'>forte</span> <span class='ocrx_word' id='word_1_111' title='bbox 615 990 674 1014; x_wconf 90' lang='lat' dir='ltr'>res</span> <span class='ocrx_word' id='word_1_112' title='bbox 701 975 915 1025; x_wconf 82' lang='lat' dir='ltr'>aliquando</span> <span class='ocrx_word' id='word_1_113' title='bbox 946 973 1164 1022; x_wconf 83' lang='lat' dir='ltr'>offenderit,</span> <span class='ocrx_word' id='word_1_114' title='bbox 1188 987 1278 1012; x_wconf 90' lang='lat' dir='ltr'>cum</span> <span class='ocrx_word' id='word_1_115' title='bbox 1300 973 1363 1012; x_wconf 85' lang='lat' dir='ltr'>ille</span> <span class='ocrx_word' id='word_1_116' title='bbox 1383 980 1449 1012; x_wconf 85' lang='lat' dir='ltr'>aut</span> <span class='ocrx_word' id='word_1_117' title='bbox 1470 987 1582 1012; x_wconf 87' lang='lat' dir='ltr'>occu-</span> 
     </span>
     <span class='ocr_line' id='line_1_14' title="bbox 247 1038 1583 1095; baseline -0.004 -13"><span class='ocrx_word' id='word_1_118' title='bbox 247 1043 405 1095; x_wconf 86' lang='lat' dir='ltr'>patione</span> <span class='ocrx_word' id='word_1_119' title='bbox 436 1050 503 1081; x_wconf 92' lang='lat' dir='ltr'>aut</span> <span class='ocrx_word' id='word_1_120' title='bbox 541 1042 769 1081; x_wconf 84' lang='lat' dir='ltr'>difficultate</span> <span class='ocrx_word' id='word_1_121' title='bbox 804 1039 950 1079; x_wconf 81' lang='lat' dir='ltr'>tardior</span> <span class='ocrx_word' id='word_1_122' title='bbox 988 1039 1058 1079; x_wconf 89' lang='lat' dir='ltr'>tibi</span> <span class='ocrx_word' id='word_1_123' title='bbox 1091 1039 1161 1078; x_wconf 89' lang='lat' dir='ltr'>erit</span> <span class='ocrx_word' id='word_1_124' title='bbox 1195 1038 1311 1087; x_wconf 86' lang='lat' dir='ltr'>visus,</span> <span class='ocrx_word' id='word_1_125' title='bbox 1344 1039 1512 1089; x_wconf 89' lang='lat' dir='ltr'>perferto</span> <span class='ocrx_word' id='word_1_126' title='bbox 1546 1046 1583 1077; x_wconf 89' lang='lat' dir='ltr'>et</span> 
     </span>
     <span class='ocr_line' id='line_1_15' title="bbox 246 1104 1584 1159; baseline -0.004 -12"><span class='ocrx_word' id='word_1_127' title='bbox 246 1109 384 1148; x_wconf 88' lang='lat' dir='ltr'>ultima</span> <span class='ocrx_word' id='word_1_128' title='bbox 415 1114 640 1159; x_wconf 82' lang='lat' dir='ltr'>exspectato</span> <span class='ocrx_word' id='word_1_129' title='bbox 654 1122 664 1155; x_wconf 80' lang='lat'><em>3</em></span> <span class='ocrx_word' id='word_1_130' title='bbox 695 1120 796 1157; x_wconf 84' lang='lat' dir='ltr'>quae</span> <span class='ocrx_word' id='word_1_131' title='bbox 827 1119 899 1156; x_wconf 78' lang='lat' dir='ltr'>ego</span> <span class='ocrx_word' id='word_1_132' title='bbox 928 1105 999 1145; x_wconf 90' lang='lat' dir='ltr'>tibi</span> <span class='ocrx_word' id='word_1_133' title='bbox 1025 1104 1199 1145; x_wconf 85' lang='lat' dir='ltr'>iucunda</span> <span class='ocrx_word' id='word_1_134' title='bbox 1223 1112 1261 1144; x_wconf 90' lang='lat' dir='ltr'>et</span> <span class='ocrx_word' id='word_1_135' title='bbox 1289 1106 1455 1144; x_wconf 83' lang='lat' dir='ltr'>honesta</span> <span class='ocrx_word' id='word_1_136' title='bbox 1479 1118 1584 1155; x_wconf 89' lang='lat' dir='ltr'>prae-</span> 
     </span>
    </p>

    <p class='ocr_par' dir='ltr' id='par_1_3' title="bbox 203 1171 1691 1750">
     <span class='ocr_line' id='line_1_16' title="bbox 203 1171 1644 1220; baseline -0.003 -7"><span class='ocrx_word' id='word_1_137' title='bbox 203 1175 371 1220; x_wconf 86' lang='lat' dir='ltr'>3stab0.</span> <span class='ocrx_word' id='word_1_138' title='bbox 432 1172 612 1212; x_wconf 88' lang='lat' dir='ltr'>Pluribus</span> <span class='ocrx_word' id='word_1_139' title='bbox 651 1180 689 1211; x_wconf 88' lang='lat' dir='ltr'>te</span> <span class='ocrx_word' id='word_1_140' title='bbox 728 1171 872 1211; x_wconf 85' lang='lat' dir='ltr'>hortari</span> <span class='ocrx_word' id='word_1_141' title='bbox 915 1185 995 1210; x_wconf 92' lang='lat' dir='ltr'>non</span> <span class='ocrx_word' id='word_1_142' title='bbox 1034 1171 1191 1219; x_wconf 60' lang='lat' dir='ltr'>debeog</span> <span class='ocrx_word' id='word_1_143' title='bbox 1234 1179 1387 1209; x_wconf 89' lang='lat' dir='ltr'>tantum</span> <span class='ocrx_word' id='word_1_144' title='bbox 1427 1183 1585 1217; x_wconf 87' lang='lat' dir='ltr'>moneo,</span> <span class='ocrx_word' id='word_1_145' title='bbox 1611 1181 1644 1214; x_wconf 80' lang='lat'>15</span> 
     </span>
     <span class='ocr_line' id='line_1_17' title="bbox 248 1225 1691 1291; baseline -0.004 -12"><span class='ocrx_word' id='word_1_146' title='bbox 248 1253 377 1291; x_wconf 80' lang='lat' dir='ltr'>neque</span> <span class='ocrx_word' id='word_1_147' title='bbox 397 1238 591 1278; x_wconf 80' lang='lat' dir='ltr'>amicitiae</span> <span class='ocrx_word' id='word_1_148' title='bbox 612 1238 907 1277; x_wconf 85' lang='lat' dir='ltr'>confirmandae</span> <span class='ocrx_word' id='word_1_149' title='bbox 937 1237 1139 1277; x_wconf 81' lang='lat' dir='ltr'>clarissimi</span> <span class='ocrx_word' id='word_1_150' title='bbox 1167 1251 1212 1276; x_wconf 90' lang='lat' dir='ltr'>ac</span> <span class='ocrx_word' id='word_1_151' title='bbox 1236 1235 1494 1276; x_wconf 82' lang='lat' dir='ltr'>liberalissimi</span> <span class='ocrx_word' id='word_1_152' title='bbox 1517 1234 1585 1274; x_wconf 90' lang='lat' dir='ltr'>viri</span> <span class='ocrx_word' id='word_1_153' title='bbox 1687 1225 1691 1229; x_wconf 40' lang='lat'><strong>⁴</strong></span> 
     </span>
     <span class='ocr_line' id='line_1_18' title="bbox 249 1301 1584 1357; baseline -0.004 -13"><span class='ocrx_word' id='word_1_154' title='bbox 249 1319 378 1357; x_wconf 81' lang='lat' dir='ltr'>neque</span> <span class='ocrx_word' id='word_1_155' title='bbox 410 1304 598 1344; x_wconf 86' lang='lat' dir='ltr'>uberioris</span> <span class='ocrx_word' id='word_1_156' title='bbox 637 1303 861 1355; x_wconf 82' lang='lat' dir='ltr'>provinciae</span> <span class='ocrx_word' id='word_1_157' title='bbox 900 1317 1029 1354; x_wconf 84' lang='lat' dir='ltr'>neque</span> <span class='ocrx_word' id='word_1_158' title='bbox 1068 1302 1205 1342; x_wconf 88' lang='lat' dir='ltr'>aetatis</span> <span class='ocrx_word' id='word_1_159' title='bbox 1240 1302 1362 1353; x_wconf 86' lang='lat' dir='ltr'>magis</span> <span class='ocrx_word' id='word_1_160' title='bbox 1396 1301 1584 1357; x_wconf 89' lang='lat' dir='ltr'>idoneum</span> 
     </span>
     <span class='ocr_line' id='line_1_19' title="bbox 250 1369 1582 1422; baseline -0.003 -13"><span class='ocrx_word' id='word_1_161' title='bbox 250 1380 415 1422; x_wconf 83' lang='lat' dir='ltr'>tempus,</span> <span class='ocrx_word' id='word_1_162' title='bbox 440 1370 470 1409; x_wconf 89' lang='lat' dir='ltr'>si</span> <span class='ocrx_word' id='word_1_163' title='bbox 492 1371 567 1409; x_wconf 85' lang='lat' dir='ltr'>hoc</span> <span class='ocrx_word' id='word_1_164' title='bbox 587 1369 772 1417; x_wconf 79' lang='lat' dir='ltr'>amiseris,</span> <span class='ocrx_word' id='word_1_165' title='bbox 797 1377 834 1408; x_wconf 89' lang='lat' dir='ltr'>te</span> <span class='ocrx_word' id='word_1_166' title='bbox 859 1384 943 1408; x_wconf 81' lang='lat' dir='ltr'>esse</span> <span class='ocrx_word' id='word_1_167' title='bbox 972 1371 1093 1408; x_wconf 89' lang='lat' dir='ltr'>ullum</span> <span class='ocrx_word' id='word_1_168' title='bbox 1120 1382 1308 1420; x_wconf 86' lang='lat' dir='ltr'>umquam</span> <span class='ocrx_word' id='word_1_169' title='bbox 1330 1376 1582 1418; x_wconf 89' lang='lat' dir='ltr'>reperturum.</span> 
     </span>
     <span class='ocr_line' id='line_1_20' title="bbox 256 1432 1583 1486; baseline -0.002 -12"><span class='ocrx_word' id='word_1_170' title='bbox 256 1438 393 1483; x_wconf 79' lang='lat' dir='ltr'>⁴Hoc,&#39;</span> <span class='ocrx_word' id='word_1_171' title='bbox 414 1450 532 1486; x_wconf 85' lang='lat' dir='ltr'>quem</span> <span class='ocrx_word' id='word_1_172' title='bbox 554 1436 604 1475; x_wconf 90' lang='lat' dir='ltr'>ad</span> <span class='ocrx_word' id='word_1_173' title='bbox 626 1436 788 1474; x_wconf 91' lang='lat' dir='ltr'>modum</span> <span class='ocrx_word' id='word_1_174' title='bbox 811 1449 879 1474; x_wconf 78' lang='lat' dir='ltr'>vos</span> <span class='ocrx_word' id='word_1_175' title='bbox 901 1435 1069 1474; x_wconf 87' lang='lat' dir='ltr'>scribere</span> <span class='ocrx_word' id='word_1_176' title='bbox 1090 1434 1222 1474; x_wconf 88' lang='lat' dir='ltr'>soletis</span> <span class='ocrx_word' id='word_1_177' title='bbox 1250 1434 1289 1473; x_wconf 93' lang='lat' dir='ltr'>in</span> <span class='ocrx_word' id='word_1_178' title='bbox 1310 1433 1446 1473; x_wconf 87' lang='lat' dir='ltr'>vestris</span> <span class='ocrx_word' id='word_1_179' title='bbox 1466 1432 1583 1479; x_wconf 82' lang='lat' dir='ltr'>libris,</span> 
     </span>
     <span class='ocr_line' id='line_1_21' title="bbox 258 1500 1648 1550; baseline -0.005 -10"><span class='ocrx_word' id='word_1_180' title='bbox 258 1502 383 1540; x_wconf 81' lang='lat' dir='ltr'>‘idem</span> <span class='ocrx_word' id='word_1_181' title='bbox 407 1504 454 1550; x_wconf 80' lang='lat' dir='ltr'>Q.</span> <span class='ocrx_word' id='word_1_182' title='bbox 480 1500 666 1541; x_wconf 72' lang='lat' dir='ltr'>Cornelio</span> <span class='ocrx_word' id='word_1_183' title='bbox 687 1500 917 1539; x_wconf 67' lang='lat' dir='ltr'>videbatur.y</span> <span class='ocrx_word' id='word_1_184' title='bbox 974 1501 1021 1538; x_wconf 88' lang='lat' dir='ltr'>In</span> <span class='ocrx_word' id='word_1_185' title='bbox 1046 1500 1287 1539; x_wconf 74' lang='lat' dir='ltr'>Britanniam</span> <span class='ocrx_word' id='word_1_186' title='bbox 1310 1508 1346 1538; x_wconf 89' lang='lat' dir='ltr'>te</span> <span class='ocrx_word' id='word_1_187' title='bbox 1367 1500 1585 1550; x_wconf 85' lang='lat' dir='ltr'>profectum</span> <span class='ocrx_word' id='word_1_188' title='bbox 1609 1511 1648 1533; x_wconf 59' lang='grc' dir='ltr'>’.νο</span> 
     </span>
     <span class='ocr_line' id='line_1_22' title="bbox 252 1564 1587 1617; baseline -0.004 -11"><span class='ocrx_word' id='word_1_189' title='bbox 252 1582 331 1606; x_wconf 84' lang='lat' dir='ltr'>non</span> <span class='ocrx_word' id='word_1_190' title='bbox 358 1582 441 1606; x_wconf 78' lang='lat' dir='ltr'>esse</span> <span class='ocrx_word' id='word_1_191' title='bbox 468 1567 633 1617; x_wconf 76' lang='lat' dir='ltr'>gaudeo,</span> <span class='ocrx_word' id='word_1_192' title='bbox 657 1566 765 1616; x_wconf 78' lang='lat' dir='ltr'>quod</span> <span class='ocrx_word' id='word_1_193' title='bbox 787 1573 823 1604; x_wconf 88' lang='lat' dir='ltr'>et</span> <span class='ocrx_word' id='word_1_194' title='bbox 851 1566 984 1603; x_wconf 85' lang='lat' dir='ltr'>labore</span> <span class='ocrx_word' id='word_1_195' title='bbox 1012 1565 1166 1603; x_wconf 78' lang='lat' dir='ltr'>caruisti</span> <span class='ocrx_word' id='word_1_196' title='bbox 1190 1573 1227 1603; x_wconf 89' lang='lat' dir='ltr'>et</span> <span class='ocrx_word' id='word_1_197' title='bbox 1248 1578 1321 1615; x_wconf 80' lang='lat' dir='ltr'>ego</span> <span class='ocrx_word' id='word_1_198' title='bbox 1342 1572 1379 1603; x_wconf 88' lang='lat' dir='ltr'>te</span> <span class='ocrx_word' id='word_1_199' title='bbox 1400 1565 1449 1603; x_wconf 92' lang='lat' dir='ltr'>de</span> <span class='ocrx_word' id='word_1_200' title='bbox 1471 1564 1587 1602; x_wconf 87' lang='lat' dir='ltr'>rebus</span> 
     </span>
     <span class='ocr_line' id='line_1_23' title="bbox 254 1631 1588 1682; baseline -0.003 -11"><span class='ocrx_word' id='word_1_201' title='bbox 254 1633 326 1671; x_wconf 85' lang='lat' dir='ltr'>illis</span> <span class='ocrx_word' id='word_1_202' title='bbox 349 1647 426 1672; x_wconf 90' lang='lat' dir='ltr'>non</span> <span class='ocrx_word' id='word_1_203' title='bbox 448 1632 616 1671; x_wconf 84' lang='lat' dir='ltr'>audiam.</span> <span class='ocrx_word' id='word_1_204' title='bbox 677 1631 760 1671; x_wconf 86' lang='lat' dir='ltr'>Ubi</span> <span class='ocrx_word' id='word_1_205' title='bbox 786 1631 836 1670; x_wconf 82' lang='lat' dir='ltr'>sis</span> <span class='ocrx_word' id='word_1_206' title='bbox 862 1631 1135 1670; x_wconf 78' lang='lat' dir='ltr'>hibernaturus</span> <span class='ocrx_word' id='word_1_207' title='bbox 1164 1638 1200 1670; x_wconf 90' lang='lat' dir='ltr'>et</span> <span class='ocrx_word' id='word_1_208' title='bbox 1225 1644 1303 1681; x_wconf 82' lang='lat' dir='ltr'>qua</span> <span class='ocrx_word' id='word_1_209' title='bbox 1324 1643 1392 1682; x_wconf 86' lang='lat' dir='ltr'>spe</span> <span class='ocrx_word' id='word_1_210' title='bbox 1412 1636 1478 1668; x_wconf 88' lang='lat' dir='ltr'>aut</span> <span class='ocrx_word' id='word_1_211' title='bbox 1499 1642 1588 1668; x_wconf 88' lang='lat' dir='ltr'>con-</span> 
     </span>
     <span class='ocr_line' id='line_1_24' title="bbox 254 1696 950 1750; baseline -0.006 -12"><span class='ocrx_word' id='word_1_212' title='bbox 254 1698 410 1738; x_wconf 83' lang='lat' dir='ltr'>dicione</span> <span class='ocrx_word' id='word_1_213' title='bbox 431 1697 647 1750; x_wconf 79' lang='lat' dir='ltr'>perscribas</span> <span class='ocrx_word' id='word_1_214' title='bbox 669 1698 718 1736; x_wconf 89' lang='lat' dir='ltr'>ad</span> <span class='ocrx_word' id='word_1_215' title='bbox 741 1710 803 1736; x_wconf 89' lang='lat' dir='ltr'>me</span> <span class='ocrx_word' id='word_1_216' title='bbox 823 1696 950 1735; x_wconf 72' lang='lat' dir='ltr'>velim.</span> 
     </span>
    </p>
   </div>
   <div class='ocr_carea' id='block_1_3' title="bbox 225 1846 1654 2411">
    <p class='ocr_par' dir='ltr' id='par_1_4' title="bbox 300 1846 1306 1890">
     <span class='ocr_line' id='line_1_25' title="bbox 300 1846 1306 1890; baseline -0.002 -9"><span class='ocrx_word' id='word_1_217' title='bbox 300 1846 460 1882; x_wconf 89' lang='lat' dir='ltr'><strong>XVIII</strong></span> <span class='ocrx_word' id='word_1_218' title='bbox 541 1848 608 1880; x_wconf 66' lang='lat' dir='ltr'>Str.</span> <span class='ocrx_word' id='word_1_219' title='bbox 630 1849 662 1879; x_wconf 77' lang='lat'><em>1¹11</em></span> <span class='ocrx_word' id='word_1_220' title='bbox 681 1847 857 1889; x_wconf 73' lang='lat' dir='ltr'>Pomptino</span> <span class='ocrx_word' id='word_1_221' title='bbox 876 1847 908 1879; x_wconf 72' lang='grc' dir='ltr'>ῑνί</span> <span class='ocrx_word' id='word_1_222' title='bbox 922 1848 969 1880; x_wconf 86' lang='lat' dir='ltr'>Id.</span> <span class='ocrx_word' id='word_1_223' title='bbox 993 1848 1075 1890; x_wconf 68' lang='lat' dir='ltr'>Asu:</span> <span class='ocrx_word' id='word_1_224' title='bbox 1099 1860 1126 1880; x_wconf 65' lang='grc' dir='ltr'>τι.</span> <span class='ocrx_word' id='word_1_225' title='bbox 1153 1858 1208 1889; x_wconf 78' lang='lat'>701</span> <span class='ocrx_word' id='word_1_226' title='bbox 1230 1848 1306 1889; x_wconf 53' lang='grc' dir='ltr'>(Βῖ.</span> 
     </span>
    </p>

    <p class='ocr_par' dir='ltr' id='par_1_5' title="bbox 674 1907 1651 1964">
     <span class='ocr_line' id='line_1_26' title="bbox 674 1907 1651 1964; baseline -0.002 -7"><span class='ocrx_word' id='word_1_227' title='bbox 674 1926 848 1957; x_wconf 65' lang='lat' dir='ltr'>e1C1÷Ro</span> <span class='ocrx_word' id='word_1_228' title='bbox 875 1925 1113 1957; x_wconf 71' lang='lat' dir='ltr'>‘ruizssA‘rro</span> <span class='ocrx_word' id='word_1_229' title='bbox 1142 1907 1200 1957; x_wconf 50' lang='lat' dir='ltr'><strong><em>ss</em></strong></span> <span class='ocrx_word' id='word_1_230' title='bbox 1615 1932 1651 1964; x_wconf 75' lang='lat'>:5</span> 
     </span>
    </p>

    <p class='ocr_par' dir='ltr' id='par_1_6' title="bbox 225 2004 1590 2055">
     <span class='ocr_line' id='line_1_27' title="bbox 225 2004 1590 2055; baseline -0.004 -12"><span class='ocrx_word' id='word_1_231' title='bbox 225 2016 240 2043; x_wconf 89' lang='lat'>1</span> <span class='ocrx_word' id='word_1_232' title='bbox 316 2004 458 2054; x_wconf 56' lang='lat' dir='ltr'>,xm-epi</span> <span class='ocrx_word' id='word_1_233' title='bbox 499 2018 521 2042; x_wconf 84' lang='lat' dir='ltr'>a</span> <span class='ocrx_word' id='word_1_234' title='bbox 568 2012 603 2042; x_wconf 89' lang='lat' dir='ltr'>te</span> <span class='ocrx_word' id='word_1_235' title='bbox 645 2004 793 2054; x_wconf 78' lang='lat' dir='ltr'>aliquot</span> <span class='ocrx_word' id='word_1_236' title='bbox 837 2004 1021 2055; x_wconf 75' lang='lat' dir='ltr'>epistulas</span> <span class='ocrx_word' id='word_1_237' title='bbox 1065 2019 1144 2043; x_wconf 87' lang='lat' dir='ltr'>uno</span> <span class='ocrx_word' id='word_1_238' title='bbox 1188 2012 1374 2054; x_wconf 88' lang='lat' dir='ltr'>tempore,</span> <span class='ocrx_word' id='word_1_239' title='bbox 1415 2014 1512 2052; x_wconf 86' lang='lat' dir='ltr'>quas</span> <span class='ocrx_word' id='word_1_240' title='bbox 1551 2007 1590 2037; x_wconf 90' lang='lat' dir='ltr'>tu</span> 
     </span>
    </p>

    <p class='ocr_par' dir='ltr' id='par_1_7' title="bbox 259 2067 1593 2120">
     <span class='ocr_line' id='line_1_28' title="bbox 259 2067 1593 2120; baseline -0.005 -11"><span class='ocrx_word' id='word_1_241' title='bbox 259 2069 419 2109; x_wconf 67' lang='lat' dir='ltr'>diversis</span> <span class='ocrx_word' id='word_1_242' title='bbox 448 2069 689 2119; x_wconf 69' lang='lat' dir='ltr'>temporibus</span> <span class='ocrx_word' id='word_1_243' title='bbox 711 2071 886 2109; x_wconf 75' lang='lat' dir='ltr'>dederas.</span> <span class='ocrx_word' id='word_1_244' title='bbox 949 2073 994 2109; x_wconf 88' lang='lat' dir='ltr'>In</span> <span class='ocrx_word' id='word_1_245' title='bbox 1017 2070 1160 2120; x_wconf 76' lang='lat' dir='ltr'>quibus</span> <span class='ocrx_word' id='word_1_246' title='bbox 1188 2083 1250 2107; x_wconf 90' lang='lat' dir='ltr'>me</span> <span class='ocrx_word' id='word_1_247' title='bbox 1277 2076 1405 2107; x_wconf 86' lang='lat' dir='ltr'>cetera</span> <span class='ocrx_word' id='word_1_248' title='bbox 1429 2067 1593 2105; x_wconf 86' lang='lat' dir='ltr'>delecta-</span> 
     </span>
    </p>

    <p class='ocr_par' dir='ltr' id='par_1_8' title="bbox 261 2130 1593 2185">
     <span class='ocr_line' id='line_1_29' title="bbox 261 2130 1593 2185; baseline -0.004 -12"><span class='ocrx_word' id='word_1_249' title='bbox 261 2144 348 2173; x_wconf 80' lang='lat' dir='ltr'>runt</span> <span class='ocrx_word' id='word_1_250' title='bbox 370 2151 375 2174; x_wconf 90' lang='lat'>:</span> <span class='ocrx_word' id='word_1_251' title='bbox 406 2135 677 2185; x_wconf 70' lang='lat' dir='ltr'>significabant</span> <span class='ocrx_word' id='word_1_252' title='bbox 699 2135 802 2174; x_wconf 89' lang='lat' dir='ltr'>enim</span> <span class='ocrx_word' id='word_1_253' title='bbox 827 2144 862 2174; x_wconf 88' lang='lat' dir='ltr'>te</span> <span class='ocrx_word' id='word_1_254' title='bbox 891 2136 1001 2175; x_wconf 84' lang='lat' dir='ltr'>istam</span> <span class='ocrx_word' id='word_1_255' title='bbox 1032 2135 1207 2174; x_wconf 89' lang='lat' dir='ltr'>militiam</span> <span class='ocrx_word' id='word_1_256' title='bbox 1231 2134 1305 2172; x_wconf 90' lang='lat' dir='ltr'>iam</span> <span class='ocrx_word' id='word_1_257' title='bbox 1330 2134 1440 2170; x_wconf 77' lang='lat' dir='ltr'>firmo</span> <span class='ocrx_word' id='word_1_258' title='bbox 1461 2130 1593 2180; x_wconf 80' lang='lat' dir='ltr'>animo</span> 
     </span>
    </p>

    <p class='ocr_par' dir='ltr' id='par_1_9' title="bbox 263 2195 1654 2311">
     <span class='ocr_line' id='line_1_30' title="bbox 263 2195 1594 2249; baseline -0.005 -10"><span class='ocrx_word' id='word_1_259' title='bbox 263 2203 357 2240; x_wconf 80' lang='lat' dir='ltr'>serre</span> <span class='ocrx_word' id='word_1_260' title='bbox 374 2209 410 2239; x_wconf 89' lang='lat' dir='ltr'>et</span> <span class='ocrx_word' id='word_1_261' title='bbox 428 2215 511 2239; x_wconf 74' lang='lat' dir='ltr'>esse</span> <span class='ocrx_word' id='word_1_262' title='bbox 534 2202 671 2239; x_wconf 78' lang='lat' dir='ltr'>sortem</span> <span class='ocrx_word' id='word_1_263' title='bbox 690 2201 812 2239; x_wconf 73' lang='lat' dir='ltr'>virum</span> <span class='ocrx_word' id='word_1_264' title='bbox 836 2209 872 2240; x_wconf 89' lang='lat' dir='ltr'>et</span> <span class='ocrx_word' id='word_1_265' title='bbox 894 2208 1138 2239; x_wconf 73' lang='lat' dir='ltr'>constantem</span> <span class='ocrx_word' id='word_1_266' title='bbox 1160 2214 1166 2239; x_wconf 90' lang='grc'>;</span> <span class='ocrx_word' id='word_1_267' title='bbox 1195 2213 1294 2249; x_wconf 84' lang='lat' dir='ltr'>quae</span> <span class='ocrx_word' id='word_1_268' title='bbox 1311 2211 1383 2247; x_wconf 76' lang='lat' dir='ltr'>ego</span> <span class='ocrx_word' id='word_1_269' title='bbox 1400 2195 1594 2247; x_wconf 84' lang='lat' dir='ltr'>paulisper</span> 
     </span>
     <span class='ocr_line' id='line_1_31' title="bbox 263 2259 1654 2311; baseline -0.007 -6"><span class='ocrx_word' id='word_1_270' title='bbox 263 2267 300 2305; x_wconf 87' lang='lat' dir='ltr'>in</span> <span class='ocrx_word' id='word_1_271' title='bbox 324 2275 359 2305; x_wconf 87' lang='lat' dir='ltr'>te</span> <span class='ocrx_word' id='word_1_272' title='bbox 382 2266 433 2304; x_wconf 87' lang='lat' dir='ltr'>ita</span> <span class='ocrx_word' id='word_1_273' title='bbox 453 2266 669 2305; x_wconf 74' lang='lat' dir='ltr'>desideravi</span> <span class='ocrx_word' id='word_1_274' title='bbox 694 2281 772 2305; x_wconf 91' lang='lat' dir='ltr'>non</span> <span class='ocrx_word' id='word_1_275' title='bbox 802 2265 1068 2305; x_wconf 87' lang='lat' dir='ltr'>imbecillitate</span> <span class='ocrx_word' id='word_1_276' title='bbox 1088 2263 1207 2303; x_wconf 88' lang='lat' dir='ltr'>animi</span> <span class='ocrx_word' id='word_1_277' title='bbox 1237 2262 1289 2301; x_wconf 87' lang='lat' dir='ltr'>tui</span> <span class='ocrx_word' id='word_1_278' title='bbox 1319 2263 1387 2300; x_wconf 86' lang='lat' dir='ltr'>sed</span> <span class='ocrx_word' id='word_1_279' title='bbox 1411 2259 1531 2311; x_wconf 78' lang='lat' dir='ltr'>magis</span> <span class='ocrx_word' id='word_1_280' title='bbox 1552 2266 1593 2297; x_wconf 92' lang='lat' dir='ltr'>ut</span> <span class='ocrx_word' id='word_1_281' title='bbox 1615 2272 1654 2304; x_wconf 84' lang='lat'>30</span> 
     </span>
    </p>

    <p class='ocr_par' dir='ltr' id='par_1_10' title="bbox 308 2363 1594 2411">
     <span class='ocr_line' id='line_1_32' title="bbox 308 2363 1594 2411; baseline -0.005 -8"><span class='ocrx_word' id='word_1_282' title='bbox 308 2385 326 2411; x_wconf 60' lang='grc' dir='ltr'>ξς</span> <span class='ocrx_word' id='word_1_283' title='bbox 353 2373 525 2402; x_wconf 53' lang='lat' dir='ltr'>detulerim</span> <span class='ocrx_word' id='word_1_284' title='bbox 562 2371 701 2402; x_wconf 57' lang='lat' dir='ltr'>Luam:</span> <span class='ocrx_word' id='word_1_285' title='bbox 743 2371 910 2402; x_wconf 81' lang='lat' dir='ltr'>attulerim</span> <span class='ocrx_word' id='word_1_286' title='bbox 945 2369 1034 2400; x_wconf 71' lang='lat' dir='ltr'>codd.</span> <span class='ocrx_word' id='word_1_287' title='bbox 1187 2370 1206 2398; x_wconf 87' lang='lat'>8</span> <span class='ocrx_word' id='word_1_288' title='bbox 1233 2368 1276 2398; x_wconf 88' lang='lat' dir='ltr'>ita</span> <span class='ocrx_word' id='word_1_289' title='bbox 1311 2366 1400 2395; x_wconf 70' lang='lat' dir='ltr'>MC:</span> <span class='ocrx_word' id='word_1_290' title='bbox 1441 2369 1534 2402; x_wconf 56' lang='lat' dir='ltr'>grith:</span> <span class='ocrx_word' id='word_1_291' title='bbox 1565 2363 1594 2393; x_wconf 65' lang='lat' dir='ltr'>l?</span> 
     </span>
    </p>
   </div>
   <div class='ocr_carea' id='block_1_4' title="bbox 264 2408 1594 2491">
    <p class='ocr_par' dir='ltr' id='par_1_11' title="bbox 264 2408 1594 2491">
     <span class='ocr_line' id='line_1_33' title="bbox 264 2408 1594 2456; baseline -0.007 -9"><span class='ocrx_word' id='word_1_292' title='bbox 264 2417 421 2447; x_wconf 58' lang='lat' dir='ltr'>ssimum</span> <span class='ocrx_word' id='word_1_293' title='bbox 447 2416 710 2456; x_wconf 69' lang='lat' dir='ltr'>.5c11111‹1l:‚s0rl.</span> <span class='ocrx_word' id='word_1_294' title='bbox 741 2419 816 2446; x_wconf 72' lang='lat' dir='ltr'><em>›cclc</em></span> <span class='ocrx_word' id='word_1_295' title='bbox 948 2425 991 2454; x_wconf 85' lang='lat'>30</span> <span class='ocrx_word' id='word_1_296' title='bbox 1016 2413 1098 2453; x_wconf 45' lang='lat' dir='ltr'>uouj</span> <span class='ocrx_word' id='word_1_297' title='bbox 1126 2417 1159 2443; x_wconf 88' lang='lat' dir='ltr'>ut</span> <span class='ocrx_word' id='word_1_298' title='bbox 1188 2422 1253 2442; x_wconf 78' lang='lat' dir='ltr'>uon</span> <span class='ocrx_word' id='word_1_299' title='bbox 1287 2408 1491 2450; x_wconf 65' lang='lat' dir='ltr'>chscnbcaeg:</span> <span class='ocrx_word' id='word_1_300' title='bbox 1527 2419 1594 2439; x_wconf 89' lang='lat' dir='ltr'>nou</span> 
     </span>
     <span class='ocr_line' id='line_1_34' title="bbox 266 2462 405 2491; baseline 0 0"><span class='ocrx_word' id='word_1_301' title='bbox 266 2467 300 2491; x_wconf 68' lang='lat' dir='ltr'>ul</span> <span class='ocrx_word' id='word_1_302' title='bbox 320 2462 405 2491; x_wconf 64' lang='lat' dir='ltr'>Cull-</span> 
     </span>
    </p>
   </div>
  </div>
 </body>
</html>
