1791 2796
86 166 201 203 XIII.
222 167 378 203 lxxviii
608 169 716 204 lil’l‘.
752 169 827 209 Al)
862 169 1206 205 FAMILIARES

235 291 388 316 summa
411 277 448 315 in
473 277 646 328 hospites
675 277 884 316 liberalitas
909 286 947 316 et
972 277 1231 325 observantia,
1256 292 1398 328 meque
1418 287 1569 329 praeter

234 350 384 381 ceteros
410 350 447 380 ct
473 343 566 381 colit
596 350 633 381 et
661 343 842 381 observat
867 350 905 382 et
932 342 1068 393 diligit.
1130 345 1232 381 Eum
1264 351 1304 381 tu
1336 357 1415 382 non
1447 345 1569 383 modo

235 421 393 446 suorum
417 407 559 446 civium
586 422 718 447 verum
749 424 874 460 paene
897 408 1071 447 Achaiae
1099 407 1314 459 principem
1341 423 1565 459 cognosces.

191 483 215 510 2
238 473 345 511 Huic
367 487 440 523 ego
462 481 613 512 tantum
637 476 758 513 modo
780 474 931 513 aditum
960 474 1009 512 ad
1036 481 1142 512 tuam
1170 472 1436 524 cognitionem
1465 483 1569 525 patc-

234 537 335 577 sacio
367 546 404 576 et
435 538 595 578 munio:
634 539 835 589 cognitum
867 553 934 590 per
966 546 1002 577 te
1034 537 1173 588 ipsum,
1205 552 1306 589 quae
1336 546 1402 577 tua
1431 546 1569 578 natura
1588 555 1606 587 5

233 611 301 649 est,
334 602 498 654 dignum
534 612 600 642 tua
629 604 802 643 amicitia
836 612 954 655 atque
991 603 1163 654 hospitio
1195 603 1396 643 iudicabis.
1471 606 1569 643 Peto

233 667 346 717 igitur
370 683 392 706 a
421 676 457 708 te
479 676 520 707 ut
548 668 607 707 his
632 669 766 709 litteris
789 670 898 708 lectis
928 668 1091 720 recipias
1119 682 1209 707 euni
1238 668 1277 707 in
1303 676 1408 707 tuam
1436 670 1566 716 fidem,

232 733 441 784 polliceare
471 734 605 773 omnia
635 743 671 773 te
702 736 895 773 facturum
929 748 1016 773 mea
1051 748 1178 772 causa.
1253 735 1314 773 Dc
1344 734 1494 784 reliquo
1524 735 1567 782 si,

233 798 272 837 id
294 800 402 849 quod
423 800 585 839 confido
605 801 696 847 fore,
720 799 883 851 (lignum
912 814 1002 839 eum
1029 807 1095 838 tua
1121 798 1293 838 amicitia
1317 800 1568 851 hospitioque

233 864 473 914 cognoveris,
525 873 618 915 peto
665 873 707 904 ut
755 879 845 905 eum
894 866 1169 916 complectare,
1210 863 1360 915 diligam
1404 864 1443 903 in
1492 865 1567 905 tuis
1591 882 1630 904 10

233 929 391 969 habeas.
452 929 535 969 Erit
556 929 596 970 id
618 929 713 970 mihi
736 930 923 970 maiorem
946 930 984 969 in
1007 930 1171 970 niodum
1192 936 1355 980 gratum.
1416 931 1524 971 Vale.

251 1134 254 1137 ἱ
279 1083 469 1120 LXXIX
640 1087 709 1121 Scr.
728 1088 857 1121 Romae
873 1089 916 1120 in.
939 1100 968 1120 a.
991 1091 1052 1129 708
1070 1089 1160 1130 (46).

483 1164 527 1196 Μ.
557 1165 732 1198 CICERO
758 1167 792 1198 S.
822 1167 861 1198 D.
889 1166 1098 1198 ALLIENO
1126 1165 1322 1198 PROCOS.

290 1245 338 1281 Et
362 1250 398 1282 te
423 1243 519 1283 scire
539 1244 703 1284 arbitror
731 1245 866 1296 quanti
889 1245 1046 1285 fecerim
1070 1247 1113 1285 C.
1135 1244 1344 1284 Avianium
1368 1246 1565 1291 Flaccum,

234 1316 271 1346 et
303 1322 376 1359 ego
411 1324 456 1348 ex
492 1309 577 1360 ipso
610 1310 848 1358 audiveram,
883 1310 1035 1362 optimo
1067 1318 1106 1349 et
1137 1309 1357 1360 gratissimo
1393 1309 1564 1356 homine,
1592 1326 1627 1358 ¹5

234 1387 351 1422 quam
373 1387 396 1412 a
418 1382 453 1412 te
475 1374 683 1415 liberaliter
703 1383 805 1415 esset
827 1383 1021 1414 tractatus.
1079 1375 1174 1414 Eius
1196 1375 1295 1414 filios
1317 1367 1568 1426 dignissimos

236 1437 301 1476 illo
322 1447 429 1489 patre
452 1454 640 1491 meosque
663 1441 912 1488 necessarios,
937 1455 1037 1492 quos
1068 1455 1141 1491 ego
1166 1440 1281 1480 unice
1309 1440 1440 1492 diligo,
1465 1455 1569 1480 com-

236 1504 383 1542 mendo
414 1504 481 1543 tibi
513 1505 578 1552 sic,
603 1514 644 1545 ut
676 1506 822 1546 maiore
850 1506 982 1546 studio
1012 1509 1141 1546 nullos
1173 1508 1452 1547 commendare
1482 1520 1568 1558 pos-

182 1595 184 1597 >
237 1568 322 1608 sim.
382 1571 425 1609 C.
451 1570 640 1610 Avianius
663 1571 701 1610 in
723 1571 854 1611 Sicilia
873 1580 941 1619 est,
969 1574 1127 1611 Marcus
1148 1581 1205 1612 est
1232 1572 1450 1612 nobiscum.
1511 1573 1568 1612 Ut

236 1635 338 1675 illius
367 1636 598 1687 dignitatem
630 1636 845 1687 praesentis
875 1649 1000 1683 orneS‚
1033 1651 1114 1676 rem
1145 1637 1347 1689 utriusque
1376 1639 1567 1678 defendas
1590 1653 1629 1674 20

237 1709 273 1740 te
301 1715 404 1753 rogo.
468 1703 560 1741 Hoc
595 1701 690 1741 mihi
722 1702 867 1754 gratius
901 1702 940 1741 in
973 1701 1047 1741 ista
1080 1702 1281 1754 provincia
1315 1704 1441 1743 facere
1470 1702 1567 1742 nihil

236 1775 359 1817 potes,
397 1767 517 1819 idque
551 1775 594 1806 ut
627 1766 745 1806 facias
781 1776 818 1807 te
852 1768 1106 1807 vehementer
1139 1766 1257 1807 etiam
1291 1775 1411 1820 atque
1448 1767 1566 1807 etiam

239 1846 342 1883 rogo.
