1791 2796
531 173 642 209 EPP.
676 173 753 208 AD
786 171 1133 208 FAMILIARES
1449 172 1495 208 V,
1521 171 1597 207 xvi

178 297 280 335 quae
310 282 537 334 saepissime
561 289 600 321 et
622 282 697 332 legi
725 289 763 320 et
789 281 931 329 audivi,
956 281 1053 320 nihil
1079 281 1171 320 mali
1199 295 1283 321 esse
1307 281 1347 320 in
1373 289 1510 329 morte,

179 363 226 388 ex
264 362 342 399 qua
375 348 407 387 si
441 347 609 387 resideat
643 361 790 394 sensus,
825 347 1097 386 immortalitas
1133 347 1199 386 illa
1229 347 1361 399 potius
1394 361 1513 397 quam

179 428 284 454 mors
315 415 499 454 ducenda
528 414 586 460 sit,
610 413 670 452 sin
700 413 749 452 sit
777 413 954 461 amissus,
980 414 1087 452 nulla
1113 413 1235 452 videri
1266 413 1421 452 miseria
1450 414 1516 452 de-

180 481 270 519 beat
297 494 397 531 quae
427 494 508 519 non
538 479 735 526 sentiatur,
768 481 845 518 hoc
875 486 1008 518 tamen
1043 493 1124 518 non
1159 478 1345 518 dubitans
1376 479 1515 517 confir-

142 560 159 591 5
181 560 285 585 mare
305 559 476 597 possum,
501 559 547 584 ea
568 545 731 592 misceri,
755 545 889 596 parari,
914 545 1143 595 impendere
1171 545 1224 584 rei
1246 559 1295 595 p.,
1319 558 1420 595 quae
1448 543 1515 594 qui

179 611 377 662 reliquerit
404 612 513 650 nullo
541 612 662 650 modo
693 610 789 648 mihi
817 610 978 660 quidem
1004 611 1194 661 deceptus
1219 624 1303 649 esse
1324 610 1511 649 videatur.

181 677 289 727 Quid
328 684 386 716 est
417 676 523 716 enim
558 677 635 715 iam
675 690 756 715 non
792 678 914 715 modo
949 676 1100 727 pudori,
1136 676 1332 726 probitati,
1370 675 1511 721 virtuti,

179 742 294 780 rectis
324 741 474 789 studiis,
498 742 612 781 bonis
641 742 800 788 artibus,
831 743 901 780 sed
931 734 1095 780 omnino
1126 741 1294 780 libertati
1324 755 1370 780 ac
1400 741 1514 779 saluti

180 808 286 846 loci?
342 809 435 847 Non
466 822 529 846 me
557 809 714 846 hercule
746 821 985 858 quemquam
1016 807 1149 846 audivi
1180 809 1256 846 hoc
1286 807 1514 858 gravissimo

122 890 162 914 10
180 881 218 911 et
256 872 577 923 pestilentissimo
609 887 715 911 anno
746 873 1087 911 adulescentulum
1119 880 1186 911 aut
1216 886 1382 923 puerum
1417 886 1515 911 mor-

180 946 304 986 tuum,
338 938 405 989 qui
444 938 540 976 mihi
579 952 660 977 non
694 953 718 977 a
751 938 812 977 dis
846 938 1133 977 immortalibus
1174 947 1329 989 ereptus
1369 953 1415 977 ex
1454 938 1514 977 his

180 1002 343 1042 miseriis
380 999 498 1054 atque
533 1017 579 1042 ex
612 1003 859 1054 iniquissima
896 1003 1133 1042 condicione
1165 1003 1266 1042 vitae
1306 1003 1510 1042 videretur.

180 1069 271 1117 Qua
295 1082 344 1115 re,
368 1068 400 1106 si
429 1068 499 1107 tibi
528 1082 651 1107 unum
683 1070 758 1108 hoc
788 1068 940 1107 detrahi
970 1076 1111 1119 potest,
1134 1083 1184 1107 ne
1211 1068 1307 1119 quid
1334 1068 1390 1117 iis,
1414 1083 1513 1119 quos
1533 1077 1557 1115 5

179 1133 329 1181 amasti,
363 1133 454 1172 mali
484 1142 597 1185 putes
627 1134 847 1185 contigisse,
882 1136 1120 1185 permultum
1156 1134 1226 1173 erit
1261 1149 1307 1173 ex
1340 1149 1514 1174 maerore

122 1212 159 1245 15
180 1205 248 1236 tuo
277 1198 538 1237 deminutum.
599 1199 861 1249 Relinquetur
889 1199 995 1238 enim
1026 1199 1191 1250 simplex
1220 1199 1285 1237 illa
1314 1199 1391 1238 iam
1423 1215 1515 1239 cura

179 1263 325 1302 doloris
356 1264 422 1311 tui,
449 1279 549 1315 quae
577 1279 656 1304 non
687 1279 777 1304 cum
808 1265 882 1304 illis
912 1265 1270 1304 communicabitur
1299 1267 1367 1304 sed
1398 1267 1448 1304 ad
1477 1274 1513 1305 te

180 1327 307 1379 ipsum
337 1329 492 1380 proprie
522 1331 706 1369 referetur
722 1346 730 1378 3
765 1330 804 1368 in
835 1344 913 1381 qua
942 1344 1022 1369 non
1053 1338 1111 1369 est
1141 1330 1217 1368 iam
1248 1330 1445 1381 gravitatis
1475 1340 1513 1370 et

179 1393 394 1443 sapientiae
426 1402 526 1442 tuae,
558 1408 677 1445 quam
710 1402 751 1433 tu
781 1409 804 1433 a
835 1409 956 1445 puero
987 1394 1222 1445 praestitisti,
1247 1396 1344 1434 ferre
1376 1395 1514 1434 1111111οκ

179 1458 349 1497 deratius
377 1473 510 1498 casum
541 1459 888 1499 incommodorum
921 1468 1087 1507 tuorum,
1112 1460 1178 1510 qui
1210 1460 1257 1499 sit
1285 1462 1336 1499 ab
1363 1475 1511 1508 eorum,

123 1539 160 1561 20
179 1538 279 1575 quos
317 1524 506 1573 dilexeris,
542 1525 697 1565 miseria
736 1528 919 1577 maloque
959 1526 1169 1565 seiunctus.
1231 1526 1389 1565 Etenim
1422 1542 1511 1566 eum

181 1604 334 1641 semper
356 1598 392 1629 te
414 1599 451 1629 et
472 1590 629 1641 privatis
651 1591 691 1630 in
713 1593 827 1631 rebus
849 1600 887 1630 et
908 1592 1075 1642 publicis
1107 1592 1342 1642 praestitisti,
1367 1594 1514 1631 tuenda

181 1655 250 1694 tibi
272 1663 313 1694 ut
334 1655 382 1694 sit
406 1656 572 1706 gravitas
602 1665 639 1695 et
665 1658 910 1696 constantiae
941 1658 1202 1696 serviendum.
1264 1660 1380 1705 Nam,
1404 1661 1512 1708 quod

179 1721 356 1759 adlatura
380 1729 437 1759 est
462 1721 544 1772 ipsa
571 1722 819 1769 diuturnitas,
836 1737 936 1772 quae
961 1722 1152 1761 maximos
1173 1724 1300 1761 luctus
1322 1731 1512 1761 vetustate

181 1786 289 1832 tollit,
324 1785 364 1824 id
403 1800 475 1825 nos
515 1787 736 1838 praecipere
777 1788 942 1826 consilio
980 1788 1267 1838 prudentiaque
1306 1789 1508 1827 debemus.

124 1865 159 1896 25
182 1851 351 1898 Etenim,
375 1851 405 1889 si
431 1853 538 1890 nulla
558 1852 630 1890 fuit
651 1866 840 1903 umquam
868 1853 999 1892 liberis
1024 1853 1176 1892 amissis
1205 1861 1282 1891 tam
1313 1854 1511 1893 imbecillo
1531 1861 1558 1897 6

182 1915 327 1970 mulier¹
347 1915 480 1954 animo
502 1930 602 1967 quae
633 1931 712 1956 non
739 1918 954 1968 aliquando
985 1919 1143 1969 lugendi
1175 1920 1337 1957 modum
1367 1919 1510 1966 fecerit,

181 1988 284 2019 certe
305 1994 387 2026 1105,
409 1982 517 2031 quod
538 1990 596 2020 est
617 1982 700 2020 dies
721 1984 908 2030 adlatura,
933 1983 971 2022 id
1001 1983 1166 2023 consilio
1186 1985 1376 2023 anteferre
1397 1984 1514 2023 debe-

182 2059 269 2084 mus
299 2058 427 2096 neque
458 2055 681 2096 exspectare
713 2048 899 2098 temporis
933 2048 1181 2095 medicinam,
1218 2063 1335 2100 quam
1368 2063 1514 2099 reprae-

182 2119 333 2149 sentare
354 2111 502 2150 ratione
525 2112 730 2161 possimus.

125 2189 163 2220 30
238 2175 314 2214 His
331 2190 402 2227 ego
419 2176 553 2215 litteris
570 2177 600 2215 si
616 2178 710 2228 quid
728 2179 990 2229 profecissem,
1008 2180 1278 2219 existimabam
1294 2182 1511 2231 optandum

183 2240 372 2290 quiddam
405 2256 466 2280 me
498 2256 594 2281 esse·
614 2244 875 2291 adsecutum3
909 2245 968 2283 sin
1000 2245 1128 2284 minus
1159 2247 1257 2285 forte
1288 2246 1509 2291 valuissem,

183 2306 311 2345 officio
361 2315 491 2345 tamen
537 2322 621 2346 esse
667 2310 845 2347 functum
886 2310 952 2348 viri
995 2311 1353 2349 benevcssentissimi
1395 2319 1512 2360 atque

227 2421 245 2440 2
272 2422 312 2441 ex
337 2422 401 2449 qua
426 2412 453 2441 si
480 2411 616 2452 Bcngcl:
650 2418 682 2442 ct
708 2414 799 2451 quasi
824 2413 911 2444 (ΨΜ.
1071 2426 1112 2453 32
1140 2416 1288 2444 functum
1312 2415 1372 2443 vili
1394 2413 1510 2443 Omllz:

186 2454 375 2484 functurum
393 2454 478 2485 codd.
