1791 2796
108 148 178 184 XI.
198 148 306 183 xxvi
624 147 679 183 M.
712 147 879 184 TVLLI
912 147 1218 185 CICERONIs

254 273 327 297 nos
365 258 493 297 omnis
532 258 707 297 adituros
746 257 972 308 periculum.
1036 260 1149 309 Rogo
1189 266 1237 305 te,
1273 257 1402 297 videte
1441 258 1584 308 quibus

253 324 481 362 bominibus
520 323 721 373 negotium
753 323 854 362 detis
893 323 959 374 qui
990 324 1041 362 ad
1074 337 1136 362 me
1167 323 1340 373 legiones
1371 324 1582 363 adducant.

255 391 304 427 Et
326 390 403 428 fide
423 403 523 439 opus
544 397 603 428 est
623 396 661 428 et
682 388 888 427 celeritate.
951 401 997 426 111
1020 390 1124 427 Non.
1149 390 1235 426 Iun.
1259 403 1305 428 ex
1329 389 1474 428 castris.

295 547 475 583 XXVII
555 550 626 582 Ser.
647 551 680 582 in
703 550 888 582 Tusculano
904 551 1023 582 inlcrx
1037 554 1066 582 cl
1081 551 1118 582 1'1'1'
1131 551 1172 582 K.
1193 550 1280 593 Sept.

809 617 838 636 (ῖ-
861 616 916 645 710
934 607 1022 647 (44)
1603 612 1620 643 5

677 689 720 720 M.
748 688 923 720 CICERO
951 688 1098 720 MATIO
1124 689 1157 720 S.

214 789 231 816 1
306 774 498 814 Nondum
534 773 625 812 satis
653 773 843 812 constitui
879 773 1132 812 molestiaene
1167 774 1254 824 plus
1287 786 1337 811 an
1371 771 1581 823 voluptatis

248 839 419 878 attulerit
458 839 553 877 mihi
588 839 797 878 Trebatius
836 846 977 886 noster,
1014 840 1136 877 homo
1171 852 1260 877 cum
1300 839 1439 889 plenus
1478 837 1580 876 offici

249 912 331 942 tum
363 904 564 955 utriusque
599 913 776 942 nostrum
811 903 1113 942 amantissimus.
1175 905 1278 942 Nam
1309 917 1399 942 cum
1434 903 1473 941 in
1503 905 1580 940 Tu-

248 971 453 1008 sculanum
484 969 633 1019 vesperi
661 969 867 1016 venissem,
897 969 1084 1019 postridie
1119 968 1181 1007 ille
1213 970 1263 1007 ad
1299 983 1371 1015 me,
1399 969 1577 1008 nondum
1606 985 1640 1005 ιο

246 1034 338 1073 satis
371 1036 483 1073 firmo
517 1048 680 1084 corpore
714 1048 804 1072 cum
836 1042 949 1081 esset,
987 1047 1101 1072 mane
1134 1033 1250 1072 venit.
1322 1035 1452 1082 Quem
1487 1047 1577 1071 cum

245 1099 492 1150 obiurgarem
517 1101 626 1150 quod
656 1113 792 1149 parum
818 1098 1030 1137 valetudini
1061 1106 1246 1149 parceret,
1275 1106 1358 1136 tum
1389 1098 1452 1137 ille
1481 1098 1577 1136 nihil

246 1165 317 1203 sibi
350 1165 503 1215 longius
534 1164 652 1203 fuisse
682 1178 800 1215 quam
831 1172 873 1202 ut
903 1178 966 1202 nie
991 1163 1149 1202 videret.
1212 1165 1341 1202 ‘Num
1362 1163 1578 1217 quidnam'

246 1230 407 1281 inquam
444 1230 607 1270 ‘novi?'
668 1229 817 1269 Detulit
842 1231 894 1269 ad
919 1244 981 1268 me
1006 1231 1203 1280 querelam
1233 1238 1350 1267 tuam.
1412 1231 1473 1268 De
1500 1243 1577 1280 qua

245 1296 350 1346 prius
371 1310 488 1346 quam
511 1297 733 1346 respondeo
754 1309 879 1346 pauca
899 1308 1128 1345 proponam.
1598 1311 1634 1342 15

200 1377 224 1404 2
299 1363 503 1411 Quantum
532 1361 721 1400 memoria
748 1368 922 1411 repetere
948 1360 1153 1411 praeterita
1176 1374 1349 1410 possum,
1372 1365 1491 1399 nemo
1518 1368 1575 1399 est

244 1427 337 1465 mibi
362 1435 398 1466 te
419 1427 569 1465 amicus
590 1426 797 1477 antiquior.
858 1427 936 1465 Sed
957 1434 1128 1465 vetustas
1155 1427 1274 1465 habet
1301 1426 1450 1476 aliquid
1471 1439 1575 1465 com-

243 1505 362 1530 mune
394 1506 485 1531 cum
525 1492 667 1539 multis,
701 1506 812 1530 amor
850 1505 930 1530 non
971 1492 1099 1530 habet.
1162 1491 1291 1530 Dilexi
1324 1500 1360 1530 te
1395 1505 1474 1542 quo
1509 1491 1573 1531 die

240 1557 405 1607 cognovi
430 1571 572 1607 meque
593 1563 619 1595 a
637 1565 673 1595 te
694 1556 801 1607 diligi
824 1556 1003 1595 iudicavi.
1078 1559 1188 1596 Tuus
1211 1557 1356 1597 deinde
1377 1558 1572 1597 discessus

241 1622 352 1673 isque
381 1622 600 1670 diuturnus,
630 1622 794 1661 ambitio
819 1631 950 1661 nostra
977 1630 1015 1661 et
1042 1622 1143 1661 vitae
1176 1623 1456 1662 dissimilitudo
1490 1636 1571 1661 non
1594 1639 1632 1660 20

239 1696 297 1726 est
346 1701 458 1738 passa
496 1690 717 1727 voluntates
756 1696 908 1726 nostras
950 1687 1238 1728 consuetudine
1287 1687 1570 1739 conglutinari3

238 1760 349 1791 tuum
382 1761 512 1792 tamen
548 1767 637 1804 erga
676 1767 738 1792 me
772 1753 948 1791 animum
988 1753 1130 1803 agnovi
1164 1753 1295 1793 multis
1327 1752 1440 1793 annis
1477 1761 1568 1792 ante

237 1819 383 1857 bellum
406 1818 529 1866 civile,
552 1832 642 1857 cum
666 1820 810 1859 Caesar
829 1827 931 1857 esset
953 1818 990 1857 in
1008 1819 1143 1857 (lallia.
1188 1821 1309 1870 Quod
1331 1818 1434 1858 enim
1455 1819 1568 1858 velie-

237 1892 388 1923 menter
409 1884 503 1922 milii
526 1884 618 1923 utile
639 1899 723 1923 esse
751 1885 917 1935 putabas
943 1899 1015 1924 nec
1045 1884 1180 1934 inutile
1207 1884 1279 1935 ipsi
1303 1883 1459 1924 Caesari
1486 1897 1566 1935 per-

237 1949 370 1996 fecisti,
395 1958 436 1988 ut
466 1950 529 1988 ille
552 1964 613 1989 me
636 1949 822 2001 diligeret,
848 1952 1003 1998 coleret,
1028 1951 1188 1989 liaberet
1216 1949 1255 1988 in
1287 1949 1376 1989 suis.
1439 1951 1567 1988 Multa
1588 1965 1625 1995 25

236 2022 435 2064 praetereo
474 2029 574 2065 quae
615 2015 857 2066 temporibus
897 2015 970 2054 illis
1010 2015 1109 2054 inter
1153 2029 1224 2053 nos
1269 2014 1566 2054 familiarissime

235 2079 353 2126 dicta,
374 2079 525 2130 scripta,
555 2080 847 2119 communicata
874 2088 991 2128 sunt3
1021 2080 1196 2131 graviora
1221 2080 1326 2119 enim
1354 2088 1566 2119 consecuta

192 2157 215 2194 3
235 2153 334 2183 sunt.
409 2146 458 2183 Et
490 2145 601 2183 initio
634 2145 724 2184 belli
760 2145 882 2184 civilis
916 2160 1005 2184 cum
1040 2145 1292 2185 Brundisium
1328 2159 1460 2191 versus
1492 2145 1564 2184 ires

233 2211 284 2248 ad
315 2211 535 2257 Caesarem,
559 2210 697 2249 venisti
724 2211 774 2249 ad
803 2225 865 2249 me
893 2210 931 2248 in
961 2211 1224 2249 Formianum.
1286 2209 1459 2248 Primum
1487 2212 1562 2248 hoc

233 2275 361 2326 ipsum
383 2275 530 2326 quanti,
555 2275 778 2326 praesertim
801 2275 1043 2327 temporibus
1065 2275 1162 2314 illis!
1219 2275 1363 2315 deinde
1393 2274 1558 2313 oblitum
1580 2288 1622 2319 30

276 2391 314 2418 27
341 2385 419 2411 sunt
450 2379 490 2410 Il
515 2379 624 2411 Cum:
666 2380 732 2410 sint
766 2377 838 2409 illl)
1017 2381 1058 2410 28
1084 2379 1142 2420 Et]
1176 2379 1299 2410 etenim
1335 2378 1450 2409 Orelli:
1491 2389 1555 2410 om.

236 2422 424 2465 lbiscnbwg
