1791 2796
111 145 225 181 VIII.
246 144 291 180 ix
617 144 672 181 M.
705 144 874 181 TVLLI
907 142 1213 182 CICERONIS

242 255 578 306 exspectationem
606 256 774 306 corripit,
799 256 1040 297 †Curi0nem
1070 268 1226 306 prorsus
1253 255 1466 293 Curionem
1497 268 1577 292 non

243 322 492 360 mediocriter
512 321 740 372 obiurgatus
761 335 806 360 ac
823 322 977 371 repulsa
997 334 1038 361 se
1055 321 1228 359 mutavit.
1281 321 1494 367 Praeterea,
1511 319 1577 370 qui

243 400 461 437 numquam
483 386 522 425 in
544 388 628 425 foro
648 387 880 437 apparuerit,
898 400 977 425 non
995 388 1162 425 multum
1180 385 1218 423 in
1235 384 1388 424 iudiciis
1406 392 1578 423 versatus

199 461 222 488 2
242 452 300 499 sit,
327 452 406 503 agit
434 465 571 490 causas
599 452 780 499 liberalis,
807 453 876 491 sed
904 466 989 490 raro
1013 459 1101 502 post
1127 450 1341 490 meridiem.
1403 452 1465 489 De
1495 463 1579 500 pro-

242 517 378 557 vinciis
395 518 504 568 quod
521 517 592 556 tibi
609 517 839 567 scripseram
858 517 997 556 Idibus
1014 518 1116 556 Sext.
1134 524 1267 555 actum
1289 515 1343 563 iri,
1360 515 1578 566 interpellat
1599 527 1615 558 5

242 583 431 622 iudicium
463 583 651 630 Marcelli,
684 583 857 622 consulis
887 582 1090 633 designati.
1156 583 1204 620 In
1230 583 1317 620 Kal.
1350 595 1409 620 res
1437 581 1578 620 reiecta

241 656 324 696 est,
353 662 403 688 ne
423 648 683 699 frequentiam
706 649 867 699 quidem
890 649 1042 688 efficere
1063 655 1281 698 potuerant.
1330 649 1417 686 Has
1433 647 1578 686 litteras

241 728 273 753 a.
293 715 329 753 d.
355 726 416 752 1111
441 715 544 753 Non.
571 714 813 764 Septembris
835 713 939 766 dedi,
963 727 1053 752 cum
1074 715 1124 752 ad
1147 727 1234 752 eam
1255 713 1361 752 diem
1383 727 1432 752 ne
1453 712 1579 764 profli-

241 787 374 829 gatum
397 779 558 829 quidem
581 779 795 830 quicquam
816 787 906 818 erat.
959 781 1016 818 Ut
1031 778 1158 826 video,
1178 792 1295 817 causa
1312 779 1409 817 haec
1430 778 1577 829 integra

242 845 283 882 in
304 844 528 894 proximum
555 858 706 883 annum
735 846 985 883 transferetur
1013 852 1062 889 et,
1086 851 1277 894 quantum
1299 843 1445 891 divino,
1467 843 1578 882 relin-
1602 861 1639 882 ιο

241 911 424 960 quendus
454 909 524 948 tibi
552 910 623 948 erit
650 909 717 960 qui
742 909 984 960 provinciam
1011 909 1187 948 obtineat
1203 923 1212 956 ;
1241 922 1333 947 nam
1361 922 1440 947 non
1468 922 1579 959 expe-

241 975 347 1014 ditur
366 975 574 1021 successio,
592 974 782 1025 quoniam
801 975 962 1021 Galliae,
978 988 1080 1024 quae
1100 974 1248 1013 habent
1269 974 1575 1022 intercessorem,

244 1041 283 1079 in
311 1042 479 1080 eandem
505 1041 785 1080 condicionem
813 1054 932 1090 quam
956 1048 1108 1079 ceterae
1132 1039 1356 1090 provinciae
1377 1048 1575 1079 vocantur.

247 1108 340 1145 Hoc
375 1106 469 1144 mihi
502 1120 583 1145 non
613 1115 671 1145 est
703 1105 894 1153 dubiunr:
933 1118 1014 1155 quo
1040 1104 1111 1144 tibi
1141 1105 1263 1156 magis
1293 1105 1428 1156 scripsi
1456 1114 1500 1144 ut
1528 1106 1579 1145 ad

246 1173 352 1211 hunc
373 1181 558 1210 eventum
579 1179 617 1210 te
638 1184 801 1222 parares
1604 1189 1639 1220 ¹5

202 1238 227 1275 3
301 1238 398 1276 Fere
419 1237 554 1275 litteris
575 1237 761 1276 omnibus
781 1236 853 1275 tibi
873 1237 924 1276 de
944 1236 1143 1288 pantheris
1163 1236 1309 1288 scripsi.
1360 1238 1494 1287 Turpe
1509 1237 1580 1276 tibi

245 1302 315 1341 erit
333 1302 532 1341 Patiscum
550 1302 714 1341 Curioni
734 1303 874 1341 decem
895 1303 1105 1353 pantheras
1121 1302 1282 1350 misisse,
1298 1310 1336 1342 te
1352 1316 1431 1341 non
1450 1303 1580 1341 multis

245 1369 419 1418 partibus
451 1368 570 1418 pluris
587 1383 596 1415 3
633 1381 731 1418 quas
763 1368 865 1418 ipsas
901 1367 1022 1407 Curio
1053 1367 1149 1405 mihi
1183 1375 1221 1406 et
1251 1367 1345 1406 alias
1377 1368 1580 1407 Africanas

242 1435 385 1473 decem
407 1433 579 1481 donavit,
604 1448 654 1472 ne
680 1441 795 1484 putes
822 1433 932 1472 illum
957 1440 1110 1471 tantum
1134 1433 1293 1484 praedia
1321 1433 1463 1473 rustica
1487 1435 1580 1472 dare

244 1500 352 1538 scire.
412 1501 476 1538 Tu
496 1499 527 1538 si
549 1501 670 1538 modo
688 1499 876 1538 memoria
896 1499 1065 1538 tenueris
1082 1507 1119 1537 et
1136 1499 1343 1538 Ciburatas
1363 1500 1580 1539 arcessieris
1602 1516 1640 1537 20

246 1566 420 1616 itemque
444 1566 482 1604 in
505 1566 777 1616 Pamphyliam
800 1565 944 1604 litteras
965 1564 1114 1603 miseris
1135 1565 1243 1616 (nam
1274 1565 1327 1604 ibi
1355 1565 1473 1616 pluris
1494 1567 1581 1617 capi

245 1631 383 1681 aiunt),
408 1633 516 1682 quod
537 1633 644 1670 voles
672 1630 826 1670 efficies.
887 1632 980 1669 Hoc
1000 1630 1271 1669 vehementius
1296 1630 1432 1669 laboro
1462 1645 1578 1679 nunc,

247 1698 356 1747 quod
377 1710 531 1736 seorsus
552 1711 573 1736 a
598 1698 762 1747 conlega
786 1704 883 1746 puto
905 1695 999 1734 mihi
1020 1695 1153 1734 omnia
1180 1697 1363 1745 paranda.
1423 1698 1581 1737 Amabo

247 1771 295 1810 te,
320 1763 467 1813 impera
491 1762 561 1801 tibi
587 1764 673 1801 hoc.
734 1763 879 1802 Curare
907 1763 1008 1800 soles
1029 1761 1204 1809 libenter,
1234 1770 1275 1800 ut
1300 1776 1372 1812 ego
1394 1763 1580 1802 maiorem

247 1837 397 1879 partem
419 1829 515 1867 nihil
536 1842 680 1867 curare.
742 1829 788 1866 In
811 1829 886 1866 hoc
907 1827 1065 1877 negotio
1086 1829 1191 1865 nulla
1213 1835 1278 1866 tua
1299 1828 1372 1866 nisi
1393 1829 1580 1879 loquendi
1602 1844 1639 1875 ²5

248 1907 340 1933 cura
364 1902 431 1941 est,
455 1895 531 1933 hoc
561 1902 618 1933 est
640 1893 859 1944 imperandi
880 1900 917 1932 et
939 1893 1178 1941 mandandi5
1209 1907 1299 1932 nam
1327 1894 1442 1933 simul
1464 1902 1581 1945 atque

247 1966 361 1999 erunt
385 1967 532 2010 captae,
556 1960 622 2009 qui
644 1961 749 1997 alant
777 1972 841 1998 eas
869 1966 906 1997 et
937 1960 1144 2008 deportent
1166 1960 1287 1997 habes
1309 1973 1387 2006 eos,
1411 1973 1510 2010 quos
1530 1961 1580 1998 ad

297 2075 310 2095 1
331 2065 619 2104 exspectationem
635 2065 782 2105 corripit,
795 2065 976 2096 Curionem
992 2076 1130 2105 prorsus
1143 2077 1210 2097 non
1225 2078 1269 2098 m.
1286 2068 1442 2106 obiurgat
1470 2067 1514 2096 ila
1531 2065 1580 2096 G:

250 2109 447 2147 obiurgatus
466 2107 516 2146 M,
533 2120 539 2144 ;
564 2109 626 2138 hac
645 2119 668 2139 r.
690 2119 714 2139 s.
738 2119 777 2139 m.
798 2110 932 2140 conieci:
957 2121 984 2140 e.
1002 2121 1042 2147 e.,
1060 2110 1244 2141 Curionem
1262 2122 1291 2150 p.
1315 2121 1345 2141 n.
1369 2121 1409 2141 m.
1428 2110 1578 2148 obiurga-

250 2158 324 2188 tus;
349 2153 396 2182 sic
415 2162 437 2182 r.
460 2162 484 2182 S.
507 2162 547 2182 m.
572 2151 806 2184 Mendelssolm,
829 2154 887 2192 (μα’
900 2154 1071 2192 obiurgari
1092 2165 1157 2184 non
1177 2155 1285 2194 magis
1302 2165 1322 2185 a
1342 2154 1446 2193 Caelio
1466 2153 1580 2183 abhor-

250 2206 316 2227 rere
337 2206 440 2235 quam
465 2207 597 2227 morare
621 2200 665 2236 s'5.
687 2200 721 2231 2)
739 2201 857 2237 putal3
883 2208 910 2227 c.
930 2208 973 2235 c.‚
991 2197 1026 2228 C.
1045 2208 1075 2237 p.
1095 2209 1124 2228 n.
1147 2208 1188 2228 m.
1214 2198 1379 2237 obiurgat,
1404 2202 1493 2227 totus
1518 2196 1580 2226 hac

250 2251 274 2271 r.
296 2250 321 2271 s,
337 2249 378 2271 m.
399 2238 567 2271 Riemann
583 2241 723 2271 Miiller:
748 2241 1003 2280 exspectatione
1030 2241 1083 2279 (sc.
1104 2252 1219 2271 earum
1245 2251 1354 2271 rerum
1378 2250 1461 2279 quas
1485 2238 1583 2270 Curio

249 2283 402 2314 tribunus
415 2288 549 2314 acturus
564 2286 607 2314 sit
637 2284 773 2323 corripit
788 2283 972 2314 Curionem
987 2295 993 2319 ;
1011 2294 1148 2323 prorsus
1166 2284 1349 2315 Curionem
1366 2294 1396 2315 n.
1415 2294 1455 2314 in.
1473 2283 1582 2313 obiur-

251 2333 327 2365 gat:
352 2329 399 2358 sic
424 2339 449 2358 r.
470 2338 494 2359 s.
515 2338 557 2359 m.
578 2326 718 2369 Madvig
859 2337 878 2367 5
903 2327 1129 2366 interpellavit
1150 2326 1337 2368 lVesenbezg
1482 2328 1503 2357 6
1527 2336 1582 2357 res

250 2369 324 2402 add.
348 2371 449 2402 Orelli
582 2381 618 2412 15
644 2381 781 2412 parares
798 2374 867 2402 vett.
888 2382 894 2402 :
919 2371 1049 2411 pararis
1068 2370 1128 2402 M:
1153 2381 1337 2411 praepares
1358 2370 1386 2401 G
