1791 2796
86 543 103 574 5

64 870 103 893 10

68 1526 107 1547 20

70 2177 109 2207 30

481 159 593 197 EPP.
626 159 703 196 AD
734 158 1082 197 FAMILIARES
1366 160 1485 197 XIII.
1504 159 1565 196 vii

118 269 265 310 idcirco
294 283 375 309 non
405 283 684 317 commemoro,
714 284 764 308 ne
793 271 844 308 de
875 270 1038 308 miseriis
1069 284 1246 309 meorum
1277 284 1452 309 necessa-

118 335 262 374 riorum
302 349 548 386 conquerens
587 335 767 374 homines
806 349 906 385 quos
945 337 1038 374 nolo
1072 335 1205 374 videar
1239 337 1448 375 offendere.

121 403 260 451 Itaque
288 401 360 439 nisi
391 414 571 451 magnam
599 414 709 451 spem
734 401 920 439 haberem
944 402 987 439 C.
1013 401 1169 440 Caesari
1196 415 1268 440 nos
1292 414 1450 439 causam
1472 410 1495 446 3

121 465 310 516 municipi
337 467 579 516 probaturOS‚
604 480 684 504 non
712 474 792 504 erat
819 479 937 504 causa
966 480 1034 503 cur
1062 480 1085 504 a
1108 474 1146 504 te
1176 467 1252 504 hoc
1276 474 1453 516 tempore

121 531 269 581 aliquid
300 532 605 578 contenderem3
654 533 723 569 sed
754 531 846 581 quia
879 532 1039 570 confido
1075 531 1250 581 mihique
1280 530 1453 581 persuasi

121 596 230 634 illum
258 605 295 634 et
317 596 515 646 dignitatis
541 596 730 646 municipi
751 604 789 634 et
809 596 1016 646 aequitatis
1045 605 1082 635 et
1103 596 1220 635 etiam
1241 596 1453 635 voluntatis

121 675 210 712 erga
242 675 282 699 se
316 661 542 700 habiturum
578 675 663 700 esse
693 661 896 709 rationem,
925 661 1015 700 ideo
1046 676 1069 700 a
1098 670 1135 700 te
1166 675 1245 700 non
1276 661 1453 701 dubitavi

121 727 360 766 contendere
405 736 446 765 ut
490 729 592 766 hanc
641 741 799 766 causam
848 727 901 765 illi
950 728 1139 778 integram
1189 741 1450 767 conservares.

123 793 244 841 Quod
265 792 336 831 etsi
358 792 481 831 nihilo
510 793 638 831 minus
666 807 688 831 a
709 802 746 832 te
767 802 953 844 peterem,
977 793 1007 831 si
1036 793 1132 831 nihil
1156 794 1395 833 audivissem
1417 801 1454 832 te
1473 798 1499 835 4

123 860 198 897 tale
225 858 372 905 fecisse,
397 867 529 897 tamen
560 859 748 898 maiorem
778 873 889 910 spem
920 859 1155 910 impetrandi
1186 867 1324 898 nactus
1354 873 1453 907 sum,

122 931 258 975 postea
279 937 396 973 quam
419 924 514 962 mihi
536 924 687 963 dictum
709 933 767 963 est
787 926 863 964 hoc
885 925 990 964 idem
1012 939 1033 963 a
1055 933 1092 963 te
1110 925 1316 975 Regiensis
1338 924 1456 975 impe-

122 989 281 1028 travisse
297 1005 305 1037 3
340 990 406 1039 qui
435 982 506 1028 etsi
537 998 575 1029 te
603 990 735 1042 aliqua
764 991 1057 1030 necessitudine
1087 991 1293 1041 attingunt,
1324 999 1455 1029 tamen

123 1062 211 1092 tuus
241 1068 350 1093 amor
370 1055 409 1093 in
438 1069 501 1094 me
528 1069 681 1106 sperare
709 1070 772 1094 me
799 1056 902 1106 cogit
930 1064 977 1103 te,
1002 1057 1111 1106 quod
1132 1055 1207 1094 tuis
1229 1055 1456 1094 necessariis

123 1119 312 1167 tribueris,
343 1119 449 1159 idem
480 1134 564 1159 esse
595 1121 829 1160 tributurum
867 1121 975 1169 meis,
1007 1121 1232 1172 praesertim
1263 1135 1353 1159 cum
1384 1134 1456 1171 ego

123 1199 193 1236 pro
223 1184 283 1223 his
312 1184 400 1223 unis
431 1194 572 1236 petam,
604 1187 771 1225 habeam
802 1194 933 1225 autem
964 1187 1031 1237 qui
1062 1186 1178 1225 simili
1209 1199 1325 1225 causa
1352 1186 1457 1224 labo-

124 1257 208 1288 rent
229 1250 441 1300 compluris
466 1251 717 1290 necessarios.
781 1253 873 1290 Hoc
895 1266 957 1290 me
979 1266 1059 1290 non
1085 1251 1169 1290 sine
1194 1265 1312 1290 causa
1331 1253 1457 1289 facere

124 1329 252 1366 neque
273 1315 404 1366 aliqua
424 1315 499 1355 levi
520 1316 737 1355 ambitione
757 1325 1002 1356 commotum
1024 1332 1046 1356 a
1067 1325 1104 1355 te
1125 1317 1364 1355 contendere
1385 1315 1455 1354 etsi

125 1388 162 1418 te
189 1380 407 1419 existimare
438 1381 611 1429 arbitror,
636 1390 767 1420 tamen
798 1381 893 1420 mihi
924 1382 1147 1421 adfirmanti
1177 1383 1313 1420 credas
1339 1381 1456 1420 velim

126 1440 199 1484 me*
227 1445 317 1485 huic
358 1446 573 1497 municipio
612 1447 757 1486 debere
796 1447 1033 1498 plurimum3
1076 1449 1227 1485 nullum
1267 1460 1455 1497 umquam

126 1510 243 1549 fuisse
265 1519 419 1562 tempus
441 1526 570 1562 neque
592 1513 788 1551 honorum
809 1526 883 1552 nec
903 1513 1081 1552 laborum
1104 1526 1292 1559 meorum,
1315 1512 1356 1550 in
1377 1526 1456 1562 quo

126 1590 206 1615 non
228 1577 342 1615 huius
365 1577 555 1628 municipi
578 1577 752 1616 studium
775 1577 812 1615 in
836 1591 899 1616 me
920 1577 1106 1617 exstiterit
1128 1577 1330 1627 singulare.

180 1643 429 1693 Quapropter
463 1657 485 1681 a
514 1651 551 1681 te
586 1642 704 1681 etiam
739 1651 857 1694 atque
891 1643 1008 1681 etiam
1039 1657 1110 1693 pro
1139 1651 1271 1681 nostra
1301 1656 1454 1681 summa
1472 1654 1497 1693 5

125 1706 405 1746 coniunctione
432 1722 582 1759 proque
611 1715 677 1746 tua
703 1707 743 1746 in
774 1722 836 1746 me
861 1716 1049 1759 perpetua
1078 1716 1115 1746 et
1143 1707 1311 1746 maxima
1340 1708 1456 1746 bene-

125 1772 296 1810 volentia
324 1773 511 1812 maiorem
540 1774 579 1811 in
609 1775 772 1812 modum
798 1782 891 1824 peto
920 1782 1038 1824 atque
1068 1774 1269 1812 contendo
1290 1781 1341 1819 ut,
1366 1787 1456 1811 cum

71 1853 84 1865 ἢ
126 1838 299 1876 fortunas
329 1839 388 1890 agi
419 1839 501 1879 eius
537 1840 725 1890 municipi
758 1838 968 1889 intellegas,
992 1839 1100 1888 quod
1128 1838 1176 1876 sit
1201 1837 1295 1876 mihi
1327 1852 1458 1877 neces-

127 1901 307 1950 situdine,
350 1905 498 1952 officiis,
540 1905 816 1944 benevolentia
859 1902 1237 1950 coniunctissimum,
1279 1903 1319 1942 id
1360 1903 1457 1942 mihi

127 1968 221 2010 des;
251 1971 358 2019 quod
380 1970 450 2008 erit
471 1970 586 2009 huius
617 1971 722 2010 modi
749 1979 801 2017 ut,
825 1970 855 2008 si
883 1983 905 2008 a
927 1970 1093 2008 Caesare
1121 1970 1229 2018 quod
1257 1983 1456 2019 speramus

128 2031 425 2082 impetrarimus,
450 2044 517 2074 tuo
545 2036 739 2075 beneficio
770 2050 841 2074 nos
872 2035 911 2074 id
941 2042 1175 2073 consecutos
1202 2048 1287 2073 esse
1314 2033 1458 2073 iudice-

129 2110 226 2144 mus,
256 2098 314 2136 sin
344 2099 483 2147 minus,
507 2114 576 2150 pro
604 2115 651 2140 eo
679 2110 810 2140 tamen
839 2101 878 2140 id
906 2101 1132 2145 habeamus,
1156 2099 1343 2150 quoniam
1371 2114 1394 2137 a
1421 2107 1458 2138 te

128 2163 219 2200 data
257 2163 304 2201 sit
337 2178 454 2214 opera
487 2173 527 2203 ut
559 2165 864 2215 impetraremus.
938 2169 1029 2205 Hoc
1069 2179 1158 2204 cum
1199 2164 1293 2202 mihi
1328 2164 1458 2214 gratis-

128 2226 271 2265 simum
306 2229 441 2267 feceris
477 2238 567 2267 tum·
591 2230 692 2269 viros
728 2232 908 2281 optimos,
944 2232 1124 2271 homines
1159 2229 1457 2270 honestissimos

129 2292 370 2343 eosdemque
408 2294 646 2343 gratissimos
690 2304 727 2334 et
767 2304 832 2335 tua
875 2296 1166 2336 necessitudine
1207 2294 1458 2346 dignissimos

131 2369 286 2396 summo
312 2358 507 2398 beneficio
534 2359 573 2398 in
601 2368 833 2412 perpetuum
861 2360 931 2401 tibi
959 2361 1113 2412 tuisque
1141 2359 1369 2400 devinxeris.
