1791 2796
129 155 207 193 III.
227 154 271 191 xi
603 153 658 190 M.
691 153 859 210 TVLLI
893 152 1200 191 CICERONIS

237 267 322 317 Ego
344 266 460 313 enim,
485 278 507 304 a
528 272 566 304 te
587 278 678 303 cum
701 272 766 303 tua
788 264 979 314 promissa
1002 277 1069 314 per
1089 264 1235 303 litteras
1260 262 1495 314 flagitabam,
1518 263 1569 302 ad

235 333 373 372 urbem
396 341 434 370 te
456 331 737 370 otiosissimum
760 344 845 370 esse
866 330 1105 377 arbitraban:
1135 343 1240 368 nunc
1262 337 1404 376 tamen,
1425 337 1466 368 ut
1487 329 1570 380 ipse

236 397 443 448 polliceris,
478 411 549 447 pro
583 396 834 447 auguralibus
874 396 981 434 libris
1014 395 1210 434 orationes
1250 403 1336 434 tuas
1371 395 1570 434 confectas

237 464 365 502 omnis
396 463 645 513 exspectabo.

194 539 219 578 5
295 531 342 567 D.
366 528 530 575 Tullius,
555 528 618 566 cui
650 528 836 566 mandata
865 528 917 566 ad
947 541 1010 566 me
1040 526 1194 574 dedisti,
1223 540 1304 566 non
1334 532 1571 565 convenerat
1593 541 1610 573 5

238 608 301 633 me
316 610 325 642 3
355 608 428 633 nec
453 602 534 633 erat
564 594 641 632 iam
663 593 873 644 quisquam
901 607 1058 632 mecum
1083 601 1239 632 tuorum
1267 600 1419 644 praeter
1443 591 1571 632 omnis

238 674 358 707 meos,
383 660 449 710 qui
474 667 565 698 sunt
590 673 729 698 omnes
757 659 823 698 tui.
888 659 1269 698 ‘Stomachosiores'
1292 671 1399 697 meas
1426 658 1571 697 litteras

237 740 334 777 quas
373 726 482 765 dicas
523 739 619 773 esse,
661 740 743 764 non
783 726 978 775 intellego.
1059 724 1125 763 Bis
1163 725 1215 763 ad
1253 731 1292 763 te
1332 723 1467 775 scripsi
1506 737 1571 762 me

237 806 406 843 purgans
437 792 655 843 diligenter,
682 801 719 830 te
750 791 885 831 leviter
913 805 1103 830 accusans
1134 791 1173 828 in
1204 804 1261 838 eo,
1290 791 1398 840 quod
1428 791 1479 829 de
1509 804 1572 829 me

237 857 316 896 cito
345 857 588 896 credidisses.
651 858 772 907 Quod
797 871 920 907 genus
949 858 1130 908 querelae
1158 855 1253 894 mihi
1279 855 1441 906 quidem
1469 855 1572 894 vide-
1596 871 1632 893 10

238 924 352 961 batur
382 936 467 962 esse
496 922 639 970 amici;
673 922 732 961 sin
763 922 833 961 tibi
864 922 1056 973 displicet,
1084 935 1164 960 non
1197 930 1282 960 utar
1313 934 1361 959 eo
1393 922 1569 971 posthac.

237 990 317 1027 Sed
348 989 389 1035 si,
414 997 457 1027 ut
487 988 636 1035 scribis,
661 1001 730 1027 eae
760 988 910 1027 litterae
937 1001 1018 1026 non
1048 988 1206 1025 fuerunt
1235 986 1450 1033 ‘disertae,'
1475 986 1573 1025 scito

239 1067 346 1093 meas
385 1068 466 1093 non
506 1054 634 1092 fuisse.
696 1055 753 1093 Ut
792 1053 897 1092 enim
929 1053 1178 1091 Aristarchus
1215 1052 1383 1091 Homeri
1418 1066 1572 1091 versum

239 1128 366 1170 negat,
396 1134 514 1170 quem
550 1134 629 1158 non
663 1120 813 1170 probat,
847 1119 902 1158 sic
936 1127 978 1158 tu
1007 1119 1118 1170 <libet
1151 1119 1256 1158 enim
1293 1118 1389 1157 mihi
1424 1118 1571 1169 iocari),

240 1187 349 1236 quod
382 1186 571 1225 disertum
611 1199 693 1224 non
725 1185 805 1232 erit,
842 1199 891 1224 ne
929 1184 1075 1235 putaris
1116 1198 1258 1223 meum.
1319 1186 1417 1224 Vale
1457 1193 1495 1223 et
1534 1185 1573 1223 in
1598 1198 1632 1228 ¹5

240 1266 415 1299 censura,
450 1253 479 1291 si
519 1252 594 1291 iam
637 1266 677 1291 es
717 1266 867 1300 censor,
901 1261 943 1291 ut
978 1265 1103 1303 spero,
1137 1253 1187 1291 de
1219 1265 1366 1302 proavo
1406 1252 1572 1290 multum

241 1318 414 1369 cogitato
445 1326 523 1357 tuo.

284 1449 379 1485 XII
430 1451 498 1483 Ser.
515 1451 615 1483 Sidae
630 1463 658 1483 a.
680 1451 710 1483 d.
730 1453 767 1483 1'1'1'
779 1456 838 1483 ant
850 1452 939 1493 prid.
957 1452 1042 1485 Non.
1061 1452 1149 1485 Sars.
1170 1463 1199 1484 a.
1222 1463 1282 1494 704
1302 1453 1381 1494 (50).

582 1529 757 1561 CICERO
783 1529 925 1560 ΑΡΡΙΟ
953 1530 1175 1561 PVLCHRO
1202 1530 1235 1562 S.

207 1622 228 1649 1
298 1608 533 1646 (lratulabor
565 1607 635 1646 tibi
668 1608 798 1658 priusg
841 1608 901 1652 ita*
929 1608 1033 1647 enim
1074 1622 1201 1647 rerum
1242 1610 1339 1648 ordo
1378 1611 1578 1660 postulat;
1598 1628 1634 1650 20

243 1673 388 1712 deinde
422 1674 472 1711 ad
509 1686 571 1711 me
606 1665 828 1712 convertar.⁸
881 1675 966 1724 Ego
1000 1687 1091 1712 vero
1124 1675 1377 1713 vehementer
1405 1677 1576 1725 gratulor

242 1741 292 1778 de
323 1739 469 1778 iudicio
499 1739 684 1787 ambitus,
720 1752 849 1790 neque
880 1740 929 1786 id,
963 1741 1072 1790 quod
1104 1740 1252 1778 nemini
1292 1740 1458 1779 dubium
1492 1741 1572 1788 fuit,

242 1805 467 1843 absolutum
499 1818 583 1843 esse
615 1813 662 1851 te,
696 1805 765 1842 scd
796 1804 903 1851 illud,
934 1806 1053 1854 quod,
1084 1819 1164 1855 quo
1195 1806 1332 1845 melior
1361 1806 1466 1853 civis,
1497 1821 1576 1856 quo

245 1871 299 1908 vir
333 1870 481 1916 clarior,
514 1884 593 1920 quo
630 1870 763 1908 fortior
801 1872 951 1909 amicus
986 1884 1038 1918 es,
1071 1885 1231 1927 quoque
1271 1874 1380 1922 plura
1413 1873 1573 1920 virtutis,

244 1935 457 1974 industriae
492 1943 722 1973 ornamenta
756 1935 793 1973 in
827 1943 864 1974 te
899 1945 1000 1984 sunt,
1033 1934 1081 1976 eo
1112 1938 1334 1977 mirandum
1366 1947 1423 1977 est
1454 1939 1576 1989 magis
1598 1954 1634 1986 ²5

245 2003 390 2039 nullam
423 2015 471 2039 ne
503 2001 539 2038 in
574 2001 741 2040 tabellae
773 2002 934 2052 quidem
972 2004 1119 2043 latebra
1151 2004 1269 2044 fuisse
1300 2005 1575 2044 absconditam

246 2065 573 2111 malevolentiam,
607 2080 707 2116 quac
740 2075 777 2106 te
814 2069 1042 2120 impugnare
1076 2073 1248 2110 auderet.
1311 2073 1402 2110 Non
1435 2072 1574 2108 horum

244 2140 479 2182 temporum,
504 2146 582 2170 non
615 2135 754 2173 horum
785 2136 991 2174 hominum
1022 2145 1141 2187 atque
1173 2151 1324 2175 morum
1351 2135 1576 2187 negotium!

200 2213 224 2241 2
245 2197 340 2236 nihil
378 2197 452 2235 iam
490 2213 576 2238 sum
613 2201 764 2251 pridem
800 2202 1015 2241 admiratus
1048 2203 1181 2252 magis
1256 2204 1316 2241 De
1348 2216 1410 2240 mc
1444 2192 1575 2239 autem

246 2265 400 2315 suscipe
436 2268 632 2318 paulisper
667 2281 773 2306 meas
809 2268 927 2318 partis
959 2276 997 2307 ct
1037 2281 1127 2306 eum
1167 2276 1204 2307 te
1239 2281 1324 2306 esse
1359 2268 1472 2317 finge,
1508 2265 1574 2316 qui
1596 2280 1638 2312 30

247 2343 332 2368 sum
369 2346 451 2381 ego.
513 2333 550 2371 Si
588 2332 699 2371 facile
735 2332 937 2379 inveneris,
972 2333 1067 2382 quid
1102 2332 1220 2379 dicas,
1256 2332 1335 2371 noli
1376 2333 1576 2381 ignoscere

247 2397 494 2435 haesitationi
523 2411 642 2437 meae.
706 2399 790 2447 Ego
815 2411 906 2436 vero
932 2397 1047 2436 velim
1074 2397 1168 2435 mihi
1189 2397 1423 2448 Tulliaeque
1453 2410 1574 2443 meae,

766 2512 786 2541 9
811 2502 933 2533 leniter
950 2501 1062 2533 Baiter
