1791 2796
182 164 276 201 XII.
297 164 371 200 xiii
687 163 742 200 M.
775 164 943 208 TVLLI
976 163 1282 202 CICERONIS

317 273 530 312 demolitus
560 281 618 312 est
648 281 685 313 et
715 281 840 313 castra
869 274 1018 325 oppido
1047 274 1261 314 coniunxit.
1331 276 1490 316 Cassius
1518 285 1651 317 noster

317 352 407 376 cum
435 340 575 377 decem
605 338 825 389 legionibus
853 348 890 378 et
912 339 1140 379 cohortibus
1167 352 1225 378 xx
1253 340 1460 380 auxiliariis
1485 350 1523 381 et
1543 350 1651 393 quat-

317 412 404 441 tuor
434 402 583 441 milium
620 404 796 454 equitatu
826 419 847 443 a
879 404 1036 443 milibus
1066 419 1252 456 passuum
1288 418 1346 444 xx
1379 415 1503 445 castra
1531 407 1652 446 habet

317 468 444 519 posita
479 469 619 521 Πάλτῳ
653 478 691 508 et
723 470 916 509 existimat
951 485 991 509 se
1025 470 1109 509 sine
1144 471 1294 522 proelio
1328 486 1443 522 posse
1473 472 1651 520 vincere3

318 549 407 573 nam
444 535 520 573 iarn
552 535 670 574 ternis
702 535 927 574 tetrachmis
958 535 1128 574 triticum
1160 537 1266 587 apud
1302 537 1546 575 Dolabellam
1579 545 1647 576 est.
1669 545 1688 577 5

318 600 403 639 Nisi
443 601 539 652 quid
578 601 744 640 navibus
784 601 1101 641 Laudicenorum
1143 601 1389 652 supportarit,
1431 602 1510 641 cito
1549 603 1651 641 fame

318 675 449 716 pereat
484 680 646 705 necesse
681 674 763 715 est3
802 681 851 706 ne
886 674 1114 718 supportare
1146 666 1269 718 possit
1299 675 1336 706 et
1377 666 1486 707 Cassi
1517 667 1650 706 classis

318 732 419 771 bene
451 746 591 782 magna
626 732 689 770 cui
721 740 874 783 praeest
901 732 1082 771 Sextilius
1115 734 1243 771 Rufus
1276 741 1313 771 et
1343 740 1419 772 tres
1451 746 1548 783 quas
1578 747 1650 772 nos

315 797 564 845 adduximus,
587 812 671 848 ego,
690 798 900 845 Turullius,
925 798 1111 845 Patiscus,
1135 798 1247 837 facile
1267 798 1532 849 praestabunt.
1592 800 1651 837 'l'e

316 864 406 902 volo
435 864 536 902 bene
563 877 717 914 sperare
742 871 779 902 et
808 877 887 902 rem
914 877 962 914 p.,
987 871 1028 902 ut
1049 878 1117 902 vos
1145 863 1231 902 istic
1256 863 1479 915 expedisfis,
1502 863 1555 902 ita
1579 877 1650 915 pro
1672 877 1711 900 ιο

317 937 448 968 nostra
471 938 579 979 parte
603 929 780 968 celeriter
801 929 915 968 nobis
937 929 1110 980 expediri
1131 943 1246 980 posse
1267 930 1478 969 confidere.
1538 931 1646 969 Vale.

319 995 366 1032 D.
394 994 494 1033 Idib.
522 996 607 1033 Iun.
633 996 764 1046 Cypro
785 1008 807 1032 a
828 995 1187 1044 Crommyuacride.

359 1149 469 1185 XIV
649 1151 719 1183 Scr.
742 1152 863 1193 Pergae
880 1153 928 1182 1'1'1'1'
940 1152 983 1183 K.
1005 1152 1080 1184 Imz.
1103 1163 1134 1184 a.
1158 1162 1211 1192 711
1232 1153 1311 1194 (43).

580 1229 816 1260 LENTVLVS
842 1229 1069 1260 CICERONI
1096 1229 1185 1261 SVO
1212 1230 1246 1262 S.
1276 1229 1311 1262 P.
1342 1229 1381 1262 D.

279 1322 295 1349 1
370 1311 472 1349 Cum
508 1311 672 1347 Brutum
707 1316 883 1346 nostrum
916 1307 1188 1346 convenissem
1222 1322 1393 1358 eumque
1427 1307 1574 1347 tardius
1607 1307 1647 1346 in
1670 1320 1708 1354 15

315 1374 449 1413 Asiam
483 1382 690 1413 venturum
725 1373 1089 1421 animadverterem,
1123 1373 1160 1411 in
1189 1374 1324 1412 Asiam
1356 1372 1451 1412 redii
1491 1381 1533 1412 ut
1566 1373 1649 1413 reli-

314 1440 425 1490 quias
461 1440 537 1479 mei
573 1439 716 1478 laboris
747 1439 984 1490 conligerem
1015 1447 1053 1478 et
1084 1439 1294 1490 pecuniam
1327 1453 1445 1490 quam
1478 1438 1647 1490 primum

316 1507 486 1544 Romam
513 1505 719 1544 mitterem.
782 1504 944 1544 Interim
972 1505 1137 1556 cognovi
1164 1504 1202 1543 in
1227 1504 1345 1555 Lycia
1371 1519 1455 1544 esse
1483 1506 1645 1543 classem

316 1572 547 1610 Dolabellae
585 1570 834 1621 ampliusque
873 1579 1031 1609 centum
1081 1569 1190 1608 navis
1238 1569 1432 1608 onerarias
1472 1569 1511 1608 in
1551 1583 1648 1619 quas

313 1636 503 1675 exercitus
537 1635 620 1675 eius
652 1636 801 1687 imponi
833 1644 975 1686 posset,
1009 1636 1128 1686 idque
1161 1635 1409 1674 Dolabellam
1440 1649 1487 1673 ea
1515 1642 1648 1673 mente
1668 1647 1709 1670 20

314 1715 561 1752 comparasse
592 1709 643 1747 ut,
667 1700 697 1739 si
727 1700 858 1750 Syriae
885 1714 973 1751 spes
1006 1714 1096 1739 eum
1122 1701 1300 1738 frustrata
1327 1707 1438 1746 esset,
1462 1713 1648 1738 conscen-

314 1767 423 1804 deret
455 1766 493 1804 in
533 1765 642 1805 navis
681 1774 719 1804 et
752 1765 905 1804 Italiam
944 1772 1091 1815 peteret
1121 1778 1242 1815 seque
1273 1778 1363 1803 cum
1396 1763 1580 1802 Antoniis
1609 1771 1648 1802 et

314 1832 471 1882 reliquis
499 1831 714 1870 latronibus
745 1832 1010 1883 coniungeret.
1073 1831 1196 1871 Cuius
1223 1830 1274 1870 rei
1305 1838 1414 1869 tanto
1441 1830 1478 1868 in
1508 1829 1647 1868 timore

315 1897 379 1943 sui,
403 1905 443 1934 ut
465 1897 650 1935 omnibus
678 1897 793 1936 rebus
822 1897 963 1936 relictis
988 1911 1077 1936 cum
1101 1896 1350 1947 paucioribus
1372 1904 1409 1935 et
1431 1895 1647 1934 minoribus

272 1976 296 2002 2
315 1961 479 1999 navibus
509 1963 558 2000 ad
589 1962 672 2000 illas
702 1962 755 2001 ire
785 1971 949 2001 conatus
979 1962 1063 2001 sim.
1125 1964 1238 2011 Quae
1268 1976 1338 2009 res,
1367 1961 1397 1999 si
1427 1975 1450 2000 a
1478 1960 1646 1999 Rhodiis
1668 1973 1706 2006 25

314 2041 392 2064 non
424 2041 548 2066 essem
579 2027 856 2078 interpellatus,
885 2030 1045 2067 fortasse
1071 2035 1151 2066 tota
1177 2027 1331 2066 sublata
1358 2034 1482 2068 esset:
1515 2033 1645 2064 tamen

314 2106 454 2143 magna
474 2107 520 2131 ex
542 2102 649 2143 parte
677 2093 879 2144 profligata
900 2102 969 2141 est,
992 2093 1179 2145 quoniam
1202 2092 1363 2143 quidem
1385 2090 1518 2130 elassis
1539 2090 1646 2129 dissi-

314 2167 403 2208 pata
424 2166 481 2196 est
501 2159 694 2197 adventus
718 2159 836 2197 nostri
856 2159 1005 2206 timore,
1030 2159 1171 2197 milites
1192 2160 1393 2208 ducesque
1415 2158 1642 2207 effugerunt,

313 2223 511 2262 onerariae
547 2238 686 2262 omnes
717 2225 768 2263 ad
800 2239 916 2262 unam
948 2240 970 2263 a
1001 2224 1115 2263 nobis
1150 2232 1240 2262 sunt
1272 2230 1466 2274 exceptae.
1529 2223 1644 2261 Certe

313 2291 421 2340 quod
454 2289 621 2328 maxime
650 2289 759 2328 timui
791 2290 926 2329 videor
952 2305 1036 2329 esse
1064 2297 1309 2335 consecutus,
1343 2297 1384 2327 ut
1411 2301 1489 2326 non
1521 2287 1643 2337 possit
1663 2303 1705 2335 30

358 2406 372 2431 4
402 2395 531 2424 Παλ-νοΐ
546 2393 638 2424 illan.
745 2403 764 2432 5
790 2393 984 2423 tetrachmis
1005 2393 1060 2423 M:
1088 2393 1288 2423 ivn-achinis
1306 2391 1358 2422 D:
1386 2392 1643 2422 tctradraclnnis

315 2443 383 2469 wll.
492 2449 498 2466 ι
515 2449 521 2467 ι
551 2450 567 2467 a
589 2437 683 2467 nobis
702 2436 817 2467 Laud).
927 2447 959 2465 12
986 2449 1002 2466 a
1022 2437 1319 2475 Crommyuacride
1338 2436 1468 2466 b'm'ler:
1492 2446 1511 2466 a
1529 2436 1642 2466 Crom-

314 2481 506 2521 11150aeridc
531 2480 736 2521 ll'cscnbctgz
762 2481 1070 2519 aeromamyaciide
1086 2480 1174 2511 cedd.
