1791 2796
608 174 719 211 EPP.
753 174 829 211 An
862 174 1208 212 FAMILIARES
1523 176 1607 212 XV.
1627 174 1704 212 viii

242 284 416 335 optimae
438 284 617 331 feminae,
642 285 738 323 meis
759 285 886 324 verbis
907 286 980 324 eris
1001 288 1224 335 gratulatus.
1276 289 1311 325 A
1333 295 1381 333 te,
1406 287 1444 325 id
1467 289 1573 337 quod

243 351 451 396 consuesti,
476 359 568 401 peto
590 365 652 390 me
674 352 878 390 absentem
900 351 1037 401 diligas
1058 359 1176 402 atque
1197 354 1398 391 defendas

285 489 351 523 IX
520 491 587 524 Ser.
607 491 714 522 eodcm
732 493 795 523 loco
812 496 839 523 el
856 497 953 534 temp.
972 504 1035 534 quo
1051 499 1095 535 ep.
1116 495 1162 525 vii
1175 498 1204 525 et
1220 495 1284 526 viii.

361 570 405 601 M.
436 569 610 600 CICERO
640 569 837 601 PROCOS.
865 571 898 603 S.
929 571 966 602 D.
998 572 1041 602 M.
1069 571 1325 603 MARCELLO
1351 572 1449 604 COS.

204 662 221 693 5
297 649 355 686 Te
387 655 425 686 et
454 647 609 698 pietatis
644 647 683 685 in
719 655 806 686 tuos
837 656 875 687 et
904 648 1025 686 animi
1057 648 1096 687 in
1126 663 1207 688 rem
1237 663 1272 700 p.
1303 658 1341 689 et
1371 649 1572 689 clarissimi
1593 661 1610 688 1

241 721 359 763 atque
384 712 522 762 optimi
550 714 777 751 consulatus
803 714 846 752 C.
872 715 1062 753 Marcello
1092 717 1254 754 consule
1279 717 1382 754 facto
1404 717 1571 754 fructum

241 778 391 829 cepisse
421 780 674 818 vehementer
702 781 868 829 gaudeo.
929 782 1021 819 Non
1052 781 1193 820 dubito
1223 781 1319 831 quid
1348 790 1573 832 praesentes

242 844 434 891 sentiant:
474 858 547 882 nos
577 845 738 895 quidem
769 845 972 896 longinqui
998 855 1035 885 et
1062 861 1084 885 a
1111 855 1148 885 te
1173 847 1258 897 ipso
1286 847 1392 885 missi
1423 848 1462 885 in
1490 848 1574 886 ulti-

241 924 324 949 mas
357 910 483 960 gentis
515 911 566 948 ad
600 912 753 950 caelum
789 926 851 950 me
886 913 1043 951 hercule
1078 912 1252 951 tollimus
1284 913 1494 952 verissimis
1528 927 1574 951 ac

184 992 223 1014 10
241 976 461 1015 iustissimis
495 976 689 1015 laudibus.
751 978 855 1016 Nam
889 992 979 1016 cum
1020 986 1057 1017 te
1095 992 1119 1017 a
1156 978 1323 1029 pueritia
1356 987 1423 1018 tua
1457 979 1573 1018 unice

241 1041 443 1081 dilexerim
477 1049 600 1092 tuque
630 1056 693 1081 me
723 1042 763 1080 in
793 1043 901 1082 omni
931 1057 1072 1094 genere
1103 1057 1257 1094 semper
1285 1044 1573 1095 amplissimum

241 1121 326 1146 esse
347 1116 384 1146 et
404 1107 572 1146 volueris
594 1115 632 1147 et
652 1108 846 1156 iudicaris,
862 1117 946 1148 tum
967 1111 1043 1148 hoc
1059 1111 1120 1149 vel
1141 1118 1210 1149 tuo
1230 1111 1334 1149 facto
1355 1112 1416 1149 vel
1436 1111 1573 1161 populi

242 1174 289 1211 R.
313 1174 363 1212 de
390 1181 428 1212 te
455 1172 603 1212 iudicio
630 1175 756 1212 multo
782 1174 908 1213 acrius
928 1175 1281 1225 vehementiusque
1309 1175 1429 1226 diligo
1457 1177 1575 1215 maxi-

242 1252 384 1289 maque
414 1238 561 1278 laetitia
589 1239 762 1286 adficior,
795 1254 885 1278 eum
915 1240 965 1278 ab
996 1240 1225 1279 hominibus
1255 1241 1572 1291 prudentissimis

186 1319 221 1351 15
241 1304 410 1355 virisque
435 1305 595 1355 optimis
622 1305 809 1344 omnibus
829 1306 954 1353 dictis,
984 1307 1106 1353 factiS,
1130 1306 1279 1353 studiis,
1304 1307 1490 1346 institutis
1511 1310 1572 1347 vel

241 1383 304 1409 me
325 1370 381 1408 tui
402 1370 569 1409 similem
591 1384 675 1410 esse
696 1371 816 1410 audio
836 1373 896 1410 vel
918 1380 955 1410 te
977 1372 1063 1410 mei.
1125 1373 1262 1411 Unum
1283 1386 1375 1411 vero
1400 1373 1431 1411 si
1458 1373 1571 1412 addis
1592 1383 1615 1410 2

240 1436 290 1473 ad
320 1435 648 1485 praeclarissimas
675 1450 735 1475 res
762 1439 990 1475 consulatus
1011 1437 1078 1484 tui,
1102 1444 1144 1475 ut
1170 1445 1237 1475 aut
1264 1437 1360 1475 mihi
1385 1439 1572 1477 succedat

240 1513 359 1550 quam
398 1501 568 1551 primum
603 1502 743 1552 aliquis
782 1510 849 1541 aut
883 1516 932 1540 ne
967 1502 1063 1552 quid
1097 1504 1261 1541 accedat
1299 1503 1486 1553 temporis
1521 1505 1570 1542 ad

240 1566 281 1606 id
302 1568 410 1617 quod
437 1575 478 1605 tu
506 1567 602 1606 mihi
629 1576 667 1607 et
694 1576 852 1607 senatus
877 1582 907 1606 c.
932 1576 969 1606 et
993 1570 1077 1618 lege
1105 1568 1235 1615 finisti,
1258 1568 1392 1607 omnia
1416 1582 1479 1608 me
1503 1583 1572 1619 per

183 1648 222 1670 20
240 1640 278 1671 te
310 1641 567 1672 consecutum
597 1635 756 1684 putabo.
829 1635 932 1674 Cura
962 1642 1003 1672 ut
1033 1635 1160 1673 valeas
1196 1642 1233 1673 et
1268 1648 1331 1673 me
1365 1635 1568 1674 absentem

240 1698 378 1748 diligas
399 1707 516 1749 atque
537 1700 738 1738 defendas.

296 1765 409 1813 Quae
430 1764 527 1803 mihi
553 1766 604 1804 de
633 1765 784 1803 Parthis
815 1765 993 1803 nuntiata
1023 1772 1122 1812 sunt,
1153 1765 1245 1815 quia
1271 1779 1351 1804 non
1379 1767 1566 1816 putabam
1588 1771 1613 1809 3

239 1842 262 1867 a
286 1843 348 1868 me
373 1830 490 1868 etiam
516 1844 621 1868 nunc
649 1830 857 1869 scribenda
884 1844 968 1869 esse
995 1830 1162 1880 publice,
1192 1840 1398 1881 propterea
1422 1845 1471 1870 ne
1498 1845 1568 1882 pro

240 1895 499 1934 familiaritate
521 1895 681 1945 quidem
704 1904 835 1933 nostra
856 1895 960 1933 volui
981 1896 1032 1934 ad
1053 1903 1090 1934 te
1115 1895 1292 1942 scribere,
1317 1910 1376 1942 ne,
1407 1909 1496 1934 cum
1519 1899 1569 1935 ad

183 1973 221 2005 25
241 1962 443 1999 consulem
467 1961 718 2011 scripsissem,
741 1961 898 2010 publice
919 1961 1069 1999 viderer
1090 1961 1298 2011 scripsisse.

284 2107 325 2140 X
489 2108 558 2140 Ser.
586 2109 682 2140 Tarsi
695 2110 743 2140 vc!
756 2121 802 2141 ex.
821 2121 852 2141 a.
877 2120 930 2149 703
951 2110 961 2129 s
961 2112 1012 2150 51⁸
1035 2109 1086 2140 vel
1096 2111 1142 2141 in.
1162 2120 1222 2150 704
1244 2111 1321 2151 ‘502

349 2185 394 2216 M.
424 2185 597 2216 CICERO
624 2186 715 2218 IMP.
746 2186 780 2217 S.
813 2187 852 2217 D.
879 2187 917 2217 C.
943 2186 1198 2217 MARCELLO
1224 2187 1262 2218 C.
1293 2187 1327 2218 F.
1355 2186 1455 2218 COS.

295 2263 495 2312 Quoniam
523 2264 563 2301 id
588 2263 741 2310 accidit,
765 2265 874 2313 quod
899 2263 993 2301 mihi
1019 2264 1187 2303 maxime
1216 2265 1289 2302 fuit
1312 2272 1502 2315 optatum,
1526 2272 1568 2303 ut
1589 2277 1605 2303 1

239 2328 418 2367 omnium
441 2330 730 2374 Marcellorum,
756 2328 1076 2367 Marcellinorum
1098 2329 1215 2367 etiam
1238 2328 1441 2379 (mirificus
1461 2329 1566 2367 enim

182 2413 220 2443 30
238 2393 390 2445 generis
420 2407 466 2432 ac
497 2393 669 2432 nominis
696 2393 811 2432 vestri
841 2394 912 2432 fuit
942 2408 1031 2444 erga
1062 2408 1124 2433 me
1156 2407 1310 2444 semper
1340 2394 1567 2438 animus)—

374 2493 392 2512 2
417 2483 586 2512 consuesti
604 2481 728 2513 HDF:
752 2483 855 2514 suesti
873 2483 915 2514 M
1042 2494 1063 2522 9
1087 2488 1121 2513 te
1138 2482 1285 2514 tollimus
1304 2483 1431 2523 Kayser

168 2551 184 2558 a
