1791 2796
86 115 116 153 1.
140 114 202 152 vii
525 113 582 151 M.
614 113 782 151 TVLLI
814 113 1122 152 CICERONIS

101 364 137 392 11

119 1189 137 1217 1

157 221 291 260 salutis
313 228 469 260 nostrae
489 220 681 260 rationem
703 221 929 261 habendam
950 221 1065 261 nobis
1087 235 1172 261 esse
1192 221 1277 261 sine
1296 221 1487 273 dignitate

156 301 286 338 neque
307 287 506 337 dignitatis
527 287 611 325 sine
632 288 766 326 salute.

212 355 334 403 Quod
365 353 460 391 mihi
491 354 540 391 de
572 352 649 391 filia
678 361 716 391 et
744 354 794 392 de
819 354 1054 404 Crassipede
1080 354 1292 405 gratularis,
1314 368 1489 405 agnosco

158 419 444 458 humanitatem
467 426 574 457 tuam
597 432 792 469 speroque
812 428 850 458 et
871 427 966 470 opto
987 420 1102 458 nobis
1123 422 1225 459 hanc
1247 420 1488 459 coniunctio-

157 498 248 523 nem
269 483 460 534 voluptati
481 485 573 522 fore.
620 485 834 522 Lentulum
856 492 1044 531 nostrum,
1061 484 1202 524 eximia
1222 498 1290 535 spe
1311 498 1488 524 summae
1509 494 1526 526 5

156 550 305 589 virtutis
332 551 640 597 adulescentem,
664 563 755 588 cum
786 549 924 588 ceteris
950 549 1110 597 artibus,
1133 549 1276 600 quibus
1306 549 1489 589 studuisti

156 629 310 666 semper
330 615 424 666 ipse,
448 623 531 653 tum
554 615 593 653 in
618 614 752 665 primis
778 614 996 653 imitatione
1017 614 1073 653 tui
1094 616 1154 653 fac
1175 614 1354 663 erudias,
1383 616 1490 654 nulla

155 679 260 718 enim
291 679 361 718 erit
391 681 465 718 hac
495 679 753 730 praestantior
783 679 1000 730 disciplina.
1062 680 1193 729 Quem
1224 693 1307 727 nos,
1331 687 1369 718 et
1398 680 1489 730 quia

155 753 245 783 tuus
266 753 304 784 et
325 745 416 795 quia
437 753 474 783 te
495 745 637 794 dignus
659 752 716 783 est
738 744 838 782 filius
861 753 898 783 et
915 744 1006 795 quia
1023 738 1236 796 nosidfflgit
1257 758 1490 797 semperque

155 810 301 858 dilexit,
325 811 363 850 in
384 810 518 862 primis
539 823 718 850 amamus
741 823 955 862 carumque
977 811 1180 850 habemus.
1512 818 1551 841 ¹0

199 1006 316 1042 VIII
500 1009 568 1041 Ser.
589 980 718 1041 'Romae
733 1020 843 1042 mense
858 1009 929 1042 Ian.
951 1021 981 1042 a.
1004 1011 1066 1052 699
1086 1011 1161 1052 (Π).

161 1066 166 1072 ’
361 1091 408 1125 M.
439 1092 610 1124 CICERO
633 1092 670 1126 s,
695 1092 738 1124 D.
768 1093 806 1125 P.
837 1093 1060 1125 LENTVLO
1084 1092 1280 1125 PROCOS.

212 1179 274 1218 De
303 1176 488 1216 omnibus
523 1177 651 1225 rebus,
687 1190 789 1228 quae
819 1178 870 1216 ad
905 1185 943 1217 te
975 1177 1183 1228 pertinent,
1216 1176 1313 1228 quid
1344 1184 1487 1226 aetum,

155 1243 252 1294 quid
282 1242 540 1282 constitutum
571 1242 630 1289 sit,
654 1242 751 1293 quid
774 1243 986 1294 Pompeius
1017 1242 1241 1294 susceperit,
1265 1242 1414 1293 optime
1444 1256 1491 1282 ex

157 1309 213 1347 M.
239 1307 433 1347 Plaetorio
460 1321 687 1358 cognosces,
718 1307 785 1358 qui
815 1321 895 1347 non
925 1309 1053 1347 solum
1084 1307 1256 1347 interfuit
1285 1307 1331 1346 iis
1360 1308 1489 1358 rebus,
1513 1321 1550 1355 15

156 1375 227 1413 sed
257 1373 374 1412 etiam
404 1373 569 1424 praefuit
601 1386 730 1423 neque
765 1374 888 1412 ullum
923 1373 1094 1412 officium
1126 1386 1215 1423 erga
1245 1381 1284 1412 te
1318 1373 1490 1412 hominis

155 1438 424 1486 amantissimi,
448 1438 753 1489 prudentissimi,
784 1438 1070 1489 diligentissimi
1102 1438 1370 1488 praetermisit.
1432 1441 1491 1478 Ex

156 1506 299 1544 eodem
321 1505 370 1543 de
391 1512 476 1543 toto
502 1512 603 1542 statu
629 1517 756 1543 rerum
787 1503 1059 1542 communium
1088 1517 1315 1554 cognosces.
1376 1504 1491 1553 Quae

156 1571 292 1622 quales
313 1569 400 1617 sint,
424 1582 503 1608 non
534 1569 646 1608 facile
676 1578 734 1608 est
763 1569 941 1608 scribere.
1004 1572 1102 1609 Sunt
1130 1569 1291 1621 quidem
1322 1577 1426 1609 certe
1450 1569 1489 1607 in

156 1637 374 1675 amicorum
405 1643 627 1674 nostrorum
655 1643 859 1686 potestate,
888 1643 1006 1686 atque
1031 1636 1094 1683 ita,
1120 1644 1162 1674 ut
1190 1637 1336 1674 nullam
1368 1642 1489 1673 muta·
1511 1647 1551 1670 20

158 1702 305 1741 tionem
324 1714 513 1752 umquam
535 1702 608 1740 hac
629 1701 836 1740 hominum
857 1710 985 1741 aetate
1006 1701 1185 1741 habitura
1206 1714 1265 1740 res
1286 1714 1370 1739 esse
1387 1700 1490 1739 vide-

114 1779 139 1808 2
157 1775 252 1806 atur.
325 1769 410 1817 Ego
439 1766 612 1817 quidem,
649 1775 691 1805 ut
724 1768 854 1807 debeo
885 1776 922 1807 et
953 1776 994 1807 ut
1024 1776 1106 1807 tute
1133 1767 1229 1806 mihi
1259 1766 1490 1818 praecepisti

158 1840 196 1871 et
217 1840 258 1871 ut
280 1845 342 1870 me
364 1832 486 1882 pietas
503 1832 727 1882 utilitasque
742 1833 856 1883 cogit,
873 1846 936 1872 me
951 1834 1002 1872 ad
1019 1833 1101 1872 eius
1118 1833 1287 1872 rationes
1303 1831 1487 1882 adiungo,

158 1911 276 1948 quem
300 1905 341 1935 tu
363 1897 401 1935 in
423 1897 520 1935 meis
545 1897 760 1936 rationibus
788 1898 858 1937 tibi
885 1912 970 1937 esse
999 1899 1296 1949 adiungendum
1321 1896 1490 1948 putasti3

159 1964 229 2002 sed
250 1970 287 2001 te
308 1976 388 2001 non
410 1962 602 2012 praeterit,
625 1976 743 2013 quam
765 1963 813 2001 sit
840 1963 997 2002 difficile
1017 1977 1175 2002 sensum
1199 1963 1236 2001 in
1258 1976 1297 2001 re
1317 1961 1486 2013 publica,
1510 1973 1548 2004 25

160 2027 385 2079 praesertim
407 2036 555 2066 rectum
578 2036 615 2066 et
636 2030 923 2075 confirmatum,
940 2030 1148 2079 deponere.
1192 2030 1338 2066 Verum
1356 2035 1489 2065 tamen

160 2093 243 2143 ipse
274 2106 335 2131 me
365 2095 571 2131 conformo
600 2095 650 2132 ad
680 2094 762 2132 eius
790 2095 1044 2140 voluntatem,
1070 2107 1092 2131 a
1119 2106 1198 2143 quo
1225 2094 1389 2131 honeste
1415 2091 1491 2130 dis-

161 2158 303 2197 sentire
334 2171 412 2197 non
441 2172 613 2210 possum,
641 2173 769 2209 neque
796 2158 836 2198 id
864 2158 975 2205 facio,
999 2166 1040 2197 ut
1068 2158 1226 2197 forsitan
1252 2157 1488 2207 quibusdam

160 2225 303 2272 videar,
327 2225 575 2264 simulatione
594 2240 602 2273 ;
641 2233 793 2264 tantum
821 2224 925 2264 enim
946 2224 1066 2263 animi
1088 2223 1264 2262 inductio
1277 2230 1314 2262 et
1331 2235 1394 2261 me
1408 2223 1491 2260 her-

206 2341 224 2370 5
250 2340 399 2362 summae
424 2330 558 2361 virtutis
586 2329 667 2361 GR:
695 2339 824 2360 summa
840 2330 965 2360 virtute
990 2327 1031 2358 M
1161 2337 1200 2366 27
1227 2327 1403 2359 conformo
1421 2325 1488 2360 R²t

163 2374 325 2406 confirmo
343 2373 428 2405 codd.
565 2384 584 2405 a
600 2384 666 2412 quo
685 2373 734 2405 R:
760 2385 779 2404 a
795 2378 896 2414 snpra
913 2373 969 2403 lin.
993 2370 1040 2402 G:
1066 2381 1131 2411 quo
1150 2371 1190 2402 M
