1791 2796
570 149 681 185 EPP.
714 149 792 185 AD
823 147 1170 185 FAMILIARES
1473 147 1544 185 VI.
1567 145 1628 183 xii

204 259 451 299 considerare
481 260 602 298 debes
628 258 722 297 nihil
753 258 822 297 tibi
853 272 938 297 esse
968 258 1298 297 committendum
1329 272 1448 309 quam
1479 260 1531 297 ob

204 339 285 364 rem
306 339 454 373 eorum,
475 339 578 375 quos
594 325 740 371 laudas,
764 332 801 363 te
825 338 905 363 non
930 323 1172 362 simillimum
1196 325 1394 375 praebeas,
1453 325 1532 363 Sed

203 391 301 430 haec
339 391 463 430 oratio
497 390 618 441 magis
649 398 750 429 esset
787 398 878 441 apta
916 391 967 429 ad
998 389 1064 429 illa
1101 397 1278 441 tempora
1315 403 1416 441 quae
1455 389 1531 427 iam

200 455 395 507 effugisti,
437 470 542 495 nunc
580 470 671 494 vero
710 463 861 494 tantum
902 463 939 494 te
978 469 1070 506 para
1108 457 1158 494 ad
1193 457 1289 494 haec
1324 455 1532 494 nobiscum

165 533 181 564 5
203 522 375 569 ferenda,
409 522 551 572 quibus
585 535 658 571 ego
690 521 721 560 si
760 535 878 571 quam
918 520 1156 560 medicinam
1196 520 1424 569 invenirem,
1463 520 1532 559 tibi

202 601 362 638 quoque
388 589 554 626 eandem
585 588 789 626 traderem.
849 588 927 625 Sed
957 594 1015 625 est
1045 600 1166 625 unum
1198 585 1416 636 perfugium
1443 587 1533 624 doc-

202 652 301 691 trina
328 667 374 692 ac
405 653 562 699 litterae,
595 652 738 703 quibus
769 666 922 703 semper
951 651 1010 690 usi
1041 665 1185 698 sumus,
1219 665 1319 702 quae
1349 651 1532 690 secundis

201 718 317 757 rebus
350 718 652 758 delectationem
689 719 809 756 modo
843 718 988 756 habere
1021 716 1266 763 videbantur,
1301 730 1407 755 nunc
1441 731 1532 755 vero

201 783 318 822 etiam
349 785 524 822 salutem.
598 784 676 822 Sed
706 790 747 820 ut
777 783 827 821 ad
857 781 1011 820 initium
1042 790 1218 828 revertar,
1252 795 1345 820 cave
1375 781 1532 821 dubites

143 860 182 884 10
202 847 297 899 quin
317 847 452 887 onmia
471 849 521 888 de
542 849 665 886 salute
686 861 731 886 ac
753 846 879 886 reditu
902 854 969 886 tuo
990 847 1161 897 perfecta
1181 845 1268 884 sint.

240 1003 357 1040 XIII
513 1007 582 1040 Scr.
604 1007 732 1040 Romae
749 1008 792 1039 in.
814 1019 858 1039 111.
881 1008 968 1040 Sext.
991 1020 1019 1040 a.
1044 1011 1104 1048 70S
1123 1010 1206 1049 (46).

647 1086 822 1117 CICERO
850 1086 1057 1117 LIGARIO.

251 1162 333 1200 Etsi
375 1162 439 1201 tali
479 1170 547 1202 tuo
586 1171 763 1214 tempore
803 1178 865 1203 me
900 1172 966 1202 aut
1006 1164 1238 1204 consolandi
1269 1173 1335 1204 aut
1367 1165 1562 1206 iuvandil

196 1226 250 1264 tui
278 1241 395 1266 causa
422 1228 590 1267 scribere
619 1230 670 1267 ad
695 1236 731 1267 te
752 1228 902 1279 aliquid
923 1242 993 1279 pro
1020 1237 1152 1268 nostra
1177 1229 1350 1269 amicitia
1376 1240 1526 1281 oporte-

138 1304 172 1335 15
196 1292 271 1338 bat,
323 1300 454 1331 tamen
497 1294 629 1332 adhuc
669 1293 709 1332 id
753 1308 833 1332 non
875 1295 1053 1341 feceram,
1100 1294 1192 1344 quia
1232 1309 1360 1345 neque
1404 1295 1524 1335 lenire

194 1356 355 1396 videbar
381 1357 557 1397 oratione
587 1372 716 1409 neque
746 1360 872 1397 levare
899 1372 1015 1409 posse
1044 1360 1221 1398 dolorem
1252 1368 1374 1398 tuum.
1434 1363 1525 1400 Pos-

194 1429 255 1460 tea
294 1437 384 1462 vero
424 1437 542 1473 quam
579 1437 759 1474 magnam
795 1437 905 1474 spem
945 1425 1089 1463 habere
1128 1425 1242 1475 coepi
1281 1427 1361 1464 fore
1407 1434 1448 1464 ut
1487 1434 1524 1466 te

193 1487 299 1526 brevi
346 1496 521 1539 tempore
562 1487 800 1527 incolumem
841 1490 1086 1536 haberemus,
1128 1490 1254 1528 facere
1293 1504 1373 1529 non
1412 1491 1522 1541 potui

191 1552 286 1602 quin
322 1553 392 1592 tibi
427 1562 465 1592 et
500 1553 733 1592 sententiam
765 1562 803 1593 et
835 1556 1077 1594 voluntatem
1110 1555 1347 1594 declararem
1380 1570 1519 1595 meam.

133 1633 170 1655 ιο
193 1617 366 1656 Primum
388 1618 501 1668 igitur
523 1619 700 1665 scribam,
726 1620 834 1669 quod
856 1619 1039 1669 intellego
1061 1627 1097 1657 et
1119 1619 1322 1670 perspicio,
1340 1634 1419 1659 non
1441 1622 1522 1660 fore
1540 1634 1566 1663 2

191 1680 230 1719 in
255 1689 291 1720 te
317 1683 524 1722 Caesarem
553 1683 749 1723 duriorem
764 1699 774 1733 3
814 1698 906 1722 nam
928 1692 965 1723 et
992 1698 1051 1723 res
1079 1698 1169 1723 eum
1199 1685 1344 1724 cotidie
1371 1693 1408 1724 et
1437 1686 1522 1725 dies

189 1755 227 1786 et
258 1748 393 1799 opinio
426 1749 633 1788 hominum
663 1758 710 1797 et,
743 1758 785 1789 ut
818 1749 913 1789 mihi
943 1750 1105 1798 videtur,
1138 1750 1256 1790 etiam
1286 1765 1356 1790 sua
1384 1760 1522 1791 natura

191 1812 384 1852 mitiorem
416 1815 533 1863 facit,
580 1815 700 1865 idque
735 1830 823 1854 cum
859 1818 910 1855 de
942 1816 1098 1867 reliquis
1130 1817 1257 1856 sentio
1289 1826 1370 1857 tum
1404 1821 1453 1858 de
1486 1828 1522 1859 te

189 1879 306 1917 etiam
327 1880 446 1919 audio
467 1895 512 1919 ex
533 1882 840 1920 familiarissimis
869 1883 961 1922 eius.
1022 1883 1179 1933 Quibus
1200 1899 1272 1936 ego
1293 1900 1339 1924 ex
1359 1901 1407 1925 eo
1429 1894 1522 1926 tem-

131 1961 166 1993 25
189 1958 292 1994 pore,
317 1959 396 1995 quo
426 1945 594 1996 primum
625 1961 670 1985 ex
698 1947 829 1986 Africa
859 1948 1018 1987 nuntius
1049 1948 1164 1995 venit,
1196 1950 1413 2000 supplicare
1443 1966 1521 1992 una

188 2023 277 2047 cum
300 2010 478 2048 fratribus
501 2010 575 2048 tuis
597 2025 676 2050 non
699 2012 828 2050 destiti
848 2028 854 2054 ς
890 2028 1056 2063 quorum
1079 2014 1240 2064 quidem
1262 2024 1299 2053 et
1321 2015 1460 2055 virtute
1481 2026 1518 2056 et

187 2073 330 2123 pietate
352 2083 389 2113 et
409 2089 518 2114 amor
539 2075 578 2113 in
607 2083 644 2114 te
671 2076 874 2127 singularis
902 2086 939 2117 et
960 2079 1126 2118 adsidua
1147 2088 1184 2118 et
1213 2089 1400 2131 perpetua
1427 2096 1518 2121 cura

186 2139 319 2177 salutis
354 2148 442 2179 tuae
472 2149 623 2179 tantum
654 2142 816 2192 proficit,
850 2151 891 2182 ut
921 2144 1016 2182 nihil
1047 2144 1105 2191 sit,
1138 2147 1246 2196 quod
1278 2160 1357 2184 non
1388 2146 1515 2196 ipsum

186 2205 394 2243 Caesarem
425 2205 659 2260 tributurum
687 2207 916 2247 existimem.
977 2210 1064 2256 Sed,
1090 2210 1119 2247 si
1149 2211 1294 2249 tardius
1325 2213 1365 2249 fit
1396 2226 1513 2262 quam
1535 2218 1558 2255 3

233 2318 270 2347 15
296 2309 438 2340 feceram
456 2314 549 2342 vcra:
577 2311 672 2342 —erim
690 2311 776 2344 codd.
881 2315 923 2344 26
947 2324 1089 2353 quorum
1108 2338 1114 2345 .
1137 2339 1142 2344 .
1165 2339 1171 2345 .
1194 2315 1342 2357 proficit]
1363 2315 1515 2348 Praestat

184 2352 373 2383 sententiam
401 2354 592 2385 tolerabilem
611 2355 740 2386 retinere
757 2367 858 2396 quam
882 2357 1051 2388 emendare
1072 2362 1130 2387 aul
1155 2363 1190 2388 ut
1219 2358 1321 2389 Orelli
1345 2370 1458 2390 amore
1478 2361 1510 2390 in

185 2399 217 2425 te
235 2395 395 2434 singulari
415 2420 420 2427 .
443 2421 449 2427 .
471 2421 477 2428 .
500 2398 673 2437 proficitur
699 2401 758 2430 clst'
768 2400 907 2440 probant
917 2401 1032 2432 Bailcr
1045 2399 1233 2443 chscnbctg
1248 2402 1380 2443 Malle-r„
1401 2408 1461 2434 aul
1477 2408 1513 2434 ut

183 2437 341 2479 Plzgxgcrs
358 2445 391 2470 et
407 2441 513 2472 virtus
531 2447 564 2472 ct
581 2443 688 2482 pietas
706 2448 738 2474 ct
755 2454 849 2474 amor
