1791 2796
598 177 709 214 EPP.
742 176 819 213 AD
851 176 1198 213 FAMILIARES
1511 173 1663 213 XIII.1

233 286 360 326 officia
387 295 425 326 et
451 286 581 326 studia
606 286 789 326 Brundisi
814 286 1024 333 contulisti,
1049 286 1105 325 vis
1134 286 1228 325 mihi
1253 286 1369 325 etiam
1397 285 1564 337 gratiora

233 353 385 392 efficere
406 352 663 404 (quamquam
695 359 785 391 sunt
808 351 1054 402 gratissima),
1078 352 1109 389 si
1137 366 1200 391 me
1227 366 1250 390 a
1277 351 1352 390 tuis
1377 351 1563 391 omnibus

232 417 352 456 amari
386 417 506 465 vides,
543 419 618 457 hoc
653 416 748 455 mihi
788 418 839 456 da
876 425 995 468 atque
1034 417 1180 468 largire,
1215 425 1257 456 ut
1297 418 1362 455 Μ’.
1399 416 1562 457 Curium

236 486 405 522 ‘sartum
430 491 467 522 et
495 485 667 529 tectum‚'
689 491 730 521 ut
757 482 877 530 aiunt,
900 483 950 521 ab
981 482 1170 533 omnique
1201 482 1469 530 incommodo,
1498 484 1564 522 de-

194 564 211 595 5
232 547 426 594 trimento‚
464 548 642 587 molestia
676 548 872 587 sincerum
912 547 1186 599 integrumque
1221 562 1438 587 conserves.
1512 550 1564 587 Et

232 613 314 663 ipse
344 615 523 664 spondeo
552 621 590 652 et
620 627 758 652 omnes
788 615 864 653 hoc
895 613 964 652 tibi
996 613 1051 652 tui
1081 627 1151 664 pro
1186 627 1249 652 me
1283 613 1482 664 recipient,
1517 628 1564 653 ex

233 693 320 718 mea
338 678 511 718 amicitia
537 686 576 718 et
602 693 648 718 ex
676 686 744 717 tuo
771 678 810 717 in
836 693 899 717 me.
926 678 1056 718 officio
1085 678 1298 718 maximum
1325 686 1363 718 te
1392 680 1562 719 fructum

232 758 507 795 summamque
527 745 768 795 voluptatem
789 758 874 783 esse
895 752 1111 795 capturum.
1171 745 1280 784 Vale.

275 916 336 951 LI
463 918 533 951 δαν.
552 919 617 951 loco
632 923 661 950 et
676 929 765 950 anno
782 918 906 957 incerto,
918 918 1064 958 sortasse
1080 922 1154 949 ante
1171 920 1236 959 698
1254 918 1335 960 (56).

174 1010 214 1033 10
610 1009 786 1041 CICERO
813 1009 849 1041 P.
875 1008 1046 1040 CAESIO
1072 1009 1107 1040 S.
1138 1009 1179 1040 D.

285 1100 326 1136 P.
370 1098 625 1145 Messienum,
668 1098 841 1150 equitem
892 1101 938 1137 R.
983 1098 1170 1138 omnibus
1215 1099 1332 1138 rebus
1379 1107 1560 1139 ornatum

231 1177 443 1214 meumque
482 1163 794 1214 perfamiliarem,
836 1163 907 1202 tibi
946 1165 1188 1203 commendo
1227 1178 1273 1203 ea
1310 1165 1563 1203 commenda-

231 1228 337 1268 tione
369 1243 470 1279 quae
504 1236 633 1279 potest
665 1243 750 1268 esse
781 1228 1091 1279 diligentissima.
1168 1231 1265 1268 Peto
1299 1243 1321 1267 a
1356 1237 1392 1268 te
1423 1237 1459 1268 et
1493 1243 1563 1280 pro

230 1302 362 1333 nostra
401 1303 438 1334 et
477 1308 547 1345 pro
586 1303 748 1346 paterna
785 1294 957 1333 amicitia
996 1303 1038 1333 ut
1072 1308 1162 1333 eum
1206 1294 1245 1332 in
1290 1302 1395 1333 tuam
1442 1296 1561 1333 fidem

174 1374 208 1405 15
230 1360 391 1411 recipias
431 1360 592 1411 eiusque
632 1374 713 1399 rem
752 1361 977 1410 famamque
1017 1368 1158 1399 tueare.
1232 1360 1370 1399 Virum
1411 1360 1561 1399 bonum

230 1433 374 1476 tuaque
395 1425 566 1465 amicitia
587 1425 749 1477 dignum
772 1425 842 1465 tibi
856 1425 1079 1466 adiunxeris
1102 1425 1276 1476 mihique
1297 1424 1559 1476 gratissimum

230 1491 374 1530 feceris.

272 1662 356 1697 LII
486 1665 555 1696 Ser.
577 1664 705 1696 Romae
722 1664 787 1695 cz'rc.
808 1664 891 1696 med.
911 1675 955 1696 m.
972 1664 1060 1706 Sepl.
1080 1676 1110 1696 a.
1134 1668 1194 1705 708
1213 1665 1297 1705 (46).

708 1753 883 1784 CICERO
912 1753 1021 1783 REGI
1049 1754 1083 1784 S.

170 1857 210 1880 20
282 1843 327 1879 A.
349 1837 522 1880 Licinius
540 1841 769 1880 Aristoteles
790 1841 1009 1880 Melitensis
1023 1841 1318 1892 antiquissimus
1336 1851 1392 1881 est
1414 1843 1559 1893 hospes

228 1920 338 1945 meus
378 1915 415 1945 et
455 1914 653 1957 praeterea
701 1906 936 1944 coniunctus
983 1920 1126 1956 magno
1166 1920 1237 1944 usu
1278 1907 1556 1947 familiaritatis.

230 1974 342 2010 Haec
370 1986 460 2010 cum
482 1971 535 2010 ita
560 1971 647 2018 sint,
671 1985 750 2009 non
773 1971 914 2010 dubito
936 1970 1030 2021 quin
1053 1971 1122 2009 tibi
1144 1971 1236 2010 satis
1257 1974 1559 2012 commendatus

227 2036 301 2083 sit3
345 2036 490 2075 etenim
526 2051 571 2074 ex
607 2036 739 2074 multis
772 2050 970 2086 cognosco
1006 2049 1133 2075 meam
1169 2038 1557 2077 commendationem

228 2101 438 2151 plurimum
470 2103 575 2151 apud
605 2110 641 2140 te
667 2103 803 2140 valere.
866 2103 988 2140 Hunc
1017 2116 1090 2152 ego
1122 2116 1144 2141 a
1176 2104 1344 2142 Caesare
1375 2103 1533 2143 liberavi
1551 2119 1560 2151 ;

169 2184 206 2215 25
228 2169 410 2217 frequens
431 2167 536 2206 enim
559 2168 682 2206 fuerat
704 2167 911 2206 nobiscum
933 2176 1051 2219 atque
1073 2168 1189 2207 etiam
1212 2168 1360 2208 diutius
1381 2169 1419 2207 in
1442 2183 1559 2207 causa

227 2241 285 2272 est
314 2247 432 2283 quam
462 2246 534 2271 nos
560 2241 849 2282 commoratusj
880 2248 959 2284 quo
982 2234 1121 2274 melius
1150 2243 1186 2274 te
1214 2236 1264 2274 de
1292 2250 1339 2274 eo
1367 2234 1557 2274 existima-

227 2306 355 2336 turum
386 2297 559 2336 arbitror.
622 2301 698 2337 Fae
728 2298 851 2349 igitur,
880 2299 931 2337 mi
964 2302 1059 2347 Rex,
1090 2308 1132 2338 ut
1160 2300 1358 2351 intellegat
1386 2301 1454 2338 has
1482 2300 1556 2339 sibi

226 2362 370 2403 litteras
391 2363 602 2415 plurimum
625 2364 825 2415 profuisse.

637 2479 674 2499 21
703 2468 781 2499 mihi
800 2469 1001 2501 coniunctus
1017 2468 1135 2500 Lamb.
