1791 2796
210 177 330 214 XV.i
651 175 706 212 M.
739 175 908 212 TVLLI
941 174 1248 213 CICERONIS

283 287 505 327 excitatum.
568 287 723 326 Eodem
751 286 816 325 die
840 287 890 325 ab
921 286 1153 335 Iamblicho,
1177 288 1392 338 phylarcho
1424 288 1612 337 Arabum,

282 366 401 404 quem
420 352 600 390 homines
617 351 829 403 opinantur
849 352 951 391 bene
973 352 1115 392 sentire
1131 353 1384 404 amicumque
1401 367 1485 394 esse
1506 354 1560 394 rei
1576 368 1612 406 p.

238 434 263 472 3
283 427 449 465 nostrae,
483 418 632 457 litterae
662 419 712 457 de
742 418 868 457 isdem
898 418 1014 457 rebus
1045 418 1141 457 mihi
1170 419 1347 459 redditae
1375 428 1476 459 sunt.
1538 421 1615 460 His

282 485 398 524 rebus
418 484 570 532 adlatis,
594 484 666 523 etsi
688 484 965 535 intellegebam
986 484 1115 523 socios
1140 484 1293 525 infirme
1313 485 1508 525 animatos
1529 500 1614 525 esse

279 559 318 590 et
339 564 529 589 novarum
551 563 678 589 rerum
701 549 993 600 exspectatione
1014 563 1237 601 suspenSOS,
1253 551 1459 601 sperabam
1481 559 1613 591 tamen
1635 562 1651 593 5

277 630 357 663 θος,
394 617 444 655 ad
479 628 579 666 quos
614 614 691 653 iam
722 628 963 654 accesseram
996 615 1143 665 quique
1177 624 1352 654 nostram
1391 625 1615 655 mansuetu-

276 681 412 721 dinem
443 681 785 733 integritatemque
820 689 1106 732 perspexerant,
1140 681 1346 720 amiciores
1380 695 1415 732 p.
1450 683 1497 720 R.
1528 695 1614 722 esse

277 749 410 795 factos,
435 747 615 786 Ciliciam
643 755 775 787 autem
804 747 1015 786 firmiorem
1041 749 1133 796 fore,
1164 747 1194 785 si
1221 747 1429 798 aequitatis
1456 756 1613 787 nostrae

276 813 471 863 particeps
510 814 612 851 facta
650 820 762 852 esset.
836 814 886 851 Et
924 813 976 851 ob
1016 826 1102 851 eam
1143 826 1301 851 causam
1337 820 1375 851 et
1409 821 1451 851 ut
1486 812 1613 864 oppri—

277 886 475 917 merentur
506 877 531 916 ii
567 877 633 928 qui
664 892 710 916 ex
743 876 912 917 Cilicum
946 886 1063 928 gente
1099 878 1137 916 in
1172 877 1289 916 armis
1321 887 1465 926 essent,
1499 887 1540 917 et
1569 887 1613 917 ut
1635 893 1674 915 10

276 943 399 983 hostis
439 943 470 981 is
509 943 575 993 qui
609 951 710 982 esset
748 943 788 981 in
824 943 931 993 Syria
970 943 1084 982 sciret
1119 943 1330 982 exercitum
1369 957 1405 994 p.
1446 945 1493 981 R.
1530 957 1611 982 non

276 1010 398 1048 modo
419 1022 499 1048 non
521 1009 661 1048 cedere
686 1008 731 1046 iis
759 1007 906 1047 nuntiis
930 1009 1071 1047 adlatis
1092 1010 1163 1047 sed
1184 1008 1302 1047 etiam
1323 1008 1484 1059 propius
1505 1022 1612 1048 acce-

275 1075 379 1122 dere,
403 1074 615 1114 exercitum
636 1076 687 1113 ad
709 1075 884 1112 Taurum
906 1073 1055 1112 institui
1077 1075 1230 1113 ducere.

227 1143 254 1180 4
330 1141 408 1179 Sed
433 1140 464 1178 si
492 1140 587 1191 quid
615 1141 722 1190 apud
749 1153 818 1178 vos
843 1140 1055 1178 auctoritas
1087 1153 1174 1178 mea
1204 1137 1389 1190 ponderis
1417 1139 1548 1188 habet,
1570 1140 1610 1178 in

275 1205 320 1243 iis
354 1206 581 1256 praesertim
614 1206 740 1253 rebus,
775 1219 872 1255 quas
904 1219 973 1243 vos
1006 1205 1182 1252 audistis,
1215 1218 1288 1255 ego
1323 1218 1448 1255 paene
1477 1218 1607 1254 cerno,
1633 1219 1668 1251 15

275 1284 418 1322 magno
457 1285 575 1322 opere
614 1284 683 1309 vos
722 1278 760 1310 et
798 1272 933 1310 hortor
969 1278 1007 1309 et
1047 1284 1191 1310 moneo
1230 1278 1273 1308 ut
1307 1270 1367 1308 his
1399 1270 1609 1321 provinciis

273 1336 395 1375 serius
434 1350 504 1376 vos
543 1337 705 1388 quidem
751 1350 870 1387 quam
915 1336 1058 1384 decuit,
1099 1337 1171 1375 sed
1219 1336 1433 1386 aliquando
1477 1344 1609 1375 tamen

273 1402 498 1441 consulatis.
560 1404 645 1440 Nos
684 1416 803 1452 quem
841 1403 893 1440 ad
933 1403 1097 1440 modum
1139 1401 1348 1440 instructos
1388 1409 1426 1439 et
1465 1400 1608 1451 quibus

273 1468 475 1518 praesidiis
507 1468 679 1507 munitos
711 1469 762 1507 ad
797 1468 894 1506 tanti
928 1467 1020 1507 belli
1051 1467 1280 1518 opinionem
1313 1466 1492 1506 miseritis
1527 1481 1607 1505 non

273 1533 364 1572 estis
393 1533 523 1583 ignari.
586 1534 707 1582 Quod
737 1546 810 1583 ego
837 1533 1039 1583 negotium
1069 1546 1149 1571 non
1177 1532 1344 1571 stultitia
1376 1540 1607 1571 occaecatus
1629 1546 1669 1568 220

273 1600 343 1638 sed
360 1598 595 1638 verecundia
610 1598 814 1637 deterritus
829 1612 909 1636 non
925 1598 1100 1638 recusavi
1116 1613 1124 1647 ;
1155 1612 1284 1649 neque
1298 1598 1403 1637 enim
1418 1612 1607 1648 umquam

273 1666 396 1703 ullum
427 1664 643 1715 periculum
674 1672 826 1702 tanturn
857 1652 989 1714 putavi
1019 1665 1127 1714 quod
1155 1665 1422 1715 subterfugere
1451 1665 1606 1702 mallem

229 1745 252 1782 5
274 1743 392 1779 quam
413 1738 563 1769 vestrae
583 1730 803 1768 auctoritati
825 1731 1107 1780 obtemperare.
1162 1732 1255 1769 Hoc
1275 1714 1408 1768 autem
1430 1737 1606 1779 tempore

272 1808 330 1833 res
361 1808 445 1834 sese
475 1795 530 1834 sic
561 1796 680 1834 habet
710 1804 761 1842 ut,
790 1795 862 1833 nisi
894 1795 1106 1834 exercitum
1138 1803 1302 1842 tanturn,
1332 1802 1523 1845 quantum
1554 1795 1605 1832 ad

272 1860 485 1899 maximum
516 1861 663 1899 bellum
696 1860 846 1900 mittere
879 1861 1024 1908 soletis,
1049 1868 1199 1899 mature
1226 1860 1266 1898 in
1295 1861 1364 1898 has
1383 1859 1604 1911 provincias
1626 1871 1662 1904 25

270 1926 461 1973 miseritis,
486 1940 685 1964 summum
708 1926 924 1976 periculum
952 1927 1000 1964 sit
1027 1936 1076 1964 n‘e
1100 1920 1341 1964 amittendae
1368 1925 1445 1963 sint
1466 1938 1604 1963 omnes

269 1992 342 2029 hae
371 1991 604 2041 provinciae,
628 1992 771 2041 quibus
796 1991 998 2042 vectigalia
1029 2005 1064 2041 p.
1090 1993 1136 2029 R.
1160 1990 1422 2029 continentur.
1473 1991 1604 2039 Quam

268 2056 320 2093 ob
360 2070 439 2094 rem
479 2066 611 2095 autem
651 2056 690 2094 in
731 2058 807 2095 hoc
844 2056 1072 2107 provinciali
1104 2056 1250 2094 dilectu
1282 2069 1392 2106 spem
1427 2055 1604 2094 habeatis

267 2120 438 2171 aliquam
469 2134 585 2159 causa
616 2123 722 2159 nulla
753 2130 821 2160 est.
883 2123 1025 2171 Neque
1060 2121 1171 2159 multi
1201 2129 1292 2159 sunt
1326 2129 1364 2159 et
1395 2119 1604 2169 diffugiunt

267 2186 334 2236 qui
374 2195 464 2224 sunt
504 2195 611 2225 metu
651 2188 810 2234 oblat03
852 2195 889 2225 et
924 2187 1032 2236 quod
1071 2199 1193 2236 genus
1233 2187 1309 2224 hoc
1349 2185 1516 2223 militum
1555 2184 1603 2223 sit
1624 2195 1663 2226 30

267 2251 452 2290 iudicavit
477 2252 532 2289 vir
568 2252 799 2291 fortissimus
832 2254 887 2290 M.
920 2251 1084 2290 Bibulus
1112 2251 1151 2289 in
1179 2250 1284 2298 Asia,
1314 2250 1392 2300 qui,
1422 2263 1512 2288 curn
1533 2263 1603 2288 vos

267 2317 300 2356 ei
330 2317 612 2368 permisissetis,
637 2317 824 2356 dilectum
857 2317 1002 2355 habere
1032 2316 1210 2354 noluerit.
1271 2317 1375 2353 Nam
1405 2314 1601 2353 sociorum

308 2423 328 2450 6
353 2422 644 2452 mansuetudinem
663 2421 852 2452 Fm‘rarius:
880 2421 1161 2452 consuetudinem
1179 2419 1268 2450 codd.
1399 2429 1437 2449 12
1462 2418 1600 2460 cedere]

267 2466 426 2496 recedere
442 2465 546 2504 Kleyn
679 2475 718 2503 27
746 2466 810 2495 hae
828 2468 898 2495 vell.
920 2476 926 2495 :
951 2465 1035 2495 heae
1053 2464 1142 2495 codd.
1165 2476 1171 2494 :
1196 2473 1256 2494 eae
1275 2462 1387 2493 Baiter
