1791 2796
532 142 642 178 EPP.
679 142 753 177 M)
786 140 1132 177 llthfILIARES
1426 141 1470 176 Y.
1496 141 1570 175 xix

162 257 444 305 quodcumque
475 253 665 304 cepissem
698 253 848 292 consili.
880 252 1071 302 pollicm‘is
1104 253 1208 295 sore}
1253 266 1331 300 quo
1363 266 1491 301 neque

162 321 256 358 milii
291 320 434 370 gratius
474 333 616 369 neque,
649 326 686 356 ut
729 332 801 367 ego
839 318 1016 361 arbitror,
1055 317 1123 355 tibi
1165 317 1368 355 honestius·
1408 314 1491 355 essu

161 386 373 436 quicquam
395 392 534 435 potest.

217 436 317 489 M‘ihi
339 450 546 489 consilium
575 458 733 500 captum
762 449 837 487 iam
867 449 933 487 diu
955 457 1040 497 est3
1084 449 1133 487 dc
1161 462 1240 498 quo
1267 450 1318 487 ad
1340 456 1390 489 te,
1411 462 1490 487 non
1512 461 1536 487 2

123 536 139 566 5
160 531 239 567 quo
269 517 457 555 celandus
483 529 598 562 esses,
629 515 725 553 nihil
756 514 888 564 scripsi
915 522 1044 557 antea,
1066 516 1134 552 scd
1163 514 1253 563 quia
1275 506 1492 552 communi-

160 582 262 620 catio
292 581 429 620 consili
451 581 517 619 tali
539 589 716 631 tempore
737 580 846 630 quasi
874 581 1069 630 quaedam
1098 579 1318 617 admonitio
1338 579 1491 617 videtur

159 662 244 686 esse
273 647 375 685 offici
405 649 465 685 vel
495 646 625 697 potius
660 645 883 694 efflagitatio
918 646 968 683 ad
1004 645 1225 683 coeundam
1261 644 1488 683 societatem

159 714 218 751 vel
257 712 416 762 periculi
457 714 517 750 vel
557 710 709 749 laboris.
771 712 873 749 Cum
913 724 1004 748 vero
1040 724 1085 748 ca
1117 718 1183 748 tua
1217 709 1265 747 sit
1296 711 1490 757 voluntas,

159 778 394 820 humanitas,
417 776 690 816 benevolentia
722 790 810 826 erga
839 790 915 823 me,
936 776 1102 814 libenter
1128 777 1346 825 amplector
1370 777 1488 813 talem

102 860 140 882 10
158 843 348 890 animum,
369 844 437 881 sed
466 842 518 880 ita
546 843 643 893 (non
668 841 773 879 enim
801 841 997 879 dimittam
1028 842 1222 891 pudorem
1252 840 1291 878 in
1313 842 1489 889 rogando

160 908 335 958 meum):
387 908 417 945 si
456 906 592 946 feceris
632 906 686 954 id,
730 908 838 956 quod
877 906 1067 951 ostendis,
1108 919 1290 955 magnam
1331 906 1489 943 habebo

156 973 332 1023 gratiam,
371 973 401 1011 si
442 987 521 1011 non
554 972 704 1020 feceris,
744 972 945 1023 ignoscam
977 980 1016 1010 et
1053 973 1218 1010 alterum
1258 971 1400 1017 timori,
1439 974 1490 1010 al-

157 1048 281 1076 terum
313 1038 407 1076 mihi
438 1047 476 1076 te
506 1052 647 1088 negare
678 1052 757 1075 non
788 1037 963 1088 potuisse
992 1037 1220 1075 arbitrabor.
1282 1039 1351 1075 Est
1382 1037 1487 1075 enim

157 1118 215 1142 res
263 1105 439 1154 profecto
488 1103 666 1142 maxima.
740 1103 849 1152 Quid
894 1110 1044 1141 rectum
1090 1103 1139 1141 sit
1176 1111 1350 1152 apparet,
1391 1102 1487 1152 quid

100 1186 136 1218 ¹5
156 1169 337 1219 expediat
360 1170 573 1207 obscurum
604 1176 676 1216 est,
700 1169 753 1207 ita
782 1177 928 1216 tamen,
949 1178 1004 1216 ut,
1027 1169 1059 1207 si
1089 1182 1161 1207 nos
1189 1168 1214 1207 ii
1242 1182 1390 1216 sumus,
1420 1169 1486 1219 qui

156 1248 241 1272 esse
269 1235 474 1282 debemus,
502 1234 541 1272 id
571 1242 629 1272 est
659 1233 790 1272 studio
819 1234 927 1283 digni
956 1248 1002 1272 ac
1033 1233 1167 1272 litteris
1192 1233 1342 1281 nostris,
1376 1233 1487 1272 dubi-

156 1308 236 1337 tare
266 1313 345 1337 non
373 1299 569 1350 possimus
599 1299 695 1349 quin
720 1313 767 1337 ea
795 1299 965 1337 maxime
993 1300 1234 1346 conducant,
1263 1312 1365 1348 quae
1394 1307 1485 1337 sunt

156 1364 379 1402 rectissima.
431 1366 522 1413 Qua
536 1373 644 1412 retu,
661 1364 691 1402 si
713 1364 829 1402 simul
846 1364 1030 1415 placebit,
1046 1364 1177 1403 statim
1191 1366 1242 1403 ad
1257 1378 1319 1402 me
1333 1364 1484 1411 venies3

156 1429 214 1467 sin
236 1429 339 1468 idem
362 1430 532 1480 placebit
552 1438 671 1480 atque
692 1431 849 1477 eodem,
870 1444 943 1468 nec
963 1430 1154 1468 continuo
1174 1429 1329 1480 poterit,
1351 1429 1484 1467 omnia

97 1513 137 1535 20
154 1495 225 1533 tibi
264 1503 305 1533 ut
344 1504 437 1533 nota
481 1496 557 1533 sint
600 1497 751 1534 faciam.
830 1495 1032 1545 Quicquid
1076 1495 1265 1541 statueris,
1307 1502 1345 1533 te
1389 1494 1483 1532 mibi

153 1561 338 1604 amicum,
359 1561 418 1599 sin
439 1560 492 1608 id,
513 1562 620 1610 quod
642 1569 750 1611 opto,
771 1560 889 1599 etiam
909 1560 1191 1599 amicissimum
1213 1559 1408 1599 iudicabo.

196 1693 296 1746 XX*
327 1714 396 1747 Scr.
415 1715 460 1746 ad
475 1716 584 1746 urbem
598 1716 702 1756 paulo
713 1718 789 1756 post
798 1715 886 1756 prid.
904 1715 989 1746 Non.
1007 1715 1080 1746 Ian.
1096 1726 1125 1746 a.
1146 1725 1200 1754 705
1214 1714 1304 1755 (49).

644 1794 821 1824 CICERO
848 1793 983 1825 RVFO.

207 1871 382 1920 Quoquo
422 1873 543 1910 modo
582 1871 807 1922 potuissem,
843 1879 881 1909 te
920 1870 1203 1917 convenissem,
1246 1870 1276 1908 si
1308 1884 1366 1917 eo,
1401 1885 1480 1921 quo
1502 1883 1517 1909 1

93 1951 130 1982 25
153 1936 420 1982 constitueraS,
449 1936 581 1975 venire
611 1936 809 1974 voluisses.
871 1937 960 1984 Qua
990 1950 1039 1981 re,
1070 1936 1141 1974 etsi
1172 1936 1248 1974 mei
1279 1937 1479 1975 commodi

151 2014 267 2039 causa
300 2014 549 2039 commovere
580 2015 643 2039 me
673 2001 843 2048 noluisti,
877 2009 1009 2039 tamen
1043 2000 1095 2039 ita
1124 2000 1321 2040 existimes
1350 2002 1478 2048 velim,

151 2079 214 2103 me
239 2067 500 2104 antelaturum
527 2066 657 2114 fuisse,
681 2066 711 2104 si
731 2067 781 2105 ad
808 2080 870 2105 mc
894 2066 1076 2113 misisses
1100 2068 1343 2105 voluntatem
1371 2074 1477 2105 tuam

149 2132 362 2169 commodo
383 2145 482 2170 meo.

203 2197 266 2234 Ad
301 2209 357 2244 ea,
388 2210 489 2246 quae
518 2197 713 2248 scripsisti,
746 2197 996 2237 commodius
1027 2198 1211 2248 equidem
1242 2211 1398 2248 possem
1429 2199 1479 2237 de

190 2313 212 2341 6
235 2312 410 2343 videbatur
426 2313 504 2343 coni.
525 2312 648 2343 Mtiller
749 2324 787 2344 12
811 2314 939 2354 timori]
958 2314 1099 2345 tribuam
1118 2314 1227 2346 timori
1245 2314 1336 2346 Koch
1441 2324 1478 2353 15

148 2365 265 2386 sumus
287 2355 316 2385 G
337 2355 423 2386 Crat.
443 2368 450 2387 ε
486 2357 589 2387 simus
606 2355 680 2386 MR
816 2367 852 2396 17
878 2358 945 2388 sint
975 2357 1165 2398 lVesenberg
1300 2359 1339 2390 18
1364 2357 1478 2396 Quare

145 2402 217 2429 vel&
237 2410 243 2429 :
267 2409 352 2438 quae
370 2399 455 2430 codd.
474 2411 479 2429 ι
506 2399 562 2430 del.
584 2400 744 2431 Slreicltcr
855 2411 895 2440 19
921 2401 1047 2441 poteris
1068 2401 1155 2432 Crat.
1268 2413 1306 2441 24
1335 2401 1480 2440 Quoquo

150 2441 266 2473 Lcmzb.
287 2453 293 2473 :
319 2453 384 2483 quo
402 2442 487 2474 codd.
