1791 2796
118 158 237 197 XIII.
257 159 380 196 xlviii
635 160 688 196 M.
721 160 890 210 TVLLI
922 159 1229 199 CICERONIS

266 278 480 321 sequantur
511 270 575 309 alii
592 285 601 318 3
641 284 754 321 quae,
788 278 831 309 ut
865 284 989 322 spero,
1024 270 1176 310 facilius
1210 285 1464 324 consequere,
1497 270 1528 311 si
1557 279 1597 311 et

267 338 306 374 P.
343 335 511 382 Lentuli,
544 335 738 375 necessari
778 335 844 382 tui,
877 337 1003 387 legem
1043 344 1082 375 et
1120 350 1167 376 ca
1204 351 1305 388 quae
1343 352 1367 376 a
1405 351 1468 377 me
1505 351 1597 377 con·

263 401 399 440 stituta
424 409 515 440 sunt
542 400 652 453 sequi
677 401 846 441 volueris
860 416 871 450 3
899 415 1021 453 quam
1041 415 1123 441 rem
1151 401 1222 442 tibi
1249 404 1410 443 confido
1430 417 1595 455 magnae

263 467 369 507 laudi
391 469 482 507 fore.

304 631 453 667 XLIX
511 636 581 668 Scr.
601 635 730 667 Romae
746 636 829 667 mter
844 635 928 668 mccl.
947 646 991 668 m.
1014 634 1082 667 Oct.
1098 646 1129 668 a.
1150 646 1209 677 707
1227 636 1299 678 (47)
1316 640 1347 668 et
1614 652 1632 684 5

722 691 772 724 ld.
792 691 893 723 Mart.
916 702 945 723 a.
968 701 1025 731 710
1044 692 1131 732 (44).

637 769 815 800 CICERO
841 769 986 801 CVRIO
1012 768 1210 801 PROCOS.

313 850 362 898 Q.
388 847 601 899 Pompeius
628 849 713 887 Sex.
737 849 760 885 f.
786 847 919 886 multis
943 855 981 886 et
1007 846 1204 887 veteribus
1231 845 1359 886 causis
1383 845 1594 887 necessitu-

258 913 362 952 dinis
384 913 479 952 mihi
501 913 737 953 coniunctus
759 921 827 953 est.
890 915 929 952 Is
957 926 1047 952 cum
1075 920 1192 951 antea
1215 912 1313 952 meis
1341 913 1593 952 commenda-

259 977 432 1018 tionibus
471 987 509 1018 et
547 993 628 1019 rem
667 987 705 1018 et
743 978 906 1030 gratiam
947 986 985 1018 et
1023 977 1297 1018 auctoritatem
1342 991 1454 1017 suam
1493 976 1592 1017 tueri
1615 990 1654 1013 10

256 1045 465 1091 consuerit,
490 1059 596 1084 nunc
623 1046 800 1095 profecto
830 1052 868 1084 te
898 1044 1141 1096 provinciam
1172 1043 1379 1083 obtinente
1408 1043 1505 1082 meis
1535 1043 1594 1081 lit-

257 1110 348 1150 teris
368 1110 532 1162 adsequi
549 1111 679 1157 debet,
699 1118 740 1149 ut
758 1109 906 1149 nemini
928 1123 969 1149 se
990 1109 1191 1160 intellegat
1211 1108 1591 1148 commendatiorem

256 1190 445 1227 umquam
477 1176 605 1216 fuisse.
666 1178 798 1226 Quam
828 1176 881 1215 ob
912 1189 993 1214 rem
1022 1189 1045 1213 a
1072 1183 1110 1214 te
1141 1174 1328 1214 maiorem
1357 1173 1396 1212 in
1427 1175 1590 1214 modum

255 1251 348 1294 peto
387 1250 440 1290 ut,
482 1255 572 1281 cum
608 1242 736 1281 omnis
772 1255 881 1281 meos
915 1255 1042 1292 aeque
1075 1255 1122 1280 ac
1158 1248 1246 1280 tuos
1280 1240 1488 1279 observare
1521 1253 1591 1290 pro

255 1308 548 1348 necessitudine
582 1316 714 1347 nostra
743 1308 901 1354 debeas,
934 1309 1040 1346 hunc
1079 1306 1118 1345 in
1149 1305 1283 1357 primis
1322 1305 1376 1344 ita
1409 1305 1447 1343 in
1484 1313 1589 1344 tuam
1616 1322 1650 1354 ¹5

256 1376 374 1414 fidem
416 1374 590 1426 recipias,
625 1382 667 1412 ut
697 1373 779 1425 ipse
810 1374 1011 1424 intellegat
1045 1375 1193 1412 nullam
1228 1386 1308 1412 rem
1345 1368 1418 1411 sibi
1454 1371 1590 1412 maiori

255 1441 343 1479 usui
372 1449 438 1479 aut
473 1448 706 1479 ornamento
746 1453 865 1491 quam
905 1453 1035 1479 meam
1075 1437 1466 1478 commendationem
1505 1451 1590 1477 esse

255 1506 439 1558 potuisse.
500 1507 607 1545 Vale.

299 1671 334 1707 L
607 1675 675 1707 Scr.
697 1675 827 1707 Romae
844 1677 888 1708 in.
908 1688 955 1709 m.
973 1676 1046 1709 lan,
1067 1689 1099 1713 a„
1120 1687 1175 1717 710
1195 1677 1280 1718 (44).

667 1753 843 1785 CICERO
870 1755 903 1786 S.
933 1755 971 1786 D.
998 1755 1170 1787 ACILIO.
1610 1771 1649 1792 20

218 1847 233 1874 1
307 1830 463 1881 Sumpsi
493 1832 568 1869 hoc
597 1830 691 1868 mihi
717 1845 787 1882 pro
813 1840 879 1870 tua
907 1832 945 1870 in
972 1847 1035 1872 me
1060 1832 1317 1879 observantia,
1342 1846 1459 1882 quam
1482 1831 1587 1882 peni-

253 1905 312 1935 tus
334 1896 511 1948 perspexi
533 1910 652 1947 quam
676 1896 743 1935 diu
768 1897 952 1937 Brundisi
977 1898 1132 1946 fuimus,
1157 1905 1198 1937 ut
1219 1899 1269 1937 ad
1291 1905 1328 1936 tc
1350 1897 1587 1936 familiariter

250 1970 287 2001 et
312 1962 422 2012 quasi
451 1975 521 2012 pro
549 1975 639 2001 meo
669 1962 751 2002 iure
783 1963 1005 2011 scriberem,
1029 1964 1059 2003 si
1091 1978 1192 2015 quae
1219 1977 1279 2003 res
1304 1970 1404 2002 esset
1432 1964 1482 2002 de
1509 1976 1587 2013 qua

250 2029 363 2067 valde
402 2028 631 2067 laborarem.
707 2031 772 2068 Μ’.
809 2030 962 2078 Curius,
1000 2030 1066 2080 qui
1108 2029 1231 2068 Patris
1266 2028 1496 2080 negotiatur,
1533 2028 1586 2066 ita

252 2092 344 2130 mibi
368 2092 566 2131 familiaris
589 2102 656 2140 est,
682 2103 723 2134 ut
756 2095 853 2134 nihil
882 2095 1006 2147 possit
1027 2109 1111 2135 esse
1136 2094 1395 2134 coniunctius.
1457 2095 1585 2132 Multa
1608 2105 1645 2136 25

251 2157 352 2196 illius
374 2158 411 2196 in
435 2172 497 2197 me
520 2159 657 2207 officia,
686 2163 807 2199 multa
834 2161 872 2199 in
901 2162 1009 2200 illum
1039 2175 1135 2208 mea,
1159 2162 1348 2211 quodque
1370 2159 1582 2198 maximum

208 2235 232 2262 2
250 2233 318 2270 est,
335 2238 513 2263 summus
537 2225 636 2264 inter
660 2240 732 2265 nos
753 2240 864 2265 arnor
884 2234 923 2265 et
943 2234 1114 2265 mutuus.
1175 2228 1288 2275 Quae
1309 2238 1399 2264 cum
1421 2224 1473 2262 ita
1493 2223 1580 2270 sint,

250 2289 279 2327 si
311 2292 429 2329 ullam
462 2291 499 2329 in
534 2290 706 2330 amicitia
739 2305 826 2331 mea
861 2305 970 2342 spem
1004 2292 1137 2338 habes,
1175 2290 1204 2329 si
1233 2304 1289 2338 ea,
1319 2303 1420 2341 quae
1450 2289 1489 2327 in
1520 2302 1583 2328 me

298 2405 306 2423 ι
328 2395 532 2469 quasqlclquod
551 2393 739 2436 chscnhasg
827 2406 870 2426 20
887 2405 1002 2426 AC1L10
1015 2393 1223 2434 Lallcmmnl,
1235 2393 1273 2434 cs.
1285 2393 1340 2425 vii.
1356 2403 1407 2434 30.
1423 2403 1462 2433 3;
1478 2402 1531 2432 31.
1548 2402 1580 2423 1:

249 2448 359 2469 AVCTO
375 2450 421 2469 coc
434 2452 444 2470 ι
458 2463 464 2470 .
1196 2457 1200 2462 ·
