1791 2796
552 142 663 179 EPP.
696 141 773 178 Al)
806 140 1152 177 FAMILIARES
1506 139 1613 177 VLi

214 253 375 304 quidem
408 260 583 304 tempore
615 266 696 291 non
726 266 798 302 ego
829 265 986 292 causam
1019 258 1203 297 nostram,
1238 252 1305 290 sed
1337 250 1544 290 consilium

214 318 498 369 improbabam.
558 320 652 357 Sero
680 317 784 356 enim
811 331 882 355 nos
908 317 952 355 iis
980 316 1096 355 armis
1124 316 1319 356 adversari
1343 316 1539 362 videbam,

214 397 314 433 quae
345 385 469 423 multo
498 391 588 422 ante
619 384 849 422 confirmata
879 396 946 433 per
975 389 1131 421 nosmet
1161 382 1267 432 ipsos
1298 389 1416 428 erant,
1440 383 1546 421 dole-

215 450 385 499 bamque
414 448 502 500 pilis
532 457 569 488 et
600 448 748 499 gladiis,
777 462 857 486 non
886 447 1058 487 consiliis
1087 460 1215 497 neque
1247 446 1545 486 auctoritatibus

177 529 195 561 5
215 514 354 553 nostris
389 516 439 553 de
474 514 554 553 iure
588 513 749 565 publico
784 512 1003 563 disceptari.
1064 514 1206 563 Neque
1241 526 1322 563 ego,
1356 526 1410 559 ea,
1444 526 1545 563 quae

213 581 315 618 sacta
341 587 444 627 sunt,
465 581 546 619 fore
573 593 663 618 cum
694 578 887 625 dicebam,
911 578 1139 617 divinabam
1169 579 1308 625 futura,
1332 579 1411 624 sed,
1436 579 1545 628 quod

213 653 250 683 et
272 644 352 684 fieri
373 658 489 695 posse
510 653 547 683 et
575 644 781 684 exitiosum
810 645 902 691 forc,
926 643 956 681 si
985 643 1188 690 evenisset,
1212 643 1406 690 videbam,
1431 643 1470 682 id
1496 657 1545 682 ne

212 710 407 750 accideret
437 710 636 757 timebam,
660 709 886 760 praesertim
908 723 1010 756 cum,
1039 709 1070 747 si
1099 709 1194 747 mihi
1222 710 1386 747 alterum
1413 716 1543 747 utrum

211 777 262 815 de
292 783 433 815 eventu
463 783 581 826 atque
611 775 715 814 exitu
745 788 872 813 rerum
903 773 1215 825 promittendum
1247 781 1362 822 esset,
1383 773 1423 812 id
1445 775 1545 813 futu-

151 855 192 880 10
211 855 306 888 rum,
331 843 439 892 quod
461 840 600 888 evenit,
624 840 859 891 exploratius
880 853 1037 891 possem
1062 839 1299 890 promittere.
1361 839 1414 877 Iis
1437 839 1542 878 enirn

210 907 325 946 rebus
346 907 655 958 praestabamus,
669 920 770 956 quae
787 919 866 944 non
888 907 1086 956 prodeunt
1106 905 1146 943 in
1166 905 1303 953 aciem,
1321 919 1393 944 usu
1410 912 1542 944 autem

209 986 406 1012 armorum
441 980 479 1011 et
519 971 687 1010 militum
728 972 867 1010 robore
907 970 1108 1010 inferiores
1147 984 1312 1010 eramus.
1384 972 1460 1010 Sed
1501 978 1542 1010 tu

209 1037 318 1076 illum
357 1037 534 1076 animum
573 1051 679 1077 nunc
718 1037 874 1084 adhibe,
913 1051 1073 1088 quaeso,
1113 1050 1192 1088 quo
1232 1050 1296 1075 me
1335 1043 1418 1075 tum
1458 1050 1543 1076 esse

208 1111 387 1154 oportere
417 1103 616 1143 censebas.

151 1182 188 1214 15
263 1171 376 1208 Haec
411 1184 458 1208 eo
488 1169 634 1220 scripsi,
667 1170 775 1220 quod
806 1168 901 1207 mihi
933 1168 1179 1219 Philargyrus
1209 1176 1298 1207 tuus
1329 1167 1463 1208 omnia
1492 1169 1542 1208 de
1561 1171 1589 1208 6

209 1242 245 1273 te
276 1234 486 1284 requirenti
516 1233 745 1273 fidelissimo
775 1234 921 1282 animo,
946 1241 988 1272 ut
1018 1233 1113 1271 mihi
1144 1233 1305 1284 quidem
1336 1233 1440 1273 visus
1470 1241 1538 1281 est,

208 1299 374 1338 narravit
414 1308 450 1337 te
488 1299 686 1339 interdum
727 1299 936 1338 sollicitum
972 1301 1096 1338 solere
1135 1313 1220 1338 esse
1254 1299 1537 1338 vehementius.

209 1366 331 1414 Quod
353 1366 478 1403 facere
503 1379 584 1404 non
612 1366 734 1404 debes
755 1379 828 1404 nec
853 1364 1035 1404 dubitare
1065 1364 1161 1414 quin
1186 1372 1253 1402 aut
1279 1364 1411 1414 aliqua
1435 1378 1474 1403 re
1501 1378 1537 1414 p.

207 1429 258 1468 sis
290 1430 321 1469 is
351 1432 512 1477 futurus,
546 1430 612 1481 qui
643 1444 728 1470 esse
762 1431 896 1477 debeS,
927 1437 994 1469 aut
1028 1430 1181 1480 perdita
1215 1443 1295 1468 non
1323 1429 1539 1469 adflictiore

149 1511 188 1533 20
207 1495 443 1535 condicione
470 1510 589 1546 quam
621 1496 748 1536 ceteri.
811 1499 904 1536 Hoc
925 1510 1016 1535 vero
1037 1504 1203 1546 tempus,
1227 1509 1308 1546 quo
1328 1494 1538 1534 exanimati

207 1574 344 1600 omnes
383 1569 421 1600 et
459 1561 639 1612 suspensi
678 1575 824 1608 sumus,
858 1563 935 1600 hoc
974 1560 1235 1600 moderatiore
1269 1560 1403 1599 animo
1441 1562 1538 1600 ferre

205 1626 337 1672 debes,
361 1627 470 1676 quod
497 1634 535 1665 et
565 1626 605 1664 in
632 1627 728 1665 urbe
759 1640 804 1665 ea
831 1640 885 1675 es,
906 1625 974 1665 ubi
999 1634 1090 1664 nata
1117 1634 1155 1664 et
1181 1627 1259 1664 alta
1286 1633 1344 1664 est
1370 1625 1468 1664 ratio
1492 1640 1538 1664 ac

205 1692 423 1730 moderatio
458 1691 570 1739 vitae,
607 1700 645 1731 et
685 1693 807 1731 habes
844 1694 921 1731 Ser.
957 1691 1189 1742 Sulpicium,
1225 1705 1343 1741 quern
1383 1705 1538 1741 semper

204 1755 319 1794 unice
340 1755 534 1804 dilexis-&3
564 1757 631 1806 qui
659 1764 696 1796 te
723 1758 900 1807 profecto
925 1764 963 1795 et
990 1756 1267 1795 benevolentia
1288 1763 1326 1794 et
1346 1755 1538 1806 sapientia

148 1835 184 1866 25
204 1822 437 1860 consolatur.
499 1821 621 1861 Cuius
647 1822 677 1860 si
706 1836 881 1861 essemus
910 1829 948 1860 et
972 1821 1245 1860 auctoritatem
1267 1828 1305 1859 et
1326 1820 1535 1860 consilium

203 1886 336 1934 secuti,
360 1886 480 1938 togati
509 1887 639 1937 potius
670 1887 885 1937 potentiam
918 1901 1036 1938 quam
1066 1886 1204 1926 armati
1225 1886 1426 1925 victoriam
1447 1887 1535 1925 sub-

203 1951 378 1991 issemus.

256 2019 335 2057 Sed
367 2018 464 2057 haec
496 2017 671 2069 longiora
703 2020 864 2058 fortasse
898 2020 1053 2058 fuerunt
1086 2032 1204 2070 quam
1241 2032 1402 2057 necesse
1438 2018 1509 2057 fuit
1526 2033 1534 2066 3
1554 2028 1576 2066 7

203 2082 276 2130 illa,
301 2097 401 2134 quae
432 2083 579 2123 maiora
609 2092 709 2131 sunt,
734 2084 888 2123 brevius
920 2097 1125 2135 exponam.
1188 2086 1273 2134 Ego
1303 2084 1442 2131 habeo,
1471 2083 1533 2122 cui

143 2164 186 2196 30
203 2149 288 2198 plus
310 2161 428 2199 quam
445 2147 516 2188 tibi
536 2149 715 2196 debeam,
732 2148 931 2188 neminem
948 2164 958 2198 3
987 2149 1130 2200 quibus
1147 2157 1300 2188 tantum
1321 2149 1529 2196 debebam,

202 2220 393 2262 quantum
424 2221 465 2252 tu
495 2213 696 2264 intellegis,
730 2228 798 2253 eos
829 2214 945 2253 huius
976 2215 1071 2253 mihi
1101 2215 1194 2254 belli
1224 2228 1337 2253 casus
1367 2214 1508 2265 eripuit
1525 2229 1533 2261 3

201 2277 267 2327 qui
297 2277 371 2317 sim
397 2286 529 2317 autem
557 2280 632 2318 hoc
660 2287 836 2330 tempore
861 2279 1073 2331 intelleg03
1102 2281 1182 2328 sed,
1207 2280 1299 2331 quia
1329 2293 1447 2319 nemo
1475 2287 1532 2318 est

223 2392 262 2455 l⁴5
288 2383 412 2415 nostris
430 2394 493 2415 0111.
518 2383 581 2415 GR
718 2385 754 2415 18
779 2384 889 2424 aliqua
908 2383 967 2416 M:
996 2388 1152 2424 reparata
1171 2382 1233 2414 GR
1248 2395 1253 2414 ι
1269 2383 1353 2423 fort.
1378 2388 1532 2424 reparata

202 2438 220 2457 a
236 2436 311 2465 {qua
