1791 2796
74 122 104 159 Ῑ.
130 122 188 158 vii
509 122 564 159 M.
597 122 765 159 TVLLI
797 122 1105 161 CICERONIS

147 234 193 271 In
219 235 293 272 hac
320 232 469 272 ratione
494 232 590 283 quid
620 246 690 280 res,
714 232 811 284 quid
840 246 969 281 causa,
991 233 1088 285 quid
1119 241 1274 284 tempus
1305 235 1412 281 ferat,
1435 240 1477 272 tu

144 298 327 337 facillime
361 298 590 349 optimeque
621 298 860 349 perspicies3
902 299 998 350 quid
1030 299 1145 339 nobis
1179 299 1401 350 placuisset,
1431 313 1478 338 ex

145 378 208 403 me
238 363 487 414 potissimum
518 363 651 414 putavi
681 371 720 403 te
749 363 847 403 scire
877 372 1067 414 oportere.

200 431 321 479 Quod
352 429 447 468 mihi
477 430 528 468 de
558 437 692 468 nostro
722 437 836 477 statu,
860 431 910 468 de
939 429 1100 469 Milonis
1131 430 1402 477 familiaritate,
1426 430 1477 469 de

145 494 300 534 levitate
334 502 372 533 et
406 494 674 533 imbecillitate
706 494 823 534 Clodi
853 495 1065 545 gratularis,
1099 495 1262 534 minime
1292 495 1478 534 miramur

144 568 182 598 te
215 560 290 599 tuis
324 568 367 598 ut
401 559 598 610 egregium
632 560 823 599 artificem
857 561 1064 611 praeclaris
1099 561 1285 611 operibus
1319 560 1478 608 laetari3

143 639 384 675 quamquam
421 634 478 664 est
511 625 750 664 incredibilis
783 626 990 664 hominum
1024 626 1255 677 perversitas
1287 625 1478 677 (graviore

143 691 249 730 enim
274 692 395 730 verbo
425 691 479 730 uti
510 706 592 730 non
622 691 746 744 libet),
769 692 837 742 qui
867 706 951 740 nos,
974 706 1074 743 quos
1104 693 1274 731 favendo
1304 692 1344 730 in
1373 705 1479 731 com-

144 756 254 796 muni
293 771 411 796 causa
449 757 614 796 retinere
653 765 875 808 potuerunt,
917 758 1134 797 invidendo
1178 757 1478 806 abalienarunt,

143 837 312 874 quorum
359 823 740 862 malevolentissimis
786 824 1138 863 obtrectationibus
1175 838 1250 862 nos
1289 823 1388 862 scito
1427 824 1477 862 de

143 896 273 928 vetere
312 888 377 927 illa
415 896 549 927 nostra
586 889 851 939 diuturnaque
890 889 1084 928 sententia
1122 903 1244 940 prope
1279 888 1357 927 iam
1392 902 1477 927 esse

144 954 342 1005 depulsos,
367 968 447 993 non
469 968 541 993 nos
562 954 725 1005 quidem
746 963 789 994 ut
809 963 965 994 nostrae
986 954 1185 1005 dignitatis
1210 954 1331 993 simus
1352 953 1475 1001 obliti,

144 1021 216 1072 sled
237 1027 277 1058 ut
299 1020 515 1058 habeamus
536 1019 728 1058 rationem
749 1019 964 1070 aliquando
985 1020 1102 1058 etiam
1124 1019 1268 1058 salutis.
1321 1021 1478 1058 Poterat

144 1093 356 1136 utrumque
383 1086 590 1136 praeclare,
614 1084 645 1124 si
670 1093 771 1124 esset
798 1086 908 1132 fides,
931 1085 963 1123 si
989 1085 1154 1135 gravitas
1182 1085 1221 1123 in
1248 1084 1477 1123 hominibus

143 1151 416 1190 consularibus
434 1166 442 1199 3
473 1152 543 1190 sed
568 1158 676 1189 tanta
703 1158 761 1190 est
788 1150 827 1189 in
854 1150 1050 1201 plerisque
1074 1150 1222 1197 levitas,
1244 1158 1286 1188 ut
1307 1164 1374 1189 eos
1396 1163 1476 1188 non

144 1225 223 1255 tam
246 1216 466 1255 constantia
487 1216 525 1254 in
547 1230 587 1255 re
608 1215 767 1266 publica
787 1224 920 1254 nostra
940 1217 1119 1264 delectet,
1144 1229 1262 1266 quam
1291 1216 1478 1266 splendor

99 1289 123 1326 8
144 1283 328 1321 offendat.
390 1283 512 1331 Quod
542 1295 590 1320 eo
617 1281 775 1320 liberius
805 1282 856 1320 ad
886 1289 924 1320 te
954 1281 1093 1328 scribo,
1117 1280 1210 1331 quia
1237 1295 1317 1319 non
1349 1281 1477 1319 solum

145 1347 388 1397 temporibus
423 1347 493 1394 his,
526 1361 628 1397 quae
662 1361 731 1398 per
765 1354 803 1385 te
837 1360 925 1385 sum
958 1347 1137 1397 adeptus,
1167 1344 1240 1384 ⁴sed
1275 1345 1353 1384 iam
1383 1344 1477 1383 olim

145 1412 319 1451 nascenti
352 1426 474 1462 prope
503 1420 659 1451 nostrae
689 1411 794 1450 laudi
825 1411 1084 1461 dignitatique
1115 1403 1251 1457 favisti,
1281 1410 1477 1460 simulque

145 1478 254 1527 quod
275 1476 390 1515 video
412 1491 503 1523 non,
527 1485 569 1515 ut
589 1478 757 1515 antehac
782 1477 982 1526 putabam,
1006 1475 1168 1514 novitati
1195 1489 1281 1514 esse
1308 1475 1475 1513 invisum

147 1556 281 1589 meae3
310 1542 349 1580 in
378 1550 415 1580 te
440 1541 557 1589 enim,
581 1541 742 1580 bomine
769 1541 947 1580 omnium
978 1540 1235 1587 nobilissimo,
1259 1539 1399 1577 similia
1424 1539 1478 1577 in-

144 1607 324 1646 vidorum
347 1607 438 1645 vitia
459 1606 647 1658 perspexi,
672 1620 790 1657 quem
821 1615 952 1645 tamen
980 1605 1033 1644 illi
1061 1620 1146 1644 esse
1171 1605 1209 1643 in
1235 1604 1477 1655 principibus

145 1672 258 1711 facile
290 1680 380 1710 sunt
411 1671 526 1722 passi,
556 1673 710 1711 evolare
740 1671 855 1710 altius
889 1679 994 1710 certe
1028 1672 1250 1709 noluerunt.
1310 1671 1477 1708 Gaudeo

146 1745 252 1776 tuam
288 1737 518 1776 dissimilem
551 1737 670 1776 fuisse
704 1738 926 1785 fortunam,
966 1738 1132 1775 multum
1165 1735 1270 1774 enim
1304 1735 1473 1780 interest,

147 1811 277 1841 utrum
317 1805 400 1841 laus
441 1803 706 1850 imminuatur,
747 1817 797 1841 an
837 1804 941 1841 salus
986 1803 1214 1849 deseratur;
1262 1814 1325 1839 me
1365 1813 1476 1839 meae

146 1876 277 1907 tamen
308 1882 357 1906 ne
387 1868 502 1907 nimis
533 1868 758 1919 paeniteret,
789 1877 855 1907 tua
881 1868 1021 1907 virtute
1051 1869 1266 1917 perfectum
1298 1874 1380 1914 est3
1415 1879 1478 1904 cu-

146 1933 235 1971 rasti
267 1933 383 1979 enim‚
414 1942 454 1971 ut
483 1935 569 1983 plus
600 1934 780 1972 additum
811 1934 862 1972 ad
893 1922 1122 1972 memoriam
1155 1931 1324 1970 nominis
1357 1929 1478 1969 nostri

98 2009 126 2047 9
147 2012 265 2049 quam
300 1999 506 2047 demptum
541 2000 591 2037 de
627 2000 781 2037 fortuna
814 1998 1018 2037 videretur.
1090 2000 1149 2036 Te
1183 2012 1274 2035 vero
1309 2010 1478 2035 omoneo

147 2077 238 2101 cum
270 2062 470 2101 beneficiis
507 2062 581 2101 tuis
618 2071 698 2101 tum
731 2077 865 2102 amore
897 2063 1079 2101 incitatus
1115 2076 1214 2108 mco,
1246 2069 1287 2099 ut
1317 2074 1475 2099 omnem

195 2177 230 2205 17
255 2167 331 2206 quia
349 2191 355 2197 .
377 2191 383 2197 .
405 2191 411 2197 .
434 2167 541 2198 favisti
567 2168 658 2198 habet
681 2168 774 2198 schol.
796 2167 874 2198 Bob.
891 2173 924 2207 p.
946 2168 1011 2198 288
1031 2166 1150 2197 Orelli:
1175 2166 1252 2206 quia
1276 2165 1369 2196 schol.
1389 2176 1396 2195 ι
1419 2164 1475 2204 qui

148 2209 238 2240 MR:
263 2222 331 2249 quo
351 2210 378 2240 G
516 2212 552 2241 18
576 2222 663 2249 quae
684 2211 721 2249 Γι,
740 2211 834 2241 srhol.
853 2223 858 2241 r
883 2211 937 2249 qui
957 2211 1014 2241 M:
1040 2211 1129 2249 quod
1150 2210 1180 2240 R
1305 2219 1342 2248 ¹9
1367 2209 1475 2239 favisti

147 2255 255 2291 schol„
289 2258 316 2284 rt
352 2253 424 2284 Via.
462 2258 713 2284 commemorat:
757 2254 933 2293 praefuisti
967 2253 1040 2284 Μ”ς
1082 2265 1145 2284 om.
1185 2253 1246 2283 GR
1436 2253 1477 2282 28

148 2308 290 2328 emoneo
316 2297 428 2333 rodd.;
467 2299 504 2335 ‘fi
532 2298 615 2328 Ellis
640 2297 686 2327 ad
707 2298 829 2328 Avmn.
858 2297 933 2328 Fal).
962 2298 1003 2328 iii.
1033 2308 1070 2334 4:
1114 2307 1235 2327 moneo
1262 2297 1371 2327 Crat:
1411 2306 1476 2332 ego

150 2351 269 2371 moneo
296 2341 404 2371 Korltz
442 2351 502 2372 oro
529 2347 562 2372 ct
589 2352 710 2372 moneo
736 2341 874 2372 starker
1019 2351 1061 2380 29
1085 2341 1260 2371 beneficiis
1289 2340 1335 2371 G:
1376 2339 1477 2370 benc-

151 2385 293 2415 ficentiis
312 2383 384 2415 MR

1501 838 1538 860 10

1499 1159 1536 1190 15

1500 1486 1538 1508 20

1498 1812 1535 1844 25

1775 205 1791 615 ..fl—*W*
1774 162 1791 177 ᾈ·
1788 72 1789 76 Α
1786 0 1790 46 ⁴„-
