1791 2796
591 155 702 192 EPP.
737 155 813 191 AD
845 154 1191 190 FAMILIARES
1494 152 1564 188 VI.
1587 150 1614 186 ii

210 279 353 317 speres,
374 265 484 314 nihil,
506 265 614 316 quod
643 273 710 304 aut
740 266 817 304 hoc
843 272 910 303 aut
940 264 1072 313 aliquo
1103 263 1155 302 rei
1186 277 1221 314 p.
1247 270 1348 301 statu
1377 262 1541 314 timeas3

210 331 343 370 omnia
372 331 403 369 si
433 330 660 379 interierint,
689 344 780 368 cum
809 329 1057 380 superstitem
1088 337 1126 367 te
1161 342 1245 367 esse
1275 327 1328 366 rei
1358 326 1540 378 publicae

210 411 259 435 ne
294 396 325 435 si
356 396 471 435 liceat
502 395 664 446 quidem
700 395 808 443 velis,
838 396 1040 433 ferendam
1075 408 1160 432 esse
1194 395 1406 441 fortunam,
1435 406 1541 443 prae-

209 462 342 501 sertim
363 475 465 512 quae
490 460 634 500 absita
654 462 780 511 culpa.
840 461 918 499 Sed
946 461 1044 498 haec
1071 461 1272 498 haetenus.
1332 459 1395 496 Tu
1423 456 1539 496 velim

173 538 189 571 5
210 527 355 566 scribas
386 528 436 565 ad
470 540 532 565 me
567 525 663 576 quid
697 539 787 576 agas
823 533 861 564 et
895 525 962 563 ubi
997 526 1148 563 futurus
1183 523 1248 573 sis,
1278 531 1318 562 ut
1357 531 1423 562 aut
1459 536 1540 573 quo

210 592 377 633 scribam
406 600 473 631 aut
503 606 582 643 quo
612 592 765 630 veniam
793 591 890 630 scire
921 591 1078 642 possim.

253 745 326 781 ῙΠ
539 749 608 780 Ser.
630 748 756 780 Romae
773 750 815 780 in.
837 760 880 780 ιιι.
900 748 974 780 Ian.
996 760 1025 779 a.
1050 759 1107 789 7⁰9
1127 748 1207 788 (ῃ).

501 827 545 858 Μ.
574 826 748 858 CICERO
775 828 808 858 S
839 828 878 858 D.
906 826 947 858 A.
976 826 1244 865 TORQVATO.

264 904 537 955 Superioribus
567 904 702 944 litteris
733 904 1008 943 benevolentia
1037 904 1159 955 magis
1188 905 1397 952 adductus,
1419 918 1537 954 quam
1558 917 1574 943 1

155 982 192 1004 10
211 982 291 1020 quo
311 984 370 1009 res
398 969 450 1008 ita
478 971 703 1020 postularet,
724 970 778 1008 fui
805 970 967 1019 longior.
1028 971 1170 1019 Neque
1200 969 1305 1008 enim
1336 970 1540 1007 confirma<

211 1034 318 1073 tione
350 1042 483 1073 nostra
516 1035 656 1085 egebat
685 1034 805 1073 virtus
837 1043 904 1073 tua
938 1048 1068 1085 neque
1107 1042 1188 1072 erat
1223 1048 1268 1072 ea
1303 1048 1391 1072 mea
1423 1047 1540 1072 causa

210 1107 328 1150 atque
358 1102 526 1148 fortuna,
547 1109 602 1148 ut,
623 1100 684 1139 cui
715 1100 789 1151 ipsi
819 1100 953 1139 omnia
982 1102 1179 1145 deessent,
1205 1101 1370 1138 alterum
1404 1100 1541 1137 confir-

211 1179 370 1204 marem.
442 1167 535 1204 Hoc
573 1165 666 1204 item
706 1174 883 1216 tempore
922 1165 1076 1204 brevior
1113 1179 1199 1203 esse
1238 1166 1377 1204 debeo.
1453 1164 1584 1203 Sivez

211 1230 316 1269 enim
346 1230 443 1268 nihil
473 1238 555 1269 tum
590 1244 689 1281 opus
723 1231 795 1269 fuit
824 1238 903 1269 tam
934 1230 1066 1269 multis
1096 1230 1237 1278 verbis,
1265 1229 1388 1268 nihilo
1418 1229 1541 1280 magis

155 1307 192 1339 15
212 1309 317 1334 nune
338 1309 436 1345 opus
457 1303 528 1343 est5
548 1295 628 1334 sive
649 1303 731 1334 tum
755 1309 853 1346 opus
875 1295 959 1343 fuit7
980 1295 1077 1334 illud
1105 1294 1196 1333 satis
1222 1302 1293 1335 est.
1314 1295 1539 1345 praesertim

211 1374 302 1399 cum
329 1361 535 1399 accesserit
561 1360 657 1398 nihil
686 1361 787 1399 novi.
848 1362 966 1408 Nam.
987 1360 1058 1399 etsi
1086 1360 1231 1399 cotidie
1258 1359 1407 1410 aliquid
1434 1359 1542 1398 audi-

212 1439 299 1464 mus
333 1440 466 1464 earum
504 1440 645 1475 rerum,
673 1440 770 1477 quas
809 1428 859 1465 ad
894 1434 931 1465 te
969 1425 1125 1477 perferri
1165 1425 1358 1473 existimo,
1388 1439 1542 1464 summa

213 1498 343 1529 tamen
378 1492 518 1530 eadem
552 1499 609 1530 est
643 1499 680 1530 et
715 1491 820 1530 idem
860 1491 1009 1538 exitusg
1053 1505 1170 1541 quem
1206 1504 1278 1541 ego
1313 1498 1392 1529 tam
1425 1490 1541 1529 video

211 1554 345 1594 animo
372 1570 492 1606 quam
520 1570 579 1604 ea>
599 1570 700 1607 quae
727 1555 850 1595 oeulis
880 1556 1089 1604 cernimus,
1110 1570 1183 1594 nec
1210 1569 1301 1594 vero
1329 1554 1539 1605 quiequam

156 1635 195 1657 20
213 1620 342 1669 video,
369 1623 476 1672 quod
509 1635 589 1660 non
623 1622 729 1661 idem
760 1630 797 1660 te
827 1621 958 1661 videre
989 1629 1096 1660 certo
1127 1621 1260 1660 seiam.
1320 1622 1439 1668 Nam,
1469 1620 1540 1659 etsi

213 1699 332 1735 quem
353 1686 498 1725 exitum
519 1687 622 1726 acies
643 1687 825 1726 habitura
845 1687 894 1725 sit
915 1686 1089 1725 divinare
1110 1700 1228 1724 nemo
1249 1693 1391 1736 potest.
1409 1693 1538 1724 tamen

211 1758 250 1789 et
271 1751 363 1790 belli
383 1752 529 1791 exitum
550 1752 666 1792 video
686 1760 737 1800 et,
754 1753 785 1791 si
806 1753 846 1791 id
868 1752 1011 1799 minus,
1032 1752 1108 1789 hoe
1130 1750 1290 1801 quidem
1312 1758 1429 1797 certe,
1450 1764 1539 1789 cum

212 1815 261 1853 sit
282 1830 442 1856 necesse
461 1819 625 1856 alterum
647 1826 778 1856 utrum
799 1817 968 1865 vincere,
991 1816 1116 1866 qualis
1144 1817 1272 1853 futura
1292 1815 1340 1853 sit
1361 1817 1421 1853 vel
1442 1816 1540 1854 haee

212 1882 273 1919 vel
311 1881 376 1920 illa
409 1882 578 1921 victoria.
650 1884 779 1933 quue
818 1897 907 1921 cum
948 1881 1096 1932 optime
1126 1880 1319 1930 perspexi,
1351 1885 1431 1918 lum
1465 1882 1540 1919 tale
1560 1890 1584 1928 3

157 1957 194 1989 25
213 1945 342 1995 video,
369 1947 465 1985 nihil
494 1956 537 1986 ut
568 1948 658 1986 mali
688 1949 866 1987 videatur
897 1949 1084 1995 futurum,
1109 1946 1140 1985 si
1169 1945 1210 1984 id
1241 1947 1301 1984 vel
1329 1953 1420 1984 ante
1443 1946 1542 1985 acci-

213 2011 326 2060 derit,
360 2013 468 2062 quod
506 2014 566 2051 vel
606 2013 819 2052 maximum
858 2014 908 2052 ad
948 2012 1128 2052 timorem
1168 2011 1409 2063 proponitur.
1481 2013 1543 2050 Ita

213 2076 318 2114 enim
348 2076 488 2125 vivere,
512 2086 554 2116 ut
586 2086 668 2117 turn
701 2079 748 2117 sit
778 2079 1004 2127 vivendum,
1031 2077 1292 2117 miserrimum
1324 2085 1382 2116 est
1399 2092 1408 2126 3
1443 2077 1540 2116 mori

213 2149 345 2180 autem
365 2156 483 2181 nemo
504 2143 658 2193 sapiens
684 2143 868 2183 miserum
890 2144 999 2183 duxit
1021 2158 1070 2183 ne
1092 2145 1208 2183 beato
1230 2143 1402 2193 quidem.
1463 2143 1541 2181 Sed

214 2205 254 2244 in
278 2221 324 2246 ea
349 2221 390 2246 es
420 2208 528 2256 urbe,
548 2208 588 2262 in
618 2222 696 2258 qua
725 2210 822 2248 haee
851 2210 911 2248 vel
943 2210 1051 2259 plura
1083 2217 1120 2248 et
1150 2208 1345 2248 ornatiora
1374 2207 1540 2258 parietes

158 2282 196 2312 30
215 2270 288 2321 ipsi
321 2271 428 2322 loqui
462 2286 577 2322 posse
610 2272 823 2312 videantur.
896 2275 980 2323 Ego
1013 2273 1082 2312 tibi
1122 2274 1198 2313 hoc
1232 2274 1437 2321 confirmo,
1468 2272 1584 2316 etsi4

260 2387 301 2406 20
324 2375 427 2406 sciam
448 2376 565 2407 Lamb.
585 2388 590 2406 z
617 2376 687 2407 scio
701 2376 788 2407 codd.
927 2387 965 2415 24
992 2381 1060 2407 tum
1080 2376 1153 2407 add.
1181 2377 1368 2417 [Vssmtlu'tg
1500 2387 1539 2415 25

216 2419 267 2448 vel
284 2419 352 2450 scel.
374 2419 501 2459 Kayscr
631 2430 670 2458 27
696 2419 755 2460 sit]
774 2420 836 2450 erit
853 2419 1009 2460 quggcrs
1144 2421 1185 2450 28
1209 2421 1303 2450 duxit
1320 2421 1405 2451 Cral.
1426 2432 1432 2450 :
1457 2421 1541 2451 dixit

216 2462 302 2493 codd.
