1791 2796
181 125 284 165 1V.i
598 125 655 162 M.
687 126 856 163 TVLLI
888 125 1196 165 CICERONIS

229 244 437 287 praecepta
466 243 503 275 te
530 235 692 286 fugiunt.
754 238 886 288 Atque
917 236 999 288 ipse
1028 244 1144 276 antea
1173 237 1224 276 ad
1255 244 1291 276 te
1321 235 1563 289 scripsissem

229 309 267 340 te
294 303 433 340 frustra
460 301 499 340 in
527 309 707 341 senatum
735 301 815 341 sive
840 302 971 352 potius
999 302 1038 341 in
1066 309 1306 342 conventum
1337 309 1563 341 senatorum

228 380 313 406 esse
340 375 559 415 venturum,
583 367 623 405 ni
654 367 797 406 veritus
828 381 955 407 essem
990 382 1039 407 ne
1070 367 1153 407 eius
1182 367 1359 407 animum
1390 368 1563 407 offende-

227 446 323 481 rem,
344 432 411 483 qui
440 446 462 471 a
493 446 569 481 me,
596 440 639 471 ut
669 440 706 471 te
736 432 916 480 imitarer,
947 433 1116 484 petebat.
1177 432 1253 472 Cui
1283 432 1445 483 quidem
1476 445 1563 483 ego,

227 511 318 536 cum
341 511 403 537 me
430 505 582 548 rogaret
612 506 655 537 ut
681 499 861 537 adessem
887 498 927 537 in
952 506 1104 546 senatu,
1125 499 1265 537 eadem
1294 497 1440 546 omnia,
1461 511 1562 549 quae
1582 512 1600 544 5

226 577 248 601 a
276 571 313 601 te
343 564 393 601 de
423 576 520 614 pace
550 571 587 602 et
618 564 668 602 de
698 562 903 614 Hispaniis
933 562 1039 602 dicta
1068 571 1169 609 sunt,
1197 562 1354 602 ostendi
1384 576 1447 601 me
1477 576 1562 601 esse

183 638 208 665 2
227 627 434 667 dicturum.
496 630 576 668 Res
598 628 708 668 vides
729 642 809 679 quo
831 629 952 668 modo
974 642 1015 667 se
1036 629 1194 676 habeat,
1215 629 1352 667 orbem
1374 635 1560 667 terrarum

224 693 398 744 imperiis
430 693 648 733 distributis
675 695 816 733 'ardere
847 694 967 742 bello,
994 694 1133 733 urbem
1168 694 1252 732 sine
1286 693 1450 744 legibus,
1476 693 1560 732 sine

225 757 393 807 iudiciis,
415 758 498 797 sine
523 758 616 806 iure,
640 758 723 797 sine
749 760 827 798 fide
851 758 1026 798 relictam
1054 758 1266 810 direptioni
1290 766 1328 797 et
1352 758 1556 797 incendiis.

227 824 367 873 Itaque
389 823 484 862 mihi
506 824 637 864 venire
658 824 698 862 in
720 832 895 863 mentem
920 824 1016 863 nihil
1041 832 1184 875 potest,
1205 838 1285 863 non
1307 825 1428 863 modo
1449 825 1557 875 quod
1582 837 1620 859 ιο

223 901 391 938 sperem,
412 890 481 928 sed
502 889 565 927 vix
589 889 666 928 iam
688 891 797 939 quod
824 890 993 928 audeam
1014 898 1159 940 optare.
1220 889 1287 927 Sin
1314 896 1446 927 autem
1475 888 1559 937 tibi,

224 953 375 992 homini
421 954 743 1004 prudentissimo,
782 954 936 994 videtur
978 954 1072 993 utile
1112 968 1197 993 esse
1231 967 1317 992 vnos
1357 953 1555 1004 conloqui,

161 1058 165 1063 ,
223 1031 465 1069 quamquam
506 1020 660 1070 longius
701 1020 818 1059 etiam
858 1020 1082 1071 cogitabam
1121 1021 1171 1058 ab
1206 1019 1302 1058 urbe
1341 1018 1558 1067 discedere,

223 1083 333 1123 cuius
364 1084 441 1123 iam
472 1085 590 1124 etiam
621 1099 767 1124 nomen
800 1085 944 1124 invitus
977 1085 1111 1133 audio,
1138 1093 1270 1123 tamen
1302 1083 1461 1135 propius
1497 1098 1557 1122 ac·-

223 1149 376 1196 cedam,
398 1149 668 1201 Trebatioque
697 1150 882 1190 mandavi
915 1158 970 1198 ut,
991 1150 1022 1188 si
1047 1149 1143 1200 quid
1171 1157 1211 1189 tu
1239 1163 1328 1188 eum
1357 1150 1475 1188 velles
1505 1150 1556 1189 ad
1580 1161 1615 1194 ¹5

223 1227 285 1253 me
307 1214 470 1262 mittere,
495 1229 545 1254 ne
566 1223 771 1263 recusaret,
796 1215 916 1266 idque
941 1222 983 1254 ut
1008 1215 1126 1254 facias
1147 1214 1263 1253 velim
1283 1222 1361 1262 aut,
1385 1214 1416 1253 si
1437 1228 1554 1266 quem

222 1287 379 1319 tuorum
410 1281 586 1320 fidelium
617 1283 739 1329 voles,
762 1282 813 1320 ad
845 1295 907 1320 me
938 1281 1080 1323 mittas,
1105 1295 1154 1320 ne
1183 1288 1251 1319 aut
1281 1279 1350 1319 tibi
1380 1280 1483 1319 exire
1510 1295 1556 1320 ex

221 1345 317 1384 urbe
338 1359 499 1385 necesse
521 1346 569 1385 sit
589 1354 655 1385 aut
677 1346 772 1385 mihi
793 1347 992 1385 accedere.
1045 1348 1131 1396 Ego
1153 1353 1305 1384 tantum
1327 1345 1397 1384 tibi
1414 1345 1556 1393 tribuo,

221 1419 412 1460 quantum
435 1411 531 1450 mihi
552 1413 714 1451 fortasse
735 1413 896 1465 adrogo,
917 1419 958 1450 ut
980 1413 1223 1462 exploratum
1246 1411 1428 1458 habeam,
1449 1410 1570 1461 quic(

220 1475 315 1525 quid
337 1490 409 1515 nos
431 1477 635 1516 communi
656 1477 850 1517 sententia
877 1477 1140 1525 statuerimus,
1161 1476 1201 1516 id
1222 1476 1350 1516 omnis
1372 1475 1553 1515 homines
1576 1489 1615 1510 20

219 1540 464 1590 probaturos.
526 1543 635 1581 Vale.

262 1702 310 1738 ῙῙ
444 1707 514 1739 Scr.
543 1708 576 1738 in
603 1707 757 1739 thtvnano
781 1719 809 1739 a.
836 1708 866 1740 d.
885 1710 916 1740 t'v
932 1709 973 1740 K.
997 1708 1076 1739 Mai.
1102 1720 1132 1740 a.
1155 1719 1209 1748 705
1236 1708 1321 1749 (49).

506 1785 550 1817 M.
577 1785 750 1818 CICERO
778 1786 811 1818 S.
840 1786 878 1817 D.
909 1786 1010 1818 SER.
1038 1785 1265 1818 SVLPICIO.

182 1869 199 1896 1
272 1863 317 1900 A.
341 1862 378 1900 d.
410 1874 454 1900 111
487 1860 535 1901 K.
568 1861 694 1901 Maias
721 1876 812 1902 cum
843 1876 970 1903 essem
999 1863 1039 1902 in
1069 1863 1268 1910 Cumano,
1297 1862 1432 1915 accepi
1463 1870 1548 1903 tuas

216 1924 360 1964 litteras
379 1941 387 1973 3
423 1926 566 1976 quibus
600 1927 710 1965 lectis
740 1927 907 1977 cognovi
937 1941 1017 1966 non
1047 1927 1139 1966 satis
1169 1921 1381 1978 prudenter
1411 1927 1548 1967 fecisse
1570 1942 1607 1974 25

218 1989 483 2037 Philotimum,
512 1991 592 2041 qui,
620 2005 709 2029 cum
741 1992 811 2030 abs
842 2000 879 2030 te
910 1994 1096 2031 mandata
1125 1993 1297 2039 haberet,
1327 2000 1368 2030 ut
1399 1991 1547 2040 scribis,

215 2055 264 2092 de
299 2054 484 2093 omnibus
515 2056 644 2096 rebus.
675 2055 757 2106 ipse
789 2057 840 2094 ad
873 2070 935 2094 me
965 2071 1045 2095 non
1073 2057 1255 2104 venisset,
1285 2056 1430 2095 litteras
1462 2065 1546 2095 tuas

215 2118 395 2166 misisset,
430 2133 527 2170 quas
562 2119 733 2158 intellexi
770 2120 963 2159 breviores
996 2121 1127 2169 fuisse„
1162 2122 1270 2171 quod
1305 2135 1393 2160 eum
1427 2123 1547 2172 perla-

214 2192 343 2222 turum
376 2193 563 2234 putasses.
623 2186 701 2223 Sed
735 2193 879 2233 tamen,
913 2193 1122 2236 postquam
1158 2193 1243 2224 tuas
1279 2185 1541 2237 litteras'lcgi‚

217 2248 417 2287 Postumia
448 2257 513 2287 tua
543 2263 605 2288 me
633 2249 817 2288 convenit
845 2258 882 2288 et
908 2250 1062 2289 Servius
1088 2259 1229 2289 noster.
1292 2250 1367 2289 His
1398 2251 1543 2301 placuit
1564 2266 1606 2297 30

259 2364 274 2393 7
298 2352 445 2385 habeant
466 2352 621 2385 Graevius
756 2363 796 2384 πο
820 2354 908 2393 quod
927 2376 933 2384 .
955 2378 962 2385 .
983 2377 989 2385 .
1010 2354 1100 2394 quod
1119 2354 1174 2384 R:
1199 2353 1278 2393 quid
1297 2377 1302 2384 .
1323 2378 1329 2385 .
1348 2378 1354 2385 .
1377 2354 1456 2393 quid
1474 2353 1544 2385 MG

214 2407 253 2436 27
278 2399 427 2429 venisset
445 2422 450 2428 .
471 2421 478 2428 .
499 2422 506 2429 .
528 2398 673 2428 misisset
691 2396 748 2427 M:
804 2398 895 2428 venit
918 2398 978 2428 sed
999 2423 1004 2429 .
1025 2421 1031 2428 .
1054 2422 1059 2429 .
1083 2397 1170 2428 misit
1192 2397 1274 2428 GR:
1319 2397 1470 2429 venisset
1490 2402 1544 2429 set

241 2465 247 2472 .
266 2465 273 2473 .
293 2442 441 2473 misisset
459 2442 537 2472 coni.
561 2440 662 2472 Orelli
