1791 2796
137 131 231 167 VII.
257 142 285 166 v
606 130 659 166 M.
692 130 859 166 TVLLI
893 129 1200 167 CICERONIS

233 241 392 289 exirem,
413 255 570 281 mecum
591 242 749 289 ducere,
770 248 812 280 ut
836 254 927 280 eum
953 240 1049 280 meis
1074 239 1259 281 omnibus
1280 239 1432 288 studiis,
1452 240 1568 279 bene-

233 307 330 346 ficiis
360 321 478 358 quam
509 306 800 346 ornatissimum
832 307 997 345 domum
1031 307 1284 354 reducerem,
1318 306 1402 353 sed,
1431 313 1568 356 postea

233 386 352 424 quam
370 381 408 412 et
426 372 591 424 Pompei
613 372 873 412 commoratio
894 371 1114 411 diuturnior
1133 379 1214 410 erat
1235 384 1354 423 quam
1375 378 1567 422 putaram,

233 445 270 476 et
306 452 393 477 mea
427 439 625 489 quaedam
661 437 731 477 tibi
765 451 846 476 non
882 437 1014 488 ignota
1047 436 1242 476 dubitatio
1276 444 1343 475 aut
1377 435 1567 487 impedire

232 503 517 553 profectionem
553 518 681 543 meam
713 503 919 542 videbatur
945 511 1011 542 aut
1042 510 1147 542 certe
1171 503 1322 542 tardare
1345 501 1450 552 (vide
1471 501 1567 553 quid
1587 516 1604 548 5

231 568 327 607 mihi
354 569 622 621 sumpserim),
642 569 756 621 coepi
777 570 877 608 velle
901 583 947 607 ea
967 568 1198 607 Trebatium
1219 575 1443 619 exspectare
1466 581 1489 606 a
1516 575 1567 615 te,

231 648 332 684 quae
357 643 549 686 sperasset
570 649 592 674 a
614 649 690 683 me,
711 649 840 686 neque
862 649 925 673 me
946 635 1105 673 hercule
1125 633 1255 672 minus
1282 633 1317 672 ei
1341 632 1489 685 prolixe
1516 634 1567 673 de

231 708 296 737 tua
320 702 522 740 voluntate
549 700 710 751 promisi
732 714 851 751 quam
884 714 990 739 eram
1023 699 1159 738 solitus
1187 701 1236 740 de
1265 713 1352 739 mea
1378 698 1563 751 polliceri.

186 766 355 805 2Casus
393 780 490 810 *vero
530 765 716 805 mirificus
758 766 919 817 quidam
968 765 1175 804 intervenit
1213 764 1324 816 quasi
1363 766 1423 803 vel
1457 764 1565 804 testis

228 830 426 881 opinionis
448 846 558 871 meae
579 833 639 871 vel
670 845 836 882 sponsor
862 830 1116 869 humanitatis
1137 838 1236 870 tuae.
1282 832 1384 869 Nam
1402 844 1493 869 cum
1514 832 1563 869 de
1587 845 1624 867 10

229 897 304 935 hoc
340 896 425 947 ipso
461 897 648 936 Trebatio
683 910 774 936 cum
808 897 933 935 Balbo
966 904 1100 935 nostro
1132 897 1311 947 loquerer
1345 895 1563 935 accuratius

228 962 337 1001 domi
367 977 491 1011 meae,
520 963 670 1002 litterae
702 962 798 1001 mihi
827 963 970 1002 dantur
1000 975 1023 1000 a
1055 969 1101 1007 te,
1135 961 1279 1012 quibus
1312 960 1350 1000 in
1382 961 1564 1001 extremis

228 1027 416 1079 scriptum
447 1036 550 1068 erat:
593 1033 601 1049 ‘
620 1030 674 1066 M.
698 1028 902 1075 †itfiuium,
926 1042 1044 1079 quem
1076 1027 1171 1065 mihi
1202 1029 1470 1075 commendas,
1503 1030 1562 1067 vel

227 1107 358 1145 regem
376 1095 527 1134 Galliae
544 1094 694 1141 faciam,
711 1096 770 1133 vel
793 1095 923 1134 hunc†
942 1096 1090 1144 Leptae
1107 1094 1254 1144 delega‚
1272 1093 1302 1132 si
1319 1093 1386 1132 vis.
1428 1096 1490 1132 Tu
1511 1096 1562 1134 ad

228 1172 290 1198 me
311 1159 431 1199 alium
454 1160 565 1199 mitte
593 1174 712 1211 quem
734 1162 895 1199 ornem.'
954 1159 1190 1198 Sustulimus
1213 1173 1351 1198 manus
1372 1167 1409 1198 et
1431 1174 1503 1211 ego
1523 1168 1562 1198 et
1587 1174 1620 1206 ¹5

228 1226 386 1264 Balbus.
447 1228 576 1265 Tanta
600 1225 673 1264 fuit
700 1224 984 1276 opportunitas,
1008 1233 1050 1263 ut
1078 1224 1173 1263 illud
1202 1224 1335 1264 nescio
1359 1224 1455 1276 quid
1480 1239 1560 1265 non

226 1290 440 1338 fortuitum,
464 1292 534 1331 sed
564 1291 742 1331 divinum
771 1290 975 1330 videretur.
1048 1289 1167 1329 Mitto
1188 1289 1303 1341 igitur
1328 1291 1378 1329 ad
1406 1298 1443 1329 te
1470 1292 1561 1330 Tre-

226 1355 375 1395 batium
406 1364 524 1407 atque
554 1356 607 1395 ita
637 1356 751 1395 mitto
781 1364 822 1394 ut
857 1355 970 1395 initio
1001 1369 1087 1395 mea
1126 1364 1276 1406 sponte,
1310 1364 1398 1406 post
1422 1364 1558 1395 'autem

182 1435 205 1472 3
226 1420 391 1461 invitatu
416 1430 495 1466 ,tuo
530 1422 768 1461 mittendum
800 1421 988 1460 duxerim.
1061 1423 1193 1468 Hunc,
1230 1421 1281 1460 mi
1315 1423 1472 1470 Caesar,
1503 1422 1559 1461 sic

224 1487 339 1525 velim
371 1487 478 1526 omni
511 1495 577 1526 tua
607 1486 792 1527 comitate
819 1489 1091 1537 complectare,
1119 1495 1159 1524 ut
1188 1487 1331 1534 omnia,
1362 1501 1462 1538 quae
1490 1502 1558 1538 per
1579 1503 1619 1524 20

225 1566 287 1591 me
315 1552 442 1603 possis
469 1552 614 1592 adduci
643 1561 685 1591 ut
710 1552 749 1591 in
778 1566 886 1592 meos
914 1553 1090 1591 conferre
1111 1552 1215 1599 velis,
1241 1552 1279 1591 in
1306 1567 1429 1592 unum
1451 1554 1557 1592 hunc

223 1619 411 1658 conferas.
474 1620 535 1657 De
552 1632 632 1668 quo
650 1617 719 1657 tibi
736 1618 899 1657 homine
920 1619 1016 1657 haec
1038 1620 1218 1669 spondeo
1239 1633 1319 1658 non
1341 1618 1407 1658 illo
1428 1627 1556 1658 vetere

222 1685 342 1723 verbo
373 1698 472 1731 meo,
508 1685 616 1735 quod
647 1697 736 1723 cum
767 1685 817 1723 ad
853 1691 890 1723 te
924 1685 974 1723 de
1009 1683 1161 1723 Milone
1191 1684 1443 1735 scripsissem,
1474 1684 1556 1723 iure

222 1748 356 1795 lusisti,
390 1750 460 1789 sed
493 1763 600 1788 more
631 1751 825 1795 Romano,
854 1763 933 1799 quo
962 1750 1083 1788 modo
1113 1749 1294 1788 homines
1323 1764 1404 1789 non
1431 1749 1554 1801 inepti

221 1815 444 1865 loquuntur,
475 1814 698 1866 probiorem
729 1814 943 1860 hominem,
977 1814 1178 1854 meliorem
1208 1815 1343 1863 virum,
1376 1816 1556 1867 pudenti·
1577 1830 1613 1862 25

221 1893 327 1917 orem
349 1893 434 1918 esse
460 1879 685 1927 neminenr:
714 1879 867 1919 accedit
892 1879 1020 1926 etiam,
1044 1881 1152 1930 quod
1174 1880 1360 1927 familiam
1385 1881 1494 1920 ducit
1514 1881 1554 1920 in

221 1943 301 1981 iure
335 1944 437 1982 civili
473 1945 655 1996 singulari
689 1945 887 1992 memoria,
923 1934 1077 1984 summa
1109 1945 1279 1985 scientia.
1342 1946 1450 1986 Huic
1481 1961 1554 1998 ego

220 2023 348 2059 neque
370 2009 610 2048 tribunatum
635 2024 763 2060 neque
785 2012 1066 2061 praefecturam
1097 2025 1225 2062 neque
1247 2011 1363 2050 ullius
1384 2012 1552 2051 benefici

219 2082 366 2113 certum
383 2088 528 2113 nomen
544 2083 646 2125 peto,
664 2075 980 2114 benevolentiam
997 2084 1102 2114 tuam
1117 2085 1154 2115 et
1171 2076 1442 2116 liberalitatem
1458 2085 1550 2128 peto

220 2153 348 2189 neque
378 2139 553 2190 impedio
580 2154 659 2190 quo
688 2140 827 2186 minus,
852 2140 881 2177 si
911 2141 979 2179 tibi
1009 2141 1060 2179 ita
1082 2142 1278 2192 placuerit,
1303 2142 1419 2180 etiam
1442 2142 1548 2194 hisce
1568 2156 1611 2187 30

267 2256 302 2284 ¹3
330 2245 372 2275 M.
398 2244 557 2275 Titinium
591 2243 799 2285 Wesermasgr:
837 2246 879 2276 M.
911 2246 1066 2277 Furnium
1096 2247 1184 2280 Ellis.
1213 2248 1279 2278 roll.
1310 2248 1427 2278 Catull.
1457 2258 1506 2286 54.
1528 2257 1547 2287 5

221 2299 257 2327 14
283 2288 335 2319 vel
363 2289 453 2319 hunc
473 2313 479 2320 .
499 2313 505 2319 .
527 2312 534 2320 .
563 2288 698 2329 delega]
723 2288 800 2320 Nou
826 2290 989 2330 intellcgo:
1025 2290 1077 2321 vel
1107 2291 1234 2330 Leptae
1260 2292 1406 2330 legatum
1434 2291 1546 2322 Cum:

217 2333 268 2362 vel
288 2333 376 2363 hunc
395 2332 522 2373 Leptae
540 2332 704 2371 delegabo
731 2332 887 2365 th'claud.
908 2334 943 2372 rs,
963 2333 1189 2364 Mcudclssolm
1211 2335 1393 2372 'salerbuclz
1406 2336 1413 2347 '
1434 2337 1547 2373 r1886)

217 2386 271 2415 pp.
293 2377 344 2415 68,
360 2378 403 2416 69
535 2386 575 2415 25
601 2377 835 2415 pudentiorem
850 2377 907 2406 M:
934 2378 1185 2417 prudentiorem
1207 2379 1288 2409 GR:
1316 2380 1546 2418 pud.amicum

222 2419 428 2462 Wesenberg:
444 2420 524 2459 sort.
546 2421 621 2460 pud.
637 2420 821 2451 adiutorem
957 2431 997 2460 27
1022 2421 1181 2461 singulari
1203 2422 1286 2454 GR:
1311 2423 1372 2454 ·ris
1390 2423 1431 2454 M
