1791 2796
123 158 213 195 XII.
234 167 327 196 xxx
634 157 746 194 EPP.
781 157 858 211 AD
890 156 1239 195 FAMILIARES

270 270 348 311 Sed
376 282 398 307 a
426 267 617 319 magistris
648 280 738 307 cum
767 268 1051 307 contenderem
1083 268 1132 307 de
1161 268 1398 318 proferendo
1421 268 1497 316 die,
1519 282 1604 320 pro-

273 335 411 373 barunt
435 334 530 372 mihi
559 347 643 372 sese
668 346 748 384 quo
779 333 908 371 minus
936 333 976 371 id
1004 334 1175 371 facerent
1197 341 1235 373 et
1255 334 1541 384 compromisso
1565 342 1604 373 et

273 400 353 438 iure
370 399 536 438 iurando
558 399 748 449 impediri.
807 400 898 448 Qua
914 412 954 437 re
968 398 1207 437 veniendum
1229 399 1393 438 arbitror
1407 399 1604 447 Lucceio;

272 479 526 516 quamquam,
549 464 580 503 si
602 464 699 503 meis
720 464 856 503 litteris
878 464 1174 515 obtemperavit,
1197 478 1288 503 cum
1310 473 1351 503 tu
1368 466 1465 504 haec
1486 467 1602 516 leges,

272 532 383 569 illum
406 533 559 570 Romae
580 543 665 570 esse
687 530 894 581 oportebit.
1625 545 1642 576 5

224 599 252 636 6
328 596 478 636 Ceteris
514 597 564 635 de
599 596 714 635 rebus
752 595 999 646 maximeque
1033 596 1083 635 de
1115 595 1292 646 pecunia,
1327 609 1418 634 cum
1454 598 1605 635 Pansae

273 670 439 701 mortem
461 662 669 713 ignorares,
693 661 877 712 scripsisti
902 675 1003 712 quae
1025 675 1093 713 per
1118 675 1190 700 nos
1217 663 1267 701 ab
1288 675 1336 701 eo
1357 661 1545 712 consequi
1567 669 1605 700 te

271 741 387 778 posse
408 727 644 766 arbitrarere.
707 728 821 777 Quae
843 734 880 766 te
902 740 982 766 non
1002 727 1239 775 fefellissent,
1263 727 1293 775 si
1314 727 1458 766 viveret
1474 742 1484 775 ς
1513 740 1604 765 nam

273 801 311 832 te
332 792 518 843 diligebat
533 808 542 841 3
573 800 662 843 post
684 800 850 832 mortem
881 800 1014 832 autem
1041 792 1123 833 eius
1145 792 1240 844 quid
1268 793 1349 832 fieri
1370 800 1503 844 posset
1524 806 1604 831 non

230 862 254 902 7
274 859 515 898 videbamus,
578 861 639 897 De
671 859 877 907 Venuleio,
916 858 1070 906 Latino,
1106 859 1275 897 Horatio
1308 860 1422 898 valde
1460 859 1665 905 laud0310

272 924 368 962 illud
416 937 496 962 non
540 923 706 962 nimium
745 925 882 975 probo,
924 925 1032 974 quod
1071 923 1218 972 scribis,
1260 936 1340 974 quo
1378 924 1432 962 illi
1470 923 1604 962 animo

270 988 455 1039 aequiore
495 990 646 1036 ferrent,
691 997 728 1028 te
768 989 843 1028 tuis
884 989 1002 1029 etiam
1043 989 1177 1040 legatis
1217 989 1371 1028 lictores
1409 988 1605 1027 ademisse

271 1055 439 1105 (honore
460 1054 565 1093 enim
587 1068 677 1092 cum
700 1054 923 1105 ignominia·
936 1054 1064 1105 dignis
1086 1068 1165 1093 non
1187 1062 1295 1093 erant
1317 1054 1600 1105 comparandi),

271 1132 430 1170 eosque,
463 1134 509 1159 ex
539 1134 566 1158 S.
600 1133 630 1158 c.
667 1119 697 1157 si
730 1133 810 1159 non
847 1120 1058 1166 decedunt,
1092 1120 1292 1169 cogendos
1332 1127 1373 1157 ut
1407 1120 1603 1158 decedant

272 1185 461 1224 existimo.
523 1186 637 1224 Haec
667 1187 745 1223 fere
775 1186 826 1223 ad
847 1198 911 1224 eas
943 1184 1099 1232 litteras,
1123 1197 1219 1235 quas
1250 1185 1392 1223 eodem
1421 1186 1603 1235 exemplo
1627 1199 1663 1231 15

272 1251 384 1289 binas
418 1250 578 1301 accepi3
611 1251 661 1289 de
695 1250 846 1301 reliquo
880 1249 996 1289 velim
1031 1249 1102 1288 tibi
1136 1250 1371 1301 persuadeas
1405 1262 1486 1288 non
1518 1263 1603 1288 esse

272 1316 367 1354 mihi
398 1329 527 1354 meam
558 1316 789 1367 dignitatem
820 1324 887 1354 tua
916 1315 1115 1355 cariorem.

379 1429 415 1458 13
439 1419 544 1462 enim]
565 1419 654 1451 enim
673 1420 766 1460 digni
784 1419 879 1451 Man.
900 1432 906 1451 :
931 1420 1020 1450 enim
1037 1430 1111 1451 cum
1129 1419 1220 1459 digni
1238 1419 1305 1450 sint
1322 1418 1497 1452 Lehmann
