1791 2796
89 150 160 186 XI.
181 148 305 186 xxvii
608 147 663 184 M.
697 147 866 206 TVLLI
899 146 1205 185 CICERONIS

239 259 367 306 facias,
404 257 681 298 malevolentia
710 265 842 297 autem
873 257 1080 297 hominum
1116 265 1159 296 ut
1187 271 1268 296 non
1299 258 1407 296 nulla
1436 256 1571 296 durius

237 339 355 376 quam
378 339 399 363 a
422 333 458 363 te
480 326 582 363 facta
609 323 686 362 sint
711 325 964 374 proferantur.
1026 325 1085 361 Ea
1112 310 1207 361 tU.Si
1229 336 1309 361 non
1331 322 1454 369 audis,
1478 323 1573 372 quid

238 391 368 430 dicam
410 390 572 437 nescio,¹
613 388 810 439 equidem,
848 388 877 427 si
919 389 1080 439 quando
1119 387 1248 434 audio,
1286 395 1365 426 tam
1401 389 1574 426 defendo

239 469 358 506 quam
377 469 440 494 me
461 455 542 493 scio
563 468 585 493 a
606 462 643 493 te
664 461 801 493 contra
821 453 978 503 iniquos
995 467 1105 493 meos
1130 454 1254 492 solere
1275 452 1447 492 defendi.
1499 455 1575 491 De-

240 521 367 561 fensio
398 528 531 560 autem
566 527 624 559 est
659 521 832 570 duplex,
875 518 950 557 alia
984 526 1074 557 sunt
1113 532 1213 568 quae
1248 518 1400 568 liquido
1434 531 1575 568 negare
1595 528 1611 560 5

240 588 400 633 soleam,
424 594 467 624 ut
494 587 545 625 de
569 585 644 624 isto
672 584 758 635 ipso
788 583 979 634 suffragio,
1007 583 1082 622 alia
1111 597 1212 634 quae
1242 584 1454 622 defendam
1486 597 1509 621 a
1537 590 1575 621 te

196 654 219 691 8
240 652 302 703 pie
342 651 423 691 fieri
463 658 502 690 et
540 652 724 696 humane,
762 657 804 688 ut
839 650 889 688 de
923 648 1124 687 curatione
1159 650 1353 687 ludorum.
1414 649 1492 687 Sed
1525 656 1572 694 tc,

240 717 443 756 hominem
465 715 751 762 doctissimum,
775 729 856 754 non
877 714 983 764 fugit,
1008 713 1038 752 si
1061 715 1205 753 Caesar
1229 728 1293 759 rex
1315 713 1428 752 fuerit
1449 714 1574 764 (quod

238 782 333 820 mihi
367 782 529 833 quidem
559 780 741 831 videtur),
774 780 813 818 in
845 787 1052 830 utramque
1081 787 1231 830 partem
1263 780 1313 818 de
1346 786 1414 817 tuo
1445 778 1575 817 officio

237 848 427 899 disputari
457 861 583 898 posse,
614 848 675 885 vel
705 845 744 884 in
776 859 861 884 eam
892 859 969 895 qua
998 858 1071 894 ego
1102 846 1210 883 solco
1240 843 1307 891 uti,
1333 844 1572 882 laudandam
1597 859 1634 881 10

237 928 322 952 esse
354 914 473 952 fidem
505 920 543 951 et
573 910 858 950 humanitatem
886 918 1004 956 tuam,
1029 910 1095 960 qui
1125 909 1296 947 amicum
1328 908 1445 947 etiarn
1477 922 1576 947 mor-

240 987 349 1017 tuum
378 978 527 1029 diligas,
551 979 610 1016 vel
639 977 678 1015 in
704 990 790 1016 eam
819 989 896 1025 qua
924 989 1005 1013 non
1034 974 1131 1012 nulli
1158 981 1330 1020 utuntur,
1353 973 1573 1012 libertatem

238 1044 385 1095 patriae
424 1044 527 1083 vitae
565 1042 682 1082 amici
720 1042 1054 1092 anteponendam.
1130 1042 1188 1078 Ex
1227 1039 1287 1077 his
1327 1039 1574 1079 sermonibus

238 1111 388 1149 utinam
410 1117 541 1149 essent
561 1110 715 1148 delatae
742 1109 791 1146 ad
819 1115 856 1146 te
880 1106 1167 1157 disputationes
1195 1108 1329 1144 meae!
1389 1106 1463 1143 Illa
1482 1119 1574 1144 vero

238 1177 329 1222 duo,
360 1188 461 1226 quae
486 1173 655 1212 maxima
682 1180 773 1211 sunt
796 1173 959 1211 laudum
985 1179 1149 1217 tuarum,
1177 1170 1264 1221 quis
1294 1177 1361 1208 aut
1388 1169 1574 1209 libentius
1597 1180 1633 1212 ¹5

238 1255 356 1292 quam
388 1255 461 1292 ego
491 1246 776 1279 commemorat
805 1246 872 1277 aut
899 1237 1064 1287 saepius,
1089 1244 1126 1275 te
1156 1244 1193 1275 et
1223 1250 1303 1275 non
1334 1235 1574 1286 suscipiendi

239 1306 329 1346 belli
369 1305 491 1346 civilis
530 1304 801 1356 gravissimum
833 1310 1034 1342 auctorem
1073 1300 1191 1340 fuisse
1231 1308 1269 1340 et
1308 1302 1575 1357 moderandae

237 1372 451 1412 victoriae?
486 1371 525 1410 in
556 1385 636 1421 quo
666 1369 734 1420 qui
765 1368 860 1407 mihi
891 1383 971 1407 non
1001 1367 1262 1407 adsentiretur
1294 1366 1425 1406 inveni
1455 1366 1576 1405 nemi—

239 1452 340 1477 nem.
403 1439 493 1486 Qua
514 1450 554 1475 re
575 1436 704 1474 habeo
725 1434 888 1485 gratiam
910 1433 1108 1479 Trebatio,
1132 1431 1310 1470 familiari
1338 1439 1482 1478 nostro,
1507 1431 1575 1481 qui

240 1503 334 1542 mihi
352 1502 462 1542 dedit
483 1515 641 1541 causam
659 1502 797 1539 harum
815 1500 1028 1538 litterarum
1046 1513 1055 1546 3
1085 1498 1229 1548 quibus
1251 1497 1324 1536 nisi
1347 1496 1569 1542 credi-deris,
1597 1507 1636 1529 20

241 1583 302 1608 me
324 1567 453 1607 omnis
474 1566 577 1606 offici
598 1573 636 1605 et
657 1564 912 1604 humanitatis
940 1571 1138 1614 expertem
1160 1562 1369 1611 iudicaris;
1399 1575 1479 1613 quo
1500 1575 1574 1600 nec

241 1634 334 1672 mihi
356 1632 509 1684 gravius
531 1631 743 1683 quicquam
765 1637 897 1682 potest
916 1643 1001 1669 esse
1023 1642 1096 1668 nec
1117 1636 1155 1667 te
1176 1627 1352 1667 alienius.

285 1776 487 1813 XXVIII
629 1779 698 1811 Scr.
720 1779 850 1810 Romae
863 1778 965 1820 paulo
979 1782 1052 1820 post
1065 1782 1111 1819 cp.
1132 1788 1183 1818 27.

665 1857 838 1889 MATIVS
864 1856 1087 1888 CICERONI
1115 1857 1148 1887 S.

207 1944 222 1971 1
298 1939 485 1987 Magnam
520 1937 762 1987 voluptatem
802 1951 848 1975 ex
883 1935 958 1974 tuis
994 1925 1128 1974 litteris
1168 1932 1265 1983 cepi,
1308 1932 1415 1982 quod
1455 1942 1573 1980 quam
1596 1941 1634 1973 25

242 2016 436 2053 speraram
468 2009 586 2051 atquc
618 2009 795 2052 optaram
828 2001 972 2039 habere
1007 2008 1044 2038 te
1076 2000 1125 2038 de
1161 2012 1223 2037 me
1254 1996 1481 2048 opinionem
1514 2008 1576 2033 co-

242 2067 383 2118 gnovi:
422 2068 471 2105 de
504 2081 581 2117 qua
615 2066 685 2105 etsi
723 2081 803 2105 non
838 2065 1081 2112 dubitabam,
1116 2072 1257 2109 tamen,
1296 2061 1387 2112 quia
1418 2058 1575 2099 maximi

243 2132 510 2177 aestimabam,
543 2140 585 2170 ut
615 2133 839 2182 incorrupta
874 2138 1048 2169 maneret
1083 2129 1322 2168 laborabam.
1383 2125 1576 2180 Conscius

243 2206 374 2236 autem
406 2197 500 2236 mihi
532 2211 636 2236 eram
667 2197 763 2235 nihil
794 2211 815 2235 a
847 2210 908 2235 mc
939 2194 1194 2234 commissum
1225 2207 1309 2232 esse
1339 2192 1447 2242 quod
1482 2188 1576 2228 boni

244 2263 475 2313 cuiusquam
498 2264 713 2302 offenderet
740 2262 927 2300 animum.
989 2263 1048 2299 1⁴20
1079 2259 1208 2298 minus
1232 2257 1440 2296 credebam
1463 2253 1577 2305 pluri-
1597 2268 1637 2299 30

246 2329 318 2367 mis
357 2338 474 2379 atque
513 2327 672 2378 optimis
711 2315 857 2365 artibus
897 2333 1035 2363 ornato
1074 2324 1143 2362 tibi
1185 2331 1330 2362 temere
1364 2319 1575 2371 quicquam

671 2441 711 2462 22
738 2441 798 2461 nce
823 2441 842 2460 a
861 2435 891 2460 te
910 2428 942 2458 l)
965 2428 1153 2471 ll‘lscubctg
