<?xml version="1.0" encoding="UTF-8"?>
<!DOCTYPE html PUBLIC "-//W3C//DTD XHTML 1.0 Transitional//EN"
    "http://www.w3.org/TR/xhtml1/DTD/xhtml1-transitional.dtd">
<html xmlns="http://www.w3.org/1999/xhtml" xml:lang="en" lang="en">
 <head>
  <title>
</title>
<meta http-equiv="Content-Type" content="text/html;charset=utf-8" />
  <meta name='ocr-system' content='tesseract 3.04.00' />
  <meta name='ocr-capabilities' content='ocr_page ocr_carea ocr_par ocr_line ocrx_word'/>
</head>
<body>
  <div class='ocr_page' id='page_1' title='image "./epistulaerecogno01ciceuoft_0409.png"; bbox 0 0 1791 2796; ppageno 0'>
   <div class='ocr_carea' id='block_1_1' title="bbox 566 162 1666 202">
    <p class='ocr_par' dir='ltr' id='par_1_1' title="bbox 566 162 1666 202">
     <span class='ocr_line' id='line_1_1' title="bbox 566 162 1666 202; baseline -0.003 0"><span class='ocrx_word' id='word_1_1' title='bbox 566 165 677 202; x_wconf 89' lang='lat' dir='ltr'>EPP.</span> <span class='ocrx_word' id='word_1_2' title='bbox 710 165 787 201; x_wconf 81' lang='lat' dir='ltr'>AD</span> <span class='ocrx_word' id='word_1_3' title='bbox 819 163 1166 201; x_wconf 77' lang='lat' dir='ltr'>FAMILIARES</span> <span class='ocrx_word' id='word_1_4' title='bbox 1484 162 1603 200; x_wconf 87' lang='lat' dir='ltr'>XIII.</span> <span class='ocrx_word' id='word_1_5' title='bbox 1621 162 1666 198; x_wconf 84' lang='lat' dir='ltr'>Vi</span> 
     </span>
    </p>
   </div>
   <div class='ocr_carea' id='block_1_2' title="bbox 147 273 1582 2210">
    <p class='ocr_par' dir='ltr' id='par_1_2' title="bbox 147 273 1582 1956">
     <span class='ocr_line' id='line_1_2' title="bbox 203 273 1535 327; baseline -0.002 -12"><span class='ocrx_word' id='word_1_6' title='bbox 203 277 311 327; x_wconf 90' lang='lat' dir='ltr'>quod</span> <span class='ocrx_word' id='word_1_7' title='bbox 332 275 402 314; x_wconf 87' lang='lat' dir='ltr'>fuit</span> <span class='ocrx_word' id='word_1_8' title='bbox 435 275 474 314; x_wconf 92' lang='lat' dir='ltr'>in</span> <span class='ocrx_word' id='word_1_9' title='bbox 509 274 641 314; x_wconf 83' lang='lat' dir='ltr'>Africa</span> <span class='ocrx_word' id='word_1_10' title='bbox 673 274 747 323; x_wconf 87' lang='lat' dir='ltr'>bis,</span> <span class='ocrx_word' id='word_1_11' title='bbox 782 289 872 313; x_wconf 90' lang='lat' dir='ltr'>cum</span> <span class='ocrx_word' id='word_1_12' title='bbox 913 273 1092 313; x_wconf 87' lang='lat' dir='ltr'>maximis</span> <span class='ocrx_word' id='word_1_13' title='bbox 1132 274 1329 314; x_wconf 88' lang='lat' dir='ltr'>societatis</span> <span class='ocrx_word' id='word_1_14' title='bbox 1369 273 1535 325; x_wconf 88' lang='lat' dir='ltr'>negotiis</span> 
     </span>
     <span class='ocr_line' id='line_1_3' title="bbox 202 339 1536 392; baseline -0.002 -12"><span class='ocrx_word' id='word_1_15' title='bbox 202 348 408 392; x_wconf 81' lang='lat' dir='ltr'>praeesset.</span> <span class='ocrx_word' id='word_1_16' title='bbox 470 342 610 391; x_wconf 90' lang='lat' dir='ltr'>Itaque</span> <span class='ocrx_word' id='word_1_17' title='bbox 640 341 717 378; x_wconf 90' lang='lat' dir='ltr'>hoc</span> <span class='ocrx_word' id='word_1_18' title='bbox 746 339 829 379; x_wconf 90' lang='lat' dir='ltr'>eius</span> <span class='ocrx_word' id='word_1_19' title='bbox 859 340 1044 387; x_wconf 87' lang='lat' dir='ltr'>officium,</span> <span class='ocrx_word' id='word_1_20' title='bbox 1068 341 1177 389; x_wconf 89' lang='lat' dir='ltr'>quod</span> <span class='ocrx_word' id='word_1_21' title='bbox 1207 339 1418 379; x_wconf 82' lang='lat' dir='ltr'>adhibetur</span> <span class='ocrx_word' id='word_1_22' title='bbox 1447 352 1536 389; x_wconf 86' lang='lat' dir='ltr'>erga</span> 
     </span>
     <span class='ocr_line' id='line_1_4' title="bbox 203 404 1535 456; baseline -0.002 -12"><span class='ocrx_word' id='word_1_23' title='bbox 203 405 299 453; x_wconf 92' lang='lat' dir='ltr'>illos,</span> <span class='ocrx_word' id='word_1_24' title='bbox 334 419 406 456; x_wconf 89' lang='lat' dir='ltr'>ego</span> <span class='ocrx_word' id='word_1_25' title='bbox 438 419 526 444; x_wconf 91' lang='lat' dir='ltr'>mea</span> <span class='ocrx_word' id='word_1_26' title='bbox 556 406 739 443; x_wconf 80' lang='lat' dir='ltr'>facultate</span> <span class='ocrx_word' id='word_1_27' title='bbox 775 413 813 443; x_wconf 92' lang='lat' dir='ltr'>et</span> <span class='ocrx_word' id='word_1_28' title='bbox 846 404 968 455; x_wconf 89' lang='lat' dir='ltr'>gratia</span> <span class='ocrx_word' id='word_1_29' title='bbox 1006 405 1115 442; x_wconf 92' lang='lat' dir='ltr'>soleo</span> <span class='ocrx_word' id='word_1_30' title='bbox 1150 412 1342 454; x_wconf 90' lang='lat' dir='ltr'>quantum</span> <span class='ocrx_word' id='word_1_31' title='bbox 1372 417 1535 455; x_wconf 90' lang='lat' dir='ltr'>possum</span> 
     </span>
     <span class='ocr_line' id='line_1_5' title="bbox 202 468 1535 520; baseline -0.002 -11"><span class='ocrx_word' id='word_1_32' title='bbox 202 470 397 509; x_wconf 84' lang='lat' dir='ltr'>adiuvare.</span> <span class='ocrx_word' id='word_1_33' title='bbox 457 471 547 519; x_wconf 85' lang='lat' dir='ltr'>Qua</span> <span class='ocrx_word' id='word_1_34' title='bbox 576 484 616 508; x_wconf 88' lang='lat' dir='ltr'>re</span> <span class='ocrx_word' id='word_1_35' title='bbox 646 469 937 520; x_wconf 82' lang='lat' dir='ltr'>Cuspianorum</span> <span class='ocrx_word' id='word_1_36' title='bbox 968 469 1148 508; x_wconf 90' lang='lat' dir='ltr'>omnium</span> <span class='ocrx_word' id='word_1_37' title='bbox 1178 468 1535 508; x_wconf 83' lang='lat' dir='ltr'>commendationis</span> 
     </span>
     <span class='ocr_line' id='line_1_6' title="bbox 165 534 1535 585; baseline -0.001 -12"><span class='ocrx_word' id='word_1_38' title='bbox 165 548 181 578; x_wconf 83' lang='lat'>5</span> <span class='ocrx_word' id='word_1_39' title='bbox 203 549 361 573; x_wconf 86' lang='lat' dir='ltr'>causam</span> <span class='ocrx_word' id='word_1_40' title='bbox 378 537 452 573; x_wconf 90' lang='lat' dir='ltr'>hac</span> <span class='ocrx_word' id='word_1_41' title='bbox 468 534 538 573; x_wconf 91' lang='lat' dir='ltr'>tibi</span> <span class='ocrx_word' id='word_1_42' title='bbox 552 534 718 585; x_wconf 85' lang='lat' dir='ltr'>epistula</span> <span class='ocrx_word' id='word_1_43' title='bbox 734 535 1011 585; x_wconf 81' lang='lat' dir='ltr'>exponendam</span> <span class='ocrx_word' id='word_1_44' title='bbox 1024 534 1168 584; x_wconf 87' lang='lat' dir='ltr'>putavi,</span> <span class='ocrx_word' id='word_1_45' title='bbox 1186 534 1342 584; x_wconf 83' lang='lat' dir='ltr'>reliquis</span> <span class='ocrx_word' id='word_1_46' title='bbox 1360 534 1535 585; x_wconf 86' lang='lat' dir='ltr'>epistulis</span> 
     </span>
     <span class='ocr_line' id='line_1_7' title="bbox 203 599 1535 650; baseline -0.001 -12"><span class='ocrx_word' id='word_1_47' title='bbox 203 608 354 638; x_wconf 86' lang='lat' dir='ltr'>tantum</span> <span class='ocrx_word' id='word_1_48' title='bbox 389 599 528 638; x_wconf 86' lang='lat' dir='ltr'>faciam</span> <span class='ocrx_word' id='word_1_49' title='bbox 559 608 601 638; x_wconf 94' lang='lat' dir='ltr'>ut</span> <span class='ocrx_word' id='word_1_50' title='bbox 630 608 766 638; x_wconf 86' lang='lat' dir='ltr'>notam</span> <span class='ocrx_word' id='word_1_51' title='bbox 795 613 994 650; x_wconf 88' lang='lat' dir='ltr'>apponam</span> <span class='ocrx_word' id='word_1_52' title='bbox 1025 613 1124 648; x_wconf 82' lang='lat' dir='ltr'>eam,</span> <span class='ocrx_word' id='word_1_53' title='bbox 1148 613 1249 650; x_wconf 91' lang='lat' dir='ltr'>quae</span> <span class='ocrx_word' id='word_1_54' title='bbox 1278 599 1374 638; x_wconf 87' lang='lat' dir='ltr'>mihi</span> <span class='ocrx_word' id='word_1_55' title='bbox 1404 607 1535 638; x_wconf 89' lang='lat' dir='ltr'>tecum</span> 
     </span>
     <span class='ocr_line' id='line_1_8' title="bbox 203 664 1536 715; baseline -0.002 -11"><span class='ocrx_word' id='word_1_56' title='bbox 203 665 396 713; x_wconf 80' lang='lat' dir='ltr'>convenit,</span> <span class='ocrx_word' id='word_1_57' title='bbox 429 673 466 704; x_wconf 91' lang='lat' dir='ltr'>et</span> <span class='ocrx_word' id='word_1_58' title='bbox 500 665 614 703; x_wconf 91' lang='lat' dir='ltr'>simul</span> <span class='ocrx_word' id='word_1_59' title='bbox 650 665 867 715; x_wconf 85' lang='lat' dir='ltr'>significem</span> <span class='ocrx_word' id='word_1_60' title='bbox 897 666 947 703; x_wconf 90' lang='lat' dir='ltr'>de</span> <span class='ocrx_word' id='word_1_61' title='bbox 977 678 1141 703; x_wconf 90' lang='lat' dir='ltr'>numero</span> <span class='ocrx_word' id='word_1_62' title='bbox 1173 679 1257 704; x_wconf 90' lang='lat' dir='ltr'>esse</span> <span class='ocrx_word' id='word_1_63' title='bbox 1289 664 1413 715; x_wconf 85' lang='lat' dir='ltr'>Cuspi</span> <span class='ocrx_word' id='word_1_64' title='bbox 1443 664 1536 703; x_wconf 89' lang='lat' dir='ltr'>ami-</span> 
     </span>
     <span class='ocr_line' id='line_1_9' title="bbox 203 730 1577 780; baseline 0 -12"><span class='ocrx_word' id='word_1_65' title='bbox 203 744 362 777; x_wconf 66' lang='lat' dir='ltr'>corumg</span> <span class='ocrx_word' id='word_1_66' title='bbox 393 732 462 769; x_wconf 91' lang='lat' dir='ltr'>sed</span> <span class='ocrx_word' id='word_1_67' title='bbox 490 732 592 769; x_wconf 87' lang='lat' dir='ltr'>hanc</span> <span class='ocrx_word' id='word_1_68' title='bbox 619 730 1019 778; x_wconf 84' lang='lat' dir='ltr'>commendationem,</span> <span class='ocrx_word' id='word_1_69' title='bbox 1044 744 1164 780; x_wconf 92' lang='lat' dir='ltr'>quam</span> <span class='ocrx_word' id='word_1_70' title='bbox 1191 730 1251 768; x_wconf 88' lang='lat' dir='ltr'>his</span> <span class='ocrx_word' id='word_1_71' title='bbox 1283 730 1417 769; x_wconf 89' lang='lat' dir='ltr'>litteris</span> <span class='ocrx_word' id='word_1_72' title='bbox 1445 743 1535 769; x_wconf 85' lang='lat' dir='ltr'>con-</span> <span class='ocrx_word' id='word_1_73' title='bbox 1554 739 1577 778; x_wconf 88' lang='lat'><strong>3</strong></span> 
     </span>
     <span class='ocr_line' id='line_1_10' title="bbox 204 795 1532 846; baseline -0.001 -13"><span class='ocrx_word' id='word_1_74' title='bbox 204 795 354 846; x_wconf 87' lang='lat' dir='ltr'>signare</span> <span class='ocrx_word' id='word_1_75' title='bbox 392 795 510 843; x_wconf 75' lang='lat' dir='ltr'>volui,</span> <span class='ocrx_word' id='word_1_76' title='bbox 549 795 646 833; x_wconf 89' lang='lat' dir='ltr'>scito</span> <span class='ocrx_word' id='word_1_77' title='bbox 689 809 774 834; x_wconf 91' lang='lat' dir='ltr'>esse</span> <span class='ocrx_word' id='word_1_78' title='bbox 812 795 990 834; x_wconf 90' lang='lat' dir='ltr'>omnium</span> <span class='ocrx_word' id='word_1_79' title='bbox 1025 795 1315 846; x_wconf 79' lang='lat' dir='ltr'>gravissimam3</span> <span class='ocrx_word' id='word_1_80' title='bbox 1356 809 1447 833; x_wconf 87' lang='lat' dir='ltr'>nam</span> <span class='ocrx_word' id='word_1_81' title='bbox 1491 797 1532 832; x_wconf 92' lang='lat' dir='ltr'>P.</span> 
     </span>
     <span class='ocr_line' id='line_1_11' title="bbox 147 859 1534 911; baseline 0 -13"><span class='ocrx_word' id='word_1_82' title='bbox 147 877 185 899; x_wconf 93' lang='lat'>10</span> <span class='ocrx_word' id='word_1_83' title='bbox 206 860 375 911; x_wconf 91' lang='lat' dir='ltr'>Cuspius</span> <span class='ocrx_word' id='word_1_84' title='bbox 419 859 601 911; x_wconf 83' lang='lat' dir='ltr'>singulari</span> <span class='ocrx_word' id='word_1_85' title='bbox 643 860 774 899; x_wconf 92' lang='lat' dir='ltr'>studio</span> <span class='ocrx_word' id='word_1_86' title='bbox 818 860 1023 899; x_wconf 86' lang='lat' dir='ltr'>contendit</span> <span class='ocrx_word' id='word_1_87' title='bbox 1061 874 1084 899; x_wconf 89' lang='lat' dir='ltr'>a</span> <span class='ocrx_word' id='word_1_88' title='bbox 1123 875 1185 899; x_wconf 85' lang='lat' dir='ltr'>me</span> <span class='ocrx_word' id='word_1_89' title='bbox 1224 869 1266 899; x_wconf 92' lang='lat' dir='ltr'>ut</span> <span class='ocrx_word' id='word_1_90' title='bbox 1305 860 1375 899; x_wconf 87' lang='lat' dir='ltr'>tibi</span> <span class='ocrx_word' id='word_1_91' title='bbox 1417 874 1534 910; x_wconf 90' lang='lat' dir='ltr'>quam</span> 
     </span>
     <span class='ocr_line' id='line_1_12' title="bbox 205 924 1536 976; baseline 0 -13"><span class='ocrx_word' id='word_1_92' title='bbox 205 924 500 976; x_wconf 85' lang='lat' dir='ltr'>diligentissime</span> <span class='ocrx_word' id='word_1_93' title='bbox 532 927 575 963; x_wconf 97' lang='lat' dir='ltr'>L.</span> <span class='ocrx_word' id='word_1_94' title='bbox 608 925 755 964; x_wconf 91' lang='lat' dir='ltr'>Iulium</span> <span class='ocrx_word' id='word_1_95' title='bbox 780 927 1113 964; x_wconf 83' lang='lat' dir='ltr'>commendarem.</span> <span class='ocrx_word' id='word_1_96' title='bbox 1174 925 1269 964; x_wconf 88' lang='lat' dir='ltr'>Eius</span> <span class='ocrx_word' id='word_1_97' title='bbox 1301 938 1373 975; x_wconf 89' lang='lat' dir='ltr'>ego</span> <span class='ocrx_word' id='word_1_98' title='bbox 1405 925 1536 963; x_wconf 91' lang='lat' dir='ltr'>studio</span> 
     </span>
     <span class='ocr_line' id='line_1_13' title="bbox 203 990 1534 1041; baseline 0.001 -13"><span class='ocrx_word' id='word_1_99' title='bbox 203 990 265 1029; x_wconf 75' lang='lat' dir='ltr'>vix</span> <span class='ocrx_word' id='word_1_100' title='bbox 284 991 419 1030; x_wconf 87' lang='lat' dir='ltr'>videor</span> <span class='ocrx_word' id='word_1_101' title='bbox 439 990 535 1028; x_wconf 88' lang='lat' dir='ltr'>mihi</span> <span class='ocrx_word' id='word_1_102' title='bbox 563 990 653 1029; x_wconf 86' lang='lat' dir='ltr'>satis</span> <span class='ocrx_word' id='word_1_103' title='bbox 685 993 810 1030; x_wconf 84' lang='lat' dir='ltr'>facere</span> <span class='ocrx_word' id='word_1_104' title='bbox 838 1005 964 1041; x_wconf 88' lang='lat' dir='ltr'>posse,</span> <span class='ocrx_word' id='word_1_105' title='bbox 988 991 1018 1029; x_wconf 92' lang='lat' dir='ltr'>si</span> <span class='ocrx_word' id='word_1_106' title='bbox 1047 999 1131 1029; x_wconf 85' lang='lat' dir='ltr'>utar</span> <span class='ocrx_word' id='word_1_107' title='bbox 1151 990 1278 1029; x_wconf 90' lang='lat' dir='ltr'>verbis</span> <span class='ocrx_word' id='word_1_108' title='bbox 1299 990 1355 1038; x_wconf 81' lang='lat' dir='ltr'>iis,</span> <span class='ocrx_word' id='word_1_109' title='bbox 1380 990 1534 1041; x_wconf 88' lang='lat' dir='ltr'>quibus,</span> 
     </span>
     <span class='ocr_line' id='line_1_14' title="bbox 204 1055 1537 1107; baseline 0 -13"><span class='ocrx_word' id='word_1_110' title='bbox 204 1070 294 1095; x_wconf 88' lang='lat' dir='ltr'>cum</span> <span class='ocrx_word' id='word_1_111' title='bbox 316 1055 611 1106; x_wconf 83' lang='lat' dir='ltr'>diligentissime</span> <span class='ocrx_word' id='word_1_112' title='bbox 626 1056 721 1107; x_wconf 90' lang='lat' dir='ltr'>quid</span> <span class='ocrx_word' id='word_1_113' title='bbox 737 1057 899 1107; x_wconf 79' lang='lat' dir='ltr'>agimus,</span> <span class='ocrx_word' id='word_1_114' title='bbox 916 1057 970 1094; x_wconf 92' lang='lat' dir='ltr'>uti</span> <span class='ocrx_word' id='word_1_115' title='bbox 992 1058 1164 1095; x_wconf 86' lang='lat' dir='ltr'>solemus</span> <span class='ocrx_word' id='word_1_116' title='bbox 1180 1071 1188 1104; x_wconf 78' lang='lat'><em>3</em></span> <span class='ocrx_word' id='word_1_117' title='bbox 1218 1070 1320 1095; x_wconf 88' lang='lat' dir='ltr'>nova</span> <span class='ocrx_word' id='word_1_118' title='bbox 1342 1057 1537 1107; x_wconf 85' lang='lat' dir='ltr'>quaedam</span> 
     </span>
     <span class='ocr_line' id='line_1_15' title="bbox 205 1121 1534 1172; baseline -0.002 -12"><span class='ocrx_word' id='word_1_119' title='bbox 205 1124 375 1172; x_wconf 87' lang='lat' dir='ltr'>postulat</span> <span class='ocrx_word' id='word_1_120' title='bbox 397 1129 434 1160; x_wconf 94' lang='lat' dir='ltr'>et</span> <span class='ocrx_word' id='word_1_121' title='bbox 454 1129 565 1171; x_wconf 90' lang='lat' dir='ltr'>putat</span> <span class='ocrx_word' id='word_1_122' title='bbox 585 1135 648 1160; x_wconf 90' lang='lat' dir='ltr'>me</span> <span class='ocrx_word' id='word_1_123' title='bbox 670 1122 752 1160; x_wconf 89' lang='lat' dir='ltr'>eius</span> <span class='ocrx_word' id='word_1_124' title='bbox 772 1121 922 1172; x_wconf 88' lang='lat' dir='ltr'>generis</span> <span class='ocrx_word' id='word_1_125' title='bbox 939 1121 1145 1160; x_wconf 87' lang='lat' dir='ltr'>artificium</span> <span class='ocrx_word' id='word_1_126' title='bbox 1168 1123 1371 1172; x_wconf 85' lang='lat' dir='ltr'>quoddam</span> <span class='ocrx_word' id='word_1_127' title='bbox 1393 1129 1534 1159; x_wconf 90' lang='lat' dir='ltr'>tenere.</span> 
     </span>
     <span class='ocr_line' id='line_1_16' title="bbox 148 1186 1537 1237; baseline -0.001 -13"><span class='ocrx_word' id='word_1_128' title='bbox 148 1203 184 1235; x_wconf 86' lang='lat'>15</span> <span class='ocrx_word' id='word_1_129' title='bbox 208 1187 254 1225; x_wconf 88' lang='lat' dir='ltr'>Ei</span> <span class='ocrx_word' id='word_1_130' title='bbox 277 1200 349 1237; x_wconf 88' lang='lat' dir='ltr'>ego</span> <span class='ocrx_word' id='word_1_131' title='bbox 370 1186 566 1236; x_wconf 90' lang='lat' dir='ltr'>pollicitus</span> <span class='ocrx_word' id='word_1_132' title='bbox 580 1200 665 1225; x_wconf 90' lang='lat' dir='ltr'>sum</span> <span class='ocrx_word' id='word_1_133' title='bbox 681 1201 743 1225; x_wconf 91' lang='lat' dir='ltr'>me</span> <span class='ocrx_word' id='word_1_134' title='bbox 757 1201 803 1225; x_wconf 85' lang='lat' dir='ltr'>ex</span> <span class='ocrx_word' id='word_1_135' title='bbox 816 1186 954 1225; x_wconf 90' lang='lat' dir='ltr'>intima</span> <span class='ocrx_word' id='word_1_136' title='bbox 968 1195 1100 1225; x_wconf 87' lang='lat' dir='ltr'>nostra</span> <span class='ocrx_word' id='word_1_137' title='bbox 1115 1195 1195 1225; x_wconf 89' lang='lat' dir='ltr'>arte</span> <span class='ocrx_word' id='word_1_138' title='bbox 1212 1188 1537 1237; x_wconf 88' lang='lat' dir='ltr'>deprompturum</span> 
     </span>
     <span class='ocr_line' id='line_1_17' title="bbox 206 1250 1538 1302; baseline -0.001 -12"><span class='ocrx_word' id='word_1_139' title='bbox 206 1252 412 1291; x_wconf 87' lang='lat' dir='ltr'>mirificum</span> <span class='ocrx_word' id='word_1_140' title='bbox 434 1266 556 1302; x_wconf 90' lang='lat' dir='ltr'>genus</span> <span class='ocrx_word' id='word_1_141' title='bbox 577 1251 945 1291; x_wconf 89' lang='lat' dir='ltr'>commendationis.</span> <span class='ocrx_word' id='word_1_142' title='bbox 998 1254 1046 1290; x_wconf 91' lang='lat' dir='ltr'>Id</span> <span class='ocrx_word' id='word_1_143' title='bbox 1063 1252 1250 1302; x_wconf 89' lang='lat' dir='ltr'>quoniam</span> <span class='ocrx_word' id='word_1_144' title='bbox 1271 1250 1435 1301; x_wconf 85' lang='lat' dir='ltr'>adsequi</span> <span class='ocrx_word' id='word_1_145' title='bbox 1457 1265 1538 1289; x_wconf 91' lang='lat' dir='ltr'>non</span> 
     </span>
     <span class='ocr_line' id='line_1_18' title="bbox 206 1316 1538 1368; baseline -0.002 -11"><span class='ocrx_word' id='word_1_146' title='bbox 206 1332 377 1368; x_wconf 86' lang='lat' dir='ltr'>possum,</span> <span class='ocrx_word' id='word_1_147' title='bbox 398 1326 438 1356; x_wconf 90' lang='lat' dir='ltr'>tu</span> <span class='ocrx_word' id='word_1_148' title='bbox 460 1332 499 1356; x_wconf 88' lang='lat' dir='ltr'>re</span> <span class='ocrx_word' id='word_1_149' title='bbox 520 1317 635 1356; x_wconf 82' lang='lat' dir='ltr'>velim</span> <span class='ocrx_word' id='word_1_150' title='bbox 658 1317 800 1356; x_wconf 88' lang='lat' dir='ltr'>efficias</span> <span class='ocrx_word' id='word_1_151' title='bbox 825 1325 868 1355; x_wconf 90' lang='lat' dir='ltr'>ut</span> <span class='ocrx_word' id='word_1_152' title='bbox 889 1317 952 1355; x_wconf 91' lang='lat' dir='ltr'>ille</span> <span class='ocrx_word' id='word_1_153' title='bbox 967 1331 1107 1367; x_wconf 88' lang='lat' dir='ltr'>genere</span> <span class='ocrx_word' id='word_1_154' title='bbox 1129 1330 1303 1355; x_wconf 89' lang='lat' dir='ltr'>mearum</span> <span class='ocrx_word' id='word_1_155' title='bbox 1325 1316 1538 1355; x_wconf 87' lang='lat' dir='ltr'>litterarum</span> 
     </span>
     <span class='ocr_line' id='line_1_19' title="bbox 206 1380 1582 1434; baseline 0.001 -13"><span class='ocrx_word' id='word_1_156' title='bbox 206 1383 436 1423; x_wconf 89' lang='lat' dir='ltr'>incredibile</span> <span class='ocrx_word' id='word_1_157' title='bbox 476 1383 666 1434; x_wconf 89' lang='lat' dir='ltr'>quiddam</span> <span class='ocrx_word' id='word_1_158' title='bbox 705 1384 922 1433; x_wconf 90' lang='lat' dir='ltr'>perfectum</span> <span class='ocrx_word' id='word_1_159' title='bbox 961 1382 1176 1421; x_wconf 87' lang='lat' dir='ltr'>arbitretur.</span> <span class='ocrx_word' id='word_1_160' title='bbox 1249 1383 1297 1420; x_wconf 90' lang='lat' dir='ltr'>Id</span> <span class='ocrx_word' id='word_1_161' title='bbox 1336 1381 1466 1429; x_wconf 88' lang='lat' dir='ltr'>facies,</span> <span class='ocrx_word' id='word_1_162' title='bbox 1507 1380 1582 1422; x_wconf 88' lang='lat' dir='ltr'>si4</span> 
     </span>
     <span class='ocr_line' id='line_1_20' title="bbox 206 1447 1539 1499; baseline -0.002 -12"><span class='ocrx_word' id='word_1_163' title='bbox 206 1462 323 1487; x_wconf 91' lang='lat' dir='ltr'>omne</span> <span class='ocrx_word' id='word_1_164' title='bbox 345 1462 468 1499; x_wconf 88' lang='lat' dir='ltr'>genus</span> <span class='ocrx_word' id='word_1_165' title='bbox 490 1448 740 1496; x_wconf 78' lang='lat' dir='ltr'>liberalitatis,</span> <span class='ocrx_word' id='word_1_166' title='bbox 764 1450 872 1499; x_wconf 89' lang='lat' dir='ltr'>quod</span> <span class='ocrx_word' id='word_1_167' title='bbox 894 1456 932 1487; x_wconf 93' lang='lat' dir='ltr'>et</span> <span class='ocrx_word' id='word_1_168' title='bbox 951 1449 1001 1487; x_wconf 91' lang='lat' dir='ltr'>ab</span> <span class='ocrx_word' id='word_1_169' title='bbox 1023 1447 1266 1486; x_wconf 88' lang='lat' dir='ltr'>humanitate</span> <span class='ocrx_word' id='word_1_170' title='bbox 1287 1454 1324 1485; x_wconf 90' lang='lat' dir='ltr'>et</span> <span class='ocrx_word' id='word_1_171' title='bbox 1345 1454 1539 1496; x_wconf 86' lang='lat' dir='ltr'>potestate</span> 
     </span>
     <span class='ocr_line' id='line_1_21' title="bbox 148 1511 1539 1565; baseline -0.002 -13"><span class='ocrx_word' id='word_1_172' title='bbox 148 1530 188 1552; x_wconf 82' lang='lat'>20</span> <span class='ocrx_word' id='word_1_173' title='bbox 207 1522 272 1552; x_wconf 89' lang='lat' dir='ltr'>tua</span> <span class='ocrx_word' id='word_1_174' title='bbox 299 1514 493 1565; x_wconf 88' lang='lat' dir='ltr'>proficisci</span> <span class='ocrx_word' id='word_1_175' title='bbox 519 1513 671 1565; x_wconf 87' lang='lat' dir='ltr'>poterit,</span> <span class='ocrx_word' id='word_1_176' title='bbox 699 1528 779 1552; x_wconf 90' lang='lat' dir='ltr'>non</span> <span class='ocrx_word' id='word_1_177' title='bbox 807 1515 928 1553; x_wconf 94' lang='lat' dir='ltr'>modo</span> <span class='ocrx_word' id='word_1_178' title='bbox 955 1528 994 1552; x_wconf 91' lang='lat' dir='ltr'>re</span> <span class='ocrx_word' id='word_1_179' title='bbox 1024 1514 1094 1552; x_wconf 86' lang='lat' dir='ltr'>sed</span> <span class='ocrx_word' id='word_1_180' title='bbox 1121 1513 1237 1551; x_wconf 87' lang='lat' dir='ltr'>etiam</span> <span class='ocrx_word' id='word_1_181' title='bbox 1268 1511 1406 1560; x_wconf 81' lang='lat' dir='ltr'>verbis,</span> <span class='ocrx_word' id='word_1_182' title='bbox 1430 1513 1539 1550; x_wconf 87' lang='lat' dir='ltr'>vultu</span> 
     </span>
     <span class='ocr_line' id='line_1_22' title="bbox 206 1577 1539 1630; baseline -0.002 -12"><span class='ocrx_word' id='word_1_183' title='bbox 206 1579 377 1630; x_wconf 89' lang='lat' dir='ltr'>denique</span> <span class='ocrx_word' id='word_1_184' title='bbox 408 1578 691 1630; x_wconf 89' lang='lat' dir='ltr'>exprompseris</span> <span class='ocrx_word' id='word_1_185' title='bbox 707 1594 717 1627; x_wconf 80' lang='grc'>,-</span> <span class='ocrx_word' id='word_1_186' title='bbox 755 1593 856 1629; x_wconf 88' lang='lat' dir='ltr'>quae</span> <span class='ocrx_word' id='word_1_187' title='bbox 881 1587 1073 1629; x_wconf 88' lang='lat' dir='ltr'>quantum</span> <span class='ocrx_word' id='word_1_188' title='bbox 1101 1578 1140 1616; x_wconf 91' lang='lat' dir='ltr'>in</span> <span class='ocrx_word' id='word_1_189' title='bbox 1165 1577 1365 1628; x_wconf 86' lang='lat' dir='ltr'>provincia</span> <span class='ocrx_word' id='word_1_190' title='bbox 1385 1578 1539 1616; x_wconf 86' lang='lat' dir='ltr'>valeant</span> 
     </span>
     <span class='ocr_line' id='line_1_23' title="bbox 205 1642 1536 1695; baseline -0.002 -13"><span class='ocrx_word' id='word_1_191' title='bbox 205 1646 344 1683; x_wconf 79' lang='lat' dir='ltr'>vellem</span> <span class='ocrx_word' id='word_1_192' title='bbox 366 1652 546 1695; x_wconf 84' lang='lat' dir='ltr'>expertus</span> <span class='ocrx_word' id='word_1_193' title='bbox 567 1658 662 1692; x_wconf 90' lang='lat' dir='ltr'>esse,</span> <span class='ocrx_word' id='word_1_194' title='bbox 685 1645 755 1682; x_wconf 86' lang='lat' dir='ltr'>sed</span> <span class='ocrx_word' id='word_1_195' title='bbox 776 1652 908 1683; x_wconf 87' lang='lat' dir='ltr'>tamen</span> <span class='ocrx_word' id='word_1_196' title='bbox 930 1643 1115 1694; x_wconf 88' lang='lat' dir='ltr'>suspicor.</span> <span class='ocrx_word' id='word_1_197' title='bbox 1164 1644 1300 1693; x_wconf 89' lang='lat' dir='ltr'>Ipsum</span> <span class='ocrx_word' id='word_1_198' title='bbox 1322 1642 1536 1690; x_wconf 86' lang='lat' dir='ltr'>hominem,</span> 
     </span>
     <span class='ocr_line' id='line_1_24' title="bbox 205 1707 1537 1759; baseline -0.002 -12"><span class='ocrx_word' id='word_1_199' title='bbox 205 1722 324 1759; x_wconf 90' lang='lat' dir='ltr'>quem</span> <span class='ocrx_word' id='word_1_200' title='bbox 356 1709 426 1748; x_wconf 90' lang='lat' dir='ltr'>tibi</span> <span class='ocrx_word' id='word_1_201' title='bbox 460 1710 711 1757; x_wconf 86' lang='lat' dir='ltr'>commendo,</span> <span class='ocrx_word' id='word_1_202' title='bbox 744 1709 978 1759; x_wconf 88' lang='lat' dir='ltr'>perdignum</span> <span class='ocrx_word' id='word_1_203' title='bbox 1019 1722 1103 1747; x_wconf 89' lang='lat' dir='ltr'>esse</span> <span class='ocrx_word' id='word_1_204' title='bbox 1143 1716 1208 1746; x_wconf 89' lang='lat' dir='ltr'>tua</span> <span class='ocrx_word' id='word_1_205' title='bbox 1242 1707 1422 1755; x_wconf 87' lang='lat' dir='ltr'>amicitia,</span> <span class='ocrx_word' id='word_1_206' title='bbox 1457 1721 1537 1746; x_wconf 92' lang='lat' dir='ltr'>non</span> 
     </span>
     <span class='ocr_line' id='line_1_25' title="bbox 207 1772 1537 1824; baseline -0.001 -12"><span class='ocrx_word' id='word_1_207' title='bbox 207 1776 334 1812; x_wconf 90' lang='lat' dir='ltr'>solum</span> <span class='ocrx_word' id='word_1_208' title='bbox 362 1774 453 1824; x_wconf 89' lang='lat' dir='ltr'>quia</span> <span class='ocrx_word' id='word_1_209' title='bbox 479 1773 575 1812; x_wconf 90' lang='lat' dir='ltr'>mihi</span> <span class='ocrx_word' id='word_1_210' title='bbox 597 1773 768 1824; x_wconf 88' lang='lat' dir='ltr'>Cuspius</span> <span class='ocrx_word' id='word_1_211' title='bbox 793 1773 898 1821; x_wconf 89' lang='lat' dir='ltr'>dicit,</span> <span class='ocrx_word' id='word_1_212' title='bbox 922 1775 1052 1820; x_wconf 84' lang='lat' dir='ltr'>credo,</span> <span class='ocrx_word' id='word_1_213' title='bbox 1083 1772 1237 1811; x_wconf 90' lang='lat' dir='ltr'>tametsi</span> <span class='ocrx_word' id='word_1_214' title='bbox 1266 1772 1306 1811; x_wconf 89' lang='lat' dir='ltr'>id</span> <span class='ocrx_word' id='word_1_215' title='bbox 1332 1772 1422 1811; x_wconf 90' lang='lat' dir='ltr'>satis</span> <span class='ocrx_word' id='word_1_216' title='bbox 1453 1786 1537 1811; x_wconf 89' lang='lat' dir='ltr'>esse</span> 
     </span>
     <span class='ocr_line' id='line_1_26' title="bbox 149 1837 1536 1890; baseline -0.001 -13"><span class='ocrx_word' id='word_1_217' title='bbox 149 1856 162 1876; x_wconf 88' lang='lat'>2</span> <span class='ocrx_word' id='word_1_218' title='bbox 169 1854 186 1886; x_wconf 92' lang='lat'>5</span> <span class='ocrx_word' id='word_1_219' title='bbox 207 1840 390 1887; x_wconf 85' lang='lat' dir='ltr'>debebat,</span> <span class='ocrx_word' id='word_1_220' title='bbox 409 1840 479 1878; x_wconf 72' lang='lat' dir='ltr'>s&#39;ed</span> <span class='ocrx_word' id='word_1_221' title='bbox 499 1839 590 1890; x_wconf 88' lang='lat' dir='ltr'>quia</span> <span class='ocrx_word' id='word_1_222' title='bbox 610 1839 701 1878; x_wconf 87' lang='lat' dir='ltr'>novi</span> <span class='ocrx_word' id='word_1_223' title='bbox 718 1839 800 1878; x_wconf 90' lang='lat' dir='ltr'>eius</span> <span class='ocrx_word' id='word_1_224' title='bbox 821 1838 1011 1878; x_wconf 88' lang='lat' dir='ltr'>iudicium</span> <span class='ocrx_word' id='word_1_225' title='bbox 1034 1839 1073 1877; x_wconf 93' lang='lat' dir='ltr'>in</span> <span class='ocrx_word' id='word_1_226' title='bbox 1094 1838 1321 1877; x_wconf 90' lang='lat' dir='ltr'>hominibus</span> <span class='ocrx_word' id='word_1_227' title='bbox 1343 1845 1380 1876; x_wconf 93' lang='lat' dir='ltr'>et</span> <span class='ocrx_word' id='word_1_228' title='bbox 1400 1837 1536 1876; x_wconf 89' lang='lat' dir='ltr'>amicis</span> 
     </span>
     <span class='ocr_line' id='line_1_27' title="bbox 207 1905 435 1956; baseline -0.004 -12"><span class='ocrx_word' id='word_1_229' title='bbox 207 1905 435 1956; x_wconf 88' lang='lat' dir='ltr'>deligendis.</span> 
     </span>
    </p>

    <p class='ocr_par' dir='ltr' id='par_1_3' title="bbox 206 1968 1578 2150">
     <span class='ocr_line' id='line_1_28' title="bbox 263 1968 1578 2020; baseline -0.002 -12"><span class='ocrx_word' id='word_1_230' title='bbox 263 1972 417 2008; x_wconf 91' lang='lat' dir='ltr'>Harum</span> <span class='ocrx_word' id='word_1_231' title='bbox 447 1969 660 2009; x_wconf 88' lang='lat' dir='ltr'>litterarum</span> <span class='ocrx_word' id='word_1_232' title='bbox 687 1969 743 2008; x_wconf 83' lang='lat' dir='ltr'>vis</span> <span class='ocrx_word' id='word_1_233' title='bbox 774 1978 920 2020; x_wconf 87' lang='lat' dir='ltr'>quanta</span> <span class='ocrx_word' id='word_1_234' title='bbox 951 1968 1065 2008; x_wconf 90' lang='lat' dir='ltr'>fuerit</span> <span class='ocrx_word' id='word_1_235' title='bbox 1093 1968 1323 2019; x_wconf 87' lang='lat' dir='ltr'>propediem</span> <span class='ocrx_word' id='word_1_236' title='bbox 1350 1968 1535 2007; x_wconf 88' lang='lat' dir='ltr'>iudicabo</span> <span class='ocrx_word' id='word_1_237' title='bbox 1554 1974 1578 2012; x_wconf 90' lang='lat'>5</span> 
     </span>
     <span class='ocr_line' id='line_1_29' title="bbox 206 2034 1537 2085; baseline -0.002 -12"><span class='ocrx_word' id='word_1_238' title='bbox 206 2034 366 2085; x_wconf 86' lang='lat' dir='ltr'>tibique,</span> <span class='ocrx_word' id='word_1_239' title='bbox 390 2043 431 2073; x_wconf 95' lang='lat' dir='ltr'>ut</span> <span class='ocrx_word' id='word_1_240' title='bbox 453 2036 623 2083; x_wconf 85' lang='lat' dir='ltr'>confido,</span> <span class='ocrx_word' id='word_1_241' title='bbox 646 2035 786 2085; x_wconf 88' lang='lat' dir='ltr'>gratias</span> <span class='ocrx_word' id='word_1_242' title='bbox 815 2049 939 2085; x_wconf 86' lang='lat' dir='ltr'>agam.</span> <span class='ocrx_word' id='word_1_243' title='bbox 1001 2037 1086 2085; x_wconf 89' lang='lat' dir='ltr'>Ego</span> <span class='ocrx_word' id='word_1_244' title='bbox 1114 2048 1214 2084; x_wconf 90' lang='lat' dir='ltr'>quae</span> <span class='ocrx_word' id='word_1_245' title='bbox 1243 2043 1279 2072; x_wconf 87' lang='lat' dir='ltr'>te</span> <span class='ocrx_word' id='word_1_246' title='bbox 1299 2035 1397 2072; x_wconf 80' lang='lat' dir='ltr'>velle</span> <span class='ocrx_word' id='word_1_247' title='bbox 1421 2047 1537 2083; x_wconf 90' lang='lat' dir='ltr'>quae-</span> 
     </span>
     <span class='ocr_line' id='line_1_30' title="bbox 207 2098 1537 2150; baseline -0.001 -13"><span class='ocrx_word' id='word_1_248' title='bbox 207 2114 284 2150; x_wconf 92' lang='lat' dir='ltr'>que</span> <span class='ocrx_word' id='word_1_249' title='bbox 304 2101 355 2138; x_wconf 89' lang='lat' dir='ltr'>ad</span> <span class='ocrx_word' id='word_1_250' title='bbox 377 2108 413 2138; x_wconf 89' lang='lat' dir='ltr'>te</span> <span class='ocrx_word' id='word_1_251' title='bbox 434 2099 626 2149; x_wconf 88' lang='lat' dir='ltr'>pertinere</span> <span class='ocrx_word' id='word_1_252' title='bbox 647 2100 873 2147; x_wconf 87' lang='lat' dir='ltr'>arbitrabor,</span> <span class='ocrx_word' id='word_1_253' title='bbox 897 2099 1030 2138; x_wconf 86' lang='lat' dir='ltr'>omnia</span> <span class='ocrx_word' id='word_1_254' title='bbox 1057 2099 1231 2138; x_wconf 90' lang='lat' dir='ltr'>studiose</span> <span class='ocrx_word' id='word_1_255' title='bbox 1253 2098 1537 2149; x_wconf 86' lang='lat' dir='ltr'>diligenterque</span> 
     </span>
    </p>

    <p class='ocr_par' dir='ltr' id='par_1_4' title="bbox 151 2165 749 2210">
     <span class='ocr_line' id='line_1_31' title="bbox 151 2165 749 2210; baseline 0 -7"><span class='ocrx_word' id='word_1_256' title='bbox 151 2180 188 2210; x_wconf 80' lang='lat'>30</span> <span class='ocrx_word' id='word_1_257' title='bbox 208 2165 364 2204; x_wconf 90' lang='lat' dir='ltr'>curabo.</span> <span class='ocrx_word' id='word_1_258' title='bbox 425 2166 529 2204; x_wconf 88' lang='lat' dir='ltr'>Cura</span> <span class='ocrx_word' id='word_1_259' title='bbox 549 2173 591 2203; x_wconf 91' lang='lat' dir='ltr'>ut</span> <span class='ocrx_word' id='word_1_260' title='bbox 611 2167 749 2203; x_wconf 80' lang='lat' dir='ltr'>valeas.</span> 
     </span>
    </p>
   </div>
   <div class='ocr_carea' id='block_1_3' title="bbox 212 2266 1537 2352">
    <p class='ocr_par' dir='ltr' id='par_1_5' title="bbox 212 2266 1537 2352">
     <span class='ocr_line' id='line_1_32' title="bbox 254 2266 1537 2307; baseline -0.001 -9"><span class='ocrx_word' id='word_1_261' title='bbox 254 2268 292 2298; x_wconf 84' lang='lat'>18</span> <span class='ocrx_word' id='word_1_262' title='bbox 317 2267 504 2298; x_wconf 88' lang='lat' dir='ltr'>incredibili</span> <span class='ocrx_word' id='word_1_263' title='bbox 536 2266 627 2298; x_wconf 84' lang='lat' dir='ltr'>codd.</span> <span class='ocrx_word' id='word_1_264' title='bbox 665 2278 788 2307; x_wconf 77' lang='lat' dir='ltr'>omnes,</span> <span class='ocrx_word' id='word_1_265' title='bbox 822 2268 920 2298; x_wconf 77' lang='lat' dir='ltr'>eliam</span> <span class='ocrx_word' id='word_1_266' title='bbox 952 2267 993 2298; x_wconf 89' lang='lat' dir='ltr'><em>H</em></span> <span class='ocrx_word' id='word_1_267' title='bbox 1190 2278 1228 2307; x_wconf 87' lang='lat'>19</span> <span class='ocrx_word' id='word_1_268' title='bbox 1253 2273 1286 2298; x_wconf 87' lang='lat' dir='ltr'>et</span> <span class='ocrx_word' id='word_1_269' title='bbox 1317 2279 1335 2297; x_wconf 85' lang='lat' dir='ltr'>a</span> <span class='ocrx_word' id='word_1_270' title='bbox 1368 2271 1537 2306; x_wconf 83' lang='lat' dir='ltr'>potestate</span> 
     </span>
     <span class='ocr_line' id='line_1_33' title="bbox 212 2310 1537 2352; baseline 0.001 -13"><span class='ocrx_word' id='word_1_271' title='bbox 212 2310 401 2352; x_wconf 76' lang='lat' dir='ltr'>Wesenberg</span> <span class='ocrx_word' id='word_1_272' title='bbox 530 2320 571 2341; x_wconf 86' lang='lat'>22</span> <span class='ocrx_word' id='word_1_273' title='bbox 596 2320 682 2351; x_wconf 84' lang='lat' dir='ltr'>esse,</span> <span class='ocrx_word' id='word_1_274' title='bbox 701 2311 762 2342; x_wconf 86' lang='lat' dir='ltr'>sed</span> <span class='ocrx_word' id='word_1_275' title='bbox 787 2310 946 2352; x_wconf 69' lang='lat' dir='ltr'>Madvzg:</span> <span class='ocrx_word' id='word_1_276' title='bbox 985 2321 1079 2342; x_wconf 84' lang='lat' dir='ltr'>esses</span> <span class='ocrx_word' id='word_1_277' title='bbox 1099 2311 1159 2342; x_wconf 86' lang='lat' dir='ltr'>sed</span> <span class='ocrx_word' id='word_1_278' title='bbox 1185 2311 1297 2343; x_wconf 56' lang='lat' dir='ltr'>cosini:</span> <span class='ocrx_word' id='word_1_279' title='bbox 1334 2321 1455 2347; x_wconf 85' lang='lat' dir='ltr'>essem,</span> <span class='ocrx_word' id='word_1_280' title='bbox 1477 2311 1537 2341; x_wconf 89' lang='lat' dir='ltr'>sed</span> 
     </span>
    </p>
   </div>
   <div class='ocr_carea' id='block_1_4' title="bbox 210 2354 311 2386">
    <p class='ocr_par' dir='ltr' id='par_1_6' title="bbox 210 2354 311 2386">
     <span class='ocr_line' id='line_1_34' title="bbox 210 2354 311 2386; baseline -0.01 -1"><span class='ocrx_word' id='word_1_281' title='bbox 210 2354 311 2386; x_wconf 85' lang='lat' dir='ltr'>Orelli</span> 
     </span>
    </p>
   </div>
  </div>
 </body>
</html>
