1791 2796
603 204 715 241 EPP.
748 203 827 240 AD
857 202 1204 239 FAMILIARES
1516 200 1652 238 XV.v

239 322 337 353 state
361 315 469 365 quod
496 313 783 365 amplissimum
804 313 878 352 sim
904 312 1111 351 arbitratus
1138 319 1177 350 et
1204 312 1312 361 quod
1334 318 1374 349 tu
1395 309 1566 348 maluisti

240 381 384 418 factum
407 394 491 419 esse
511 381 691 430 gaudere.
751 380 850 417 Vale
871 386 909 417 et
929 392 1002 417 nos
1022 377 1141 427 dilige
1167 384 1205 415 et
1230 375 1409 414 instituto
1429 374 1568 414 itinere

239 445 484 485 severitatem
505 444 828 496 diligentiamque
849 443 964 482 sociis
986 450 1024 482 et
1044 442 1097 481 rei
1117 456 1152 493 p.
1176 449 1338 493 praesta.

281 598 349 633 VI
484 599 552 632 Ser.
577 599 784 641 Tarst'paulo
801 602 875 630 ante
892 598 927 629 1'1'1'
940 599 982 630 K.
1003 597 1091 629 Sext.
1112 609 1143 629 a.
1168 608 1226 638 704
1252 598 1328 639 (502

202 689 220 722 5
571 678 615 709 M.
643 677 819 708 CICERO
846 677 879 708 S.
910 677 948 708 D.
979 676 1022 708 M.
1051 676 1237 707 CATONI.

296 759 465 796 ‘Laetus
495 770 582 795 sum
612 754 762 793 laudari
793 756 879 802 mes
915 753 1042 804 inquit
1079 756 1241 800 Hector,
1278 752 1428 804 opinor,
1462 753 1568 803 apud
1588 761 1605 788 1

240 822 445 869 Naevium,
473 822 565 859 ‘abs
588 829 638 868 te,
665 828 783 871 pater,
808 834 830 858 a
850 821 1010 858 laudato
1037 818 1143 857 viro)
1202 821 1260 857 Ea
1280 826 1338 857 est
1358 817 1464 857 enim
1485 831 1570 868 pro-

239 890 343 927 fecto
382 887 556 925 iucunda
593 887 688 932 laus,
721 899 822 935 quae
856 885 906 923 ab
942 884 987 922 iis
1022 883 1290 935 proficiscitur,
1327 882 1395 934 qui
1426 882 1498 933 ipsi
1530 882 1569 920 in

237 955 354 992 laude
375 952 560 991 vixerunt.
604 953 689 1001 Ego
710 964 801 989 vero
822 951 881 989 vel
902 949 1160 1000 gratulatione
1180 949 1393 988 litterarum
1415 956 1569 987 tuarum

180 1033 220 1057 10
238 1020 299 1058 vel
334 1017 567 1057 testimoniis
606 1015 824 1054 sententiae
863 1015 992 1054 dictae
1027 1015 1122 1053 nibil
1157 1022 1216 1054 est
1249 1015 1358 1065 quod
1393 1028 1456 1053 me
1488 1028 1568 1053 non

237 1085 470 1123 adsecutum
500 1090 646 1133 putem,
671 1080 790 1130 idque
821 1080 918 1118 mihi
945 1094 1035 1118 cum
1065 1079 1351 1131 amplissimum
1380 1087 1463 1118 tum
1489 1093 1570 1130 gra-

238 1148 431 1188 tissimum
466 1155 534 1193 est,
570 1154 607 1185 te
642 1145 809 1185 libenter
843 1145 1038 1184 amicitiae
1077 1145 1234 1185 dedisse
1273 1146 1381 1196 quod
1417 1144 1569 1195 liquido

237 1213 387 1253 veritati
411 1215 534 1252 dares
596 1214 657 1258 Et,
680 1211 711 1249 si
739 1225 819 1250 non
846 1212 967 1250 modo
992 1225 1130 1250 omnes
1151 1220 1285 1250 verum
1310 1210 1428 1250 etiam
1457 1210 1569 1249 multi

238 1282 412 1320 Catones
441 1285 572 1317 essent
602 1277 641 1315 in
672 1277 828 1315 civitate
859 1285 1001 1323 nostra,
1037 1277 1075 1315 in
1110 1291 1189 1327 qua
1220 1290 1342 1315 unum
1375 1275 1568 1315 exstitisse

183 1359 217 1389 ¹5
238 1345 415 1384 mirabile
442 1352 511 1391 est,
535 1357 653 1394 quem
682 1357 755 1393 ego
780 1357 934 1381 currum
963 1351 1031 1381 aut
1057 1356 1175 1392 quam
1198 1344 1369 1381 lauream
1390 1355 1480 1380 cum
1503 1349 1570 1379 tua

237 1412 464 1451 laudatione
485 1412 702 1449 conferrem
723 1412 738 1448 ?
797 1411 899 1448 Nam
929 1410 979 1448 ad
1007 1422 1139 1447 meum
1161 1422 1319 1447 sensum
1342 1415 1380 1446 et
1400 1409 1450 1446 ad
1472 1407 1569 1445 illud

237 1477 432 1517 sincerum
462 1491 508 1516 ac
538 1476 680 1515 subtile
711 1475 900 1514 iudicium
933 1474 1029 1512 nihil
1060 1482 1189 1525 potest
1218 1487 1303 1512 esse
1333 1472 1569 1512 laudabilius

236 1557 355 1593 quam
377 1557 423 1582 ea
443 1551 509 1582 tua
529 1543 663 1589 oratio,
687 1557 789 1593 quae
806 1550 863 1581 est
885 1543 934 1580 ad
957 1555 1019 1579 me
1044 1539 1258 1590 perscripta
1277 1553 1300 1576 a
1319 1538 1416 1577 meis
1437 1551 1570 1577 neces-

237 1608 354 1647 sariis.
433 1610 511 1647 Sed
559 1622 718 1647 causam
758 1621 869 1646 meae
909 1604 1132 1651 voluntatis,
1173 1618 1253 1643 non
1293 1602 1398 1642 enim
1437 1602 1610 1641 dicamz

179 1689 219 1710 20
242 1673 512 1725 ‘cupiditatis‚'
528 1673 690 1725 exposui
712 1673 782 1712 tibi
804 1671 1069 1722 superioribus
1091 1669 1250 1715 litteris:
1280 1682 1381 1718 quae
1397 1667 1515 1707 etiarn
1537 1667 1568 1706 si

236 1752 373 1789 parum
401 1739 502 1778 iusta
527 1739 598 1778 tibi
625 1739 706 1778 visa
730 1747 799 1785 est,
826 1740 928 1776 hanc
955 1744 1087 1775 tamen
1115 1735 1234 1773 habet
1261 1734 1463 1780 rationem,
1486 1747 1567 1772 non

236 1812 278 1842 ut
317 1804 437 1849 nimis
473 1804 816 1855 concupiscendus
851 1805 978 1842 honos
1019 1802 1088 1840 sed
1129 1808 1270 1852 tamen,
1309 1799 1339 1837 si
1373 1800 1569 1838 deferatur

235 1883 259 1907 a
278 1878 427 1917 senatu,
450 1869 612 1908 minime
640 1870 909 1920 aspernandus
937 1881 1021 1906 esse
1046 1866 1233 1904 videatur.
1293 1866 1415 1915 Spero
1435 1872 1568 1903 autem

236 1933 346 1972 illurn
374 1935 552 1973 ordinem
584 1947 654 1984 pro
682 1934 778 1972 meis
806 1934 858 1972 ob
886 1947 966 1972 rem
995 1946 1030 1982 p.
1056 1930 1248 1980 susceptis
1277 1929 1477 1967 laboribus
1505 1942 1568 1967 me

179 2011 216 2043 25
237 2013 317 2038 non
356 1999 561 2050 indignum
596 2001 756 2045 honore,
795 1999 938 2036 usitato
972 1996 1211 2047 praesertim,
1244 1994 1564 2034 existimaturum.

238 2066 359 2113 Quod
380 2065 411 2103 si
432 2064 484 2103 ita
504 2064 584 2111 erit,
610 2072 761 2102 tantum
783 2078 829 2102 ex
851 2072 887 2102 te
909 2071 1011 2113 peto,
1032 2063 1139 2112 quod
1161 2060 1397 2100 amicissime
1418 2059 1565 2107 scribis,

236 2138 289 2176 ut,
331 2144 421 2168 cum
461 2137 530 2168 tuo
568 2129 716 2168 iudicio
755 2130 863 2179 quod
909 2127 1194 2178 amplissimum
1243 2140 1328 2165 esse
1372 2125 1566 2164 arbitraris

236 2194 332 2233 mihi
377 2194 566 2241 tribueris,
609 2194 640 2231 si
686 2193 726 2232 id
773 2194 882 2244 quod
927 2194 1102 2231 maluero
1145 2191 1340 2238 acciderit,
1381 2192 1563 2241 gaudeas.

236 2259 300 2298 Sic
329 2259 435 2298 enim
467 2259 604 2298 fecisse
636 2267 674 2297 te
705 2267 743 2297 et
775 2258 943 2297 sensisse
974 2266 1012 2296 et
1044 2257 1242 2307 scripsisse
1271 2256 1397 2303 video,
1427 2269 1566 2305 resque

177 2341 217 2371 30
236 2324 320 2376 ipsa
356 2326 528 2364 declarat
566 2324 636 2363 tibi
675 2324 785 2362 illum
825 2326 1016 2363 honorem
1056 2331 1234 2362 nostrum
1269 2320 1566 2372 supplicationis

283 2442 291 2460 ι
322 2429 384 2461 sim
402 2429 460 2460 ill:
486 2429 533 2460 sis
551 2428 671 2459 HFD:
696 2439 769 2459 sum
789 2427 823 2458 N
843 2426 1031 2467 I'Vcsenhct'g
1152 2436 1192 2456 22
1217 2425 1315 2456 nimis
1332 2428 1403 2456 vell.
1422 2436 1428 2455 t
1455 2424 1566 2454 minus

234 2473 324 2505 codd.
