1791 2796
180 575 196 606 5

164 899 200 921 10

168 1623 206 1645 20

172 2273 212 2304 30

579 173 689 210 EPP.
722 173 799 209 AD
832 172 1178 209 FAMILIARES*
1461 173 1570 211 XVI.
1590 172 1698 209 xxvi

261 281 414 316 XXVI
534 283 601 315 Ser.
624 284 688 313 loco
704 288 733 314 et
751 294 858 313 mense
876 283 988 312 inferlm
1006 295 1035 314 a.
1061 294 1116 322 7¹⁰
1151 286 1222 321 44‘.

527 354 725 394 QVtN'l‘VS
750 354 916 385 TIRONI
946 355 1034 385 SVO
1061 355 1095 385 Ι).
1127 357 1160 385 25.
1192 356 1231 385 1).

271 427 485 468 Verberavi
515 435 553 466 te
577 427 824 478 cogitationis
852 427 972 465 tacito
997 428 1199 465 dumtaxat
1225 427 1415 473 convicio,
1440 427 1548 477 quod
1569 434 1586 461 1

218 493 424 533 fasciculus
459 495 554 532 alter
585 494 636 531 ad
670 506 733 531 me
767 493 842 530 iam
879 492 962 530 sine
995 492 1070 530 tuis
1105 492 1239 530 litteris
1272 494 1442 542 perlatus
1478 500 1546 530 est.

221 561 314 599 Non
334 567 446 610 potes
468 559 636 609 effugere
660 558 775 596 huius
803 559 941 608 culpae
966 571 1135 608 poenam
1158 566 1196 596 te
1217 566 1383 608 patrono
1399 572 1409 605 5
1449 559 1550 596 Mar-

219 638 287 664 cus
321 632 378 663 est
412 623 674 671 adhibendus,
712 623 823 673 isque
863 622 930 662 diu
966 631 1003 661 et
1039 622 1170 661 multis
1209 622 1548 661 lucubrationibus

219 698 485 728 commentata
505 689 680 727 oratione
701 688 789 727 vide
807 697 847 727 ut
869 689 1034 739 probare
1056 688 1178 738 possit
1199 696 1237 727 te
1258 702 1339 726 non
1351 702 1545 739 peccasse.

220 757 340 794 Plane
361 763 398 793 te
426 768 530 805 rogo,
554 754 608 792 sic
638 762 679 793 ut
707 754 800 793 olim
833 763 995 792 matrem
1021 762 1194 792 nostram
1224 755 1350 792 facere
1375 753 1547 800 memini,
1568 765 1591 791 2

221 834 321 871 quae
342 822 502 871 lagonas
529 820 646 858 etiam
677 820 802 858 inanis
828 820 1073 870 obsignabat,
1098 834 1147 857 ne
1173 819 1394 858 dicerentur
1415 820 1549 857 inanes

221 885 373 935 aliquae
394 885 512 923 fuisse
533 897 634 934 quae
655 885 785 922 furtim
817 895 946 923 essent
977 885 1205 932 exsiccatae,
1230 885 1283 922 sic
1309 893 1350 922 tu
1375 884 1490 922 etiam
1520 884 1549 920 si

221 951 329 1001 quod
352 950 496 988 scribas
518 963 597 987 non
620 950 795 998 habebis,
820 950 978 988 scribito
1005 958 1149 997 tamen,
1178 964 1226 988 ne
1256 951 1398 988 furtum
1429 962 1550 987 cessa-

221 1015 338 1053 tionis
360 1015 597 1065 quaesivisse
622 1014 797 1053 ridearis.
859 1016 986 1053 Valde
1011 1014 1116 1053 enim
1143 1015 1195 1052 mi
1221 1028 1374 1064 semper
1400 1023 1436 1052 et
1465 1027 1552 1052 vera

221 1088 258 1119 et
280 1079 410 1118 dulcia
431 1080 506 1118 tuis
527 1080 701 1130 epistulis
723 1079 960 1119 nuntiantur.
1020 1082 1121 1118 Ama
1145 1093 1215 1117 nos
1237 1089 1271 1118 et
1295 1081 1388 1118 vale.

267 1197 446 1232 XXVII
508 1199 579 1231 Scr.
601 1201 664 1231 loco
680 1202 796 1231 incesto
811 1211 860 1231 ex.
884 1211 928 1231 m.
950 1199 1025 1231 Dec.
1047 1210 1077 1232 a.
1101 1210 1157 1239 710
1178 1201 1263 1240 (44⁸.

511 1271 552 1310 Ω.
581 1271 756 1302 CICERO
782 1270 947 1302 TIRONI
975 1271 1063 1302 SVO
1090 1271 1123 1303 S.
1153 1271 1189 1303 P.
1220 1272 1260 1303 D.

280 1345 489 1384 Mirificam
521 1345 573 1383 mi
605 1344 915 1383 verberationem
942 1343 1171 1382 cessationis
1197 1343 1362 1394 epistula
1383 1344 1525 1383 dedisti
1544 1352 1589 1392 31

225 1425 315 1450 nam
347 1425 447 1462 quae
478 1410 630 1461 parcius
662 1411 777 1448 frater
805 1409 1079 1459 perscripserat
1112 1409 1348 1448 verecundia
1372 1409 1553 1448 videlicet

225 1487 262 1515 et
294 1477 578 1527 properatione,
613 1489 659 1514 ea
692 1483 734 1513 tu
769 1474 852 1513 sine
885 1474 1159 1513 adsentatione
1194 1483 1235 1512 ut
1267 1483 1375 1513 erant
1410 1476 1460 1513 ad
1493 1488 1555 1512 me

226 1542 422 1592 scripsisti,
450 1551 489 1580 et
519 1540 686 1579 maxime
717 1541 766 1578 de
796 1553 893 1578 coss.
927 1540 1149 1590 designatis,
1175 1553 1274 1589 quos
1299 1554 1372 1589 ego
1399 1540 1554 1590 penitus

227 1608 315 1645 novi
350 1607 558 1645 libidinum
593 1615 631 1644 et
661 1606 855 1656 languoris
889 1605 1210 1644 effeminatissimi
1242 1605 1359 1643 animi
1392 1607 1554 1655 plenos:

227 1673 293 1723 qui
330 1673 402 1711 nisi
430 1686 452 1710 a
481 1671 756 1722 gubernaculis
786 1671 1024 1717 recesserint,
1051 1670 1262 1708 maximum
1294 1671 1343 1708 ab
1373 1670 1554 1708 universo

226 1738 427 1789 naufragio
447 1738 663 1788 periculum
686 1745 753 1775 est.
808 1737 1045 1775 Incredibile
1067 1745 1134 1782 est,
1152 1750 1253 1786 quae
1273 1750 1345 1786 ego
1367 1736 1452 1775 illos
1473 1736 1554 1776 scio
1573 1746 1597 1774 2

227 1802 640 1853 oppositisGallorum
669 1803 802 1841 castris
824 1803 862 1840 in
887 1801 1042 1840 aestivis
1071 1801 1218 1847 secisse,
1241 1809 1340 1850 quos
1361 1801 1424 1840 ille
1445 1803 1552 1848 latro,

227 1868 299 1906 nisi
321 1868 469 1918 aliquid
491 1868 638 1906 firmius
667 1868 789 1915 suerit,
815 1867 1001 1906 societate
1032 1866 1414 1905 vitiorumdelenict.
1476 1868 1556 1904 Res

188 1948 202 1978 ,-
228 1942 285 1971 est
305 1941 371 1970 aut
393 1933 609 1971 tribuniciis
631 1941 695 1970 aut
718 1932 874 1982 privatis
903 1931 1076 1970 consiliis
1102 1930 1340 1971 munienda:
1383 1944 1472 1968 nam
1495 1931 1555 1968 isti

228 2000 308 2036 duo
330 1998 391 2036 vix
418 2006 508 2036 sunt
533 1997 639 2047 digni
665 1997 808 2047 quibus
835 1997 942 2035 alteri
975 1998 1206 2042 Caesenam,
1232 1995 1340 2033 alteri
1362 1995 1558 2034 Cossutia-

229 2077 366 2102 narum
388 2063 636 2105 tabernarum
660 2063 915 2100 fundamenta
938 2062 1084 2099 credas.
1145 2062 1215 2107 Te,
1241 2069 1280 2098 ut
1302 2059 1391 2106 dixi,
1415 2060 1496 2098 fero
1516 2061 1556 2098 in

229 2127 363 2166 oculis.
416 2128 502 2177 Ego
522 2140 590 2164 vos
611 2140 643 2164 a.
668 2128 704 2164 d.
730 2139 774 2164 111
800 2129 848 2164 K.
869 2126 1013 2164 videbo
1035 2134 1203 2175 tuosque
1225 2126 1371 2171 oculos,
1388 2124 1502 2162 etiam
1526 2125 1554 2162 si

229 2202 267 2231 te
300 2191 459 2230 veniens
495 2192 532 2229 in
566 2191 698 2230 medio
730 2193 815 2230 foro
853 2191 998 2237 videro,
1041 2190 1291 2229 dissaviabor.
1354 2191 1421 2228 Me
1455 2203 1552 2228 ama.

231 2259 338 2295 Vale.

276 2356 297 2386 9
322 2345 460 2384 lagonas
489 2344 546 2375 M:
580 2343 740 2384 lagoenas
766 2343 861 2375 HD:
896 2342 1056 2382 laogenas
1074 2341 1107 2372 F
1240 2353 1282 2373 20
1305 2342 1406 2373 animi
1432 2353 1496 2373 om.
1522 2340 1558 2371 D

232 2388 363 2419 Ernesti
376 2388 532 2418 Be'iclieler
627 2397 668 2418 22
691 2388 762 2418 scio
780 2385 875 2417 MD:
900 2397 966 2417 om.
988 2386 1074 2417 HF:
1098 2386 1199 2416 sciam
1222 2384 1409 2425 Il'esenbmg
1516 2396 1556 2424 27

233 2433 303 2463 fero
321 2433 353 2463 in
371 2432 477 2462 oculis
492 2431 624 2462 Ernesti
638 2430 801 2469 Biicln·ler‚
821 2430 859 2471 cs.
881 2429 920 2469 Q.
943 2430 998 2461 Fr.
1020 2430 1066 2460 iii.
1093 2440 1118 2460 1.
1135 2440 1155 2468 9
1171 2442 1177 2460 :
1200 2441 1266 2460 0111.
1289 2430 1320 2458 in
1337 2428 1427 2461 codd.
1517 2439 1559 2468 29

232 2476 464 2507 dissuaviabor
479 2478 550 2507 vett.
574 2472 761 2516 Wesenberg
848 2484 901 2505 me
918 2484 993 2505 ama
1010 2478 1044 2504 et
1060 2473 1131 2504 vale
1149 2472 1183 2503 D
1203 2471 1391 2513 lVesenberg
