1791 2796
96 156 203 192 XIV.
225 154 252 190 ii
615 152 669 188 M.
703 151 870 207 TVLLI
904 151 1211 189 CICERONIS

243 272 353 313 ptum
386 262 535 308 attinet,
567 261 652 299 sine
681 261 788 307 alios,
822 261 887 311 qui
916 268 1080 311 possunt
1110 261 1140 298 si
1166 263 1289 300 modo
1319 264 1468 309 volunt,
1500 276 1580 301 sus-

243 328 366 366 tinere
405 337 442 365 et
482 327 747 365 valetudinem
784 326 897 365 istam
932 326 1138 374 infirmam,
1175 327 1205 365 si
1245 341 1309 366 me
1346 342 1466 375 amas,
1498 328 1578 366 noli

244 408 390 432 vexare.
454 395 557 432 Nam
594 393 688 431 mihi
723 400 815 431 ante
854 394 990 431 oeulos
1023 393 1107 431 dies
1145 400 1363 442 noctesque
1392 395 1578 443 versaris;

244 459 373 497 omnis
401 459 554 498 labores
580 466 617 496 te
642 458 820 509 excipere
844 458 985 505 vide03
1015 458 1136 496 timeo
1165 465 1208 496 ut
1237 458 1440 498 sustineas.
1500 462 1578 499 Sed

244 525 360 563 ‘video
382 525 420 562 in
443 532 479 563 te
501 538 586 563 esse
607 524 750 562 onmia.
812 525 903 573 Qua
923 537 973 570 re,
997 531 1040 562 ut
1067 522 1107 562 id
1128 525 1237 574 quod
1258 537 1390 574 Speras
1410 532 1448 563 et
1470 527 1577 576 quod
1599 543 1614 571 ς,

197 604 223 640 4
242 590 322 640 agis
353 603 653 640 consequamur,
678 589 774 628 servi
806 588 1031 628 valetudini.
1093 590 1178 639 Ego
1206 590 1258 628 ad
1285 603 1385 640 quos
1410 590 1576 628 scribam

242 656 386 703 nescio,
424 656 496 694 nisi
536 657 586 694 ad
622 668 689 694 eos
728 655 794 705 qui
830 656 880 694 ad
916 669 978 693 me
1012 654 1198 702 scribunt,
1234 662 1301 693 aut
1339 656 1389 694 ad
1422 669 1489 694 eos
1528 657 1577 694 de

241 721 385 771 quibus
412 723 462 760 ad
492 735 555 760 me
582 734 650 759 vos
681 720 830 771 aliquid
861 720 1038 759 scribitis
1100 719 1286 770 Longius,
1308 720 1496 771 quoniam
1525 721 1577 760 ita

241 787 353 825 vobis
389 789 526 838 placet,
565 801 644 825 non
677 787 908 833 (liscedam3
951 788 1019 825 sed
1052 786 1168 824 velim
1200 801 1318 837 quam
1350 786 1577 837 saepissime

241 853 386 891 litteras
416 853 586 900 mittatis,
620 852 846 903 praesertim
878 852 907 890 si
936 852 1031 902 quid
1062 860 1120 890 est
1147 852 1295 890 firmius
1316 853 1424 902 quod
1452 866 1577 903 spere·
1602 868 1638 889 ιο

242 933 338 956 mus.
400 921 547 965 Videte,
587 932 673 957 mea
711 918 916 964 desideria,
959 919 1093 956 valete.
1157 919 1203 955 1).
1240 931 1272 955 a.
1307 919 1343 956 d.
1383 930 1427 956 111
1470 920 1573 957 Non.

241 985 328 1021 Oet.
353 984 645 1023 Thvssalonica.

284 1198 355 1232 ῙῙῙ
545 1200 613 1234 Ser.
630 1201 819 1242 Dyrrlmcln'
829 1207 879 1243 pr.
897 1201 938 1234 K.
960 1201 1035 1234 Drc.
1057 1212 1087 1234 a.
1109 1202 1174 1244 696
1193 1202 1274 1244 (58).

328 1289 521 1320 TVLLIVS
549 1290 581 1321 S.
612 1290 652 1321 D.
682 1290 952 1321 TERENTIAE
979 1290 1098 1321 SVAE
1125 1291 1182 1322 ET
1205 1290 1405 1323 TVLLIAE
1431 1291 1489 1323 ET

786 1351 1027 1383 CICERONI.
1413 1360 1415 1362 '
1597 1357 1632 1389 15

204 1453 219 1480 1
294 1439 440 1489 Accepi
480 1439 531 1477 al)
570 1439 802 1478 Aristocrito
836 1440 902 1478 tris
935 1441 1131 1490 epistulas,
1168 1455 1265 1492 quas
1300 1455 1372 1492 ego
1406 1441 1573 1480 lacrimis

240 1518 360 1555 prope
392 1504 518 1543 delevi
534 1520 543 1553 3
584 1505 773 1543 conficior
802 1505 907 1543 enim
939 1519 1123 1554 maerore,
1156 1520 1243 1545 mea
1272 1506 1467 1553 Terentia,
1499 1520 1572 1544 nec

240 1583 349 1608 meae
371 1584 433 1608 me
465 1569 642 1608 miseriae
670 1570 792 1621 magis
818 1571 1040 1609 excruciant
1062 1584 1180 1621 quam
1206 1580 1296 1610 tuae
1316 1580 1544 1621 vestraeque
1564 1586 1571 1616 3

237 1649 310 1684 ego
336 1644 466 1673 autem
495 1636 571 1673 hoe
602 1635 777 1674 miserior
806 1646 893 1674 suni·
914 1649 1033 1686 quam
1060 1644 1113 1684 tu,
1145 1650 1246 1686 quae
1273 1650 1314 1675 es
1345 1636 1568 1682 miserrima,

237 1701 345 1749 quod
377 1700 459 1750 ipsa
489 1700 690 1739 calamitas
721 1700 944 1739 communis
972 1708 1030 1740 est
1055 1701 1257 1751 utriusque
1282 1710 1470 1749 nostrum,
1500 1703 1569 1739 sed
1591 1718 1631 1740 20

237 1767 351 1815 culpa
384 1779 470 1804 mea
502 1766 657 1816 propria
686 1775 754 1805 est.
817 1768 954 1805 Meum
985 1767 1056 1805 fuit
1085 1767 1257 1805 officium
1287 1769 1348 1806 vel
1377 1766 1570 1817 legatione

238 1830 356 1868 vitare
378 1831 594 1881 perieulum
616 1833 675 1869 vel
698 1831 900 1881 diligentia
927 1839 964 1870 et
991 1831 1115 1882 copiis
1145 1832 1321 1870 resistere
1350 1834 1410 1870 vel
1431 1833 1570 1870 cadere

239 1895 395 1933 sortiter.
458 1897 551 1934 Hoc
587 1896 774 1943 miserius,
800 1897 959 1947 turpius,
987 1896 1186 1946 indignius
1215 1896 1330 1935 nobis
1360 1897 1456 1935 nihil
1486 1897 1566 1935 fuit.

195 1975 218 2001 2
239 1962 328 2009 Qua
346 1975 383 1998 re
405 1975 494 1999 cum
517 1962 654 2000 dolore
674 1962 862 2000 conficior
883 1970 965 2000 tum
988 1963 1104 2001 etiam
1122 1963 1272 2013 pudore
1287 1977 1297 2010 ,·
1326 1963 1448 2013 pudet
1464 1962 1568 2001 enim

239 2038 300 2062 me
341 2026 447 2063 uxori
488 2040 599 2065 meae
639 2027 823 2077 optimae,
865 2027 1103 2066 suavissimis
1142 2027 1272 2066 liberis
1311 2027 1491 2066 virtutem
1531 2036 1568 2066 et
1590 2046 1627 2079 25

236 2089 478 2139 diligentiam
515 2105 594 2129 non
635 2092 881 2142 praestitisse.
945 2094 1048 2131 Nam
1089 2093 1141 2131 mi
1180 2100 1271 2131 ante
1310 2094 1445 2131 oculos
1484 2093 1568 2131 dies

237 2163 452 2206 noctesque
482 2165 654 2195 versatur
694 2160 851 2208 squalor
882 2166 1007 2197 vester
1041 2166 1079 2196 et
1111 2171 1262 2197 maeror
1295 2166 1333 2196 et
1366 2158 1568 2196 infirmitas

237 2220 468 2259 valetudinis
503 2230 603 2269 tuae,
646 2236 733 2273 spes
773 2231 904 2261 autem
939 2223 1072 2261 salutis
1107 2222 1304 2273 pertenuis
1335 2223 1566 2261 ostenditur.

237 2285 390 2324 Inimici
413 2294 502 2325 sunt
525 2286 646 2334 multi,
665 2287 783 2326 invidi
802 2301 927 2338 paene
947 2302 1085 2327 omnes
1103 2303 1113 2336 3
1142 2288 1266 2327 eicere
1287 2301 1359 2326 nos
1381 2301 1565 2338 magnum

595 2402 612 2431 7
639 2390 778 2422 alterum
796 2392 836 2422 ad
855 2402 914 2422 cos
930 2392 996 2422 secl.
1021 2390 1211 2433 PVe‘senberg
