1791 2796
611 489 783 527 LIBER
813 489 949 538 QVIN
958 490 1061 528 TVS

230 604 334 654 AD
385 604 463 653 O..
499 604 908 651 METELLVM
962 605 1055 652 ET
1109 604 1446 653 CETEROS

392 655 429 666 Ν

217 764 240 798 Ι
516 765 586 797 Ser.
607 766 641 796 in
661 764 767 795 Gallia
786 776 828 796 m.
849 765 921 796 Ian.
942 776 971 796 a.
994 766 1057 806 692
1076 766 1157 807 (62).

215 843 255 883 Q.
282 842 522 873 METELLVS
548 842 588 881 Q.
618 842 653 874 F.
681 841 834 872 CELER
861 841 1057 874 PROCOS.
1087 842 1120 873 S.
1152 843 1191 874 D.
1222 842 1264 875 M.
1293 842 1463 874 TVLLIO

714 897 951 928 CICERONI.

227 978 267 1015 Si
282 977 562 1023 vales,benest.
614 975 886 1014 Existimaram
908 989 978 1025 pro
1000 984 1138 1015 mutuo
1158 976 1258 1015 inter
1277 990 1349 1015 nos
1370 977 1503 1015 animo
1524 985 1540 1011 1

136 1058 153 1090 5
173 1052 211 1082 et
241 1056 312 1093 pro
345 1041 595 1080 reconciliata
627 1041 749 1091 gratia
779 1054 852 1080 nec
886 1042 1091 1080 absentem
1123 1056 1179 1079 me
1212 1056 1236 1080 a
1268 1048 1301 1080 te
1333 1042 1504 1081 ludibrio

172 1110 321 1147 laesum
361 1107 404 1145 iri
443 1120 516 1145 nec
557 1108 763 1145 Metellum
809 1108 964 1145 fratrem
1008 1108 1061 1145 ob
1100 1106 1251 1146 dictum
1293 1107 1420 1157 capite
1458 1121 1504 1146 ae

173 1172 336 1211 fortunis
367 1185 436 1222 per
473 1179 511 1209 te
549 1179 820 1221 oppugnatum
855 1170 909 1208 iri.
972 1172 1103 1220 Quem
1139 1172 1169 1209 si
1201 1185 1338 1222 parum
1377 1174 1505 1222 pudor

173 1238 293 1288 ipsius
323 1237 574 1283 defendebat,
595 1236 766 1274 debebat
787 1237 846 1273 vel
877 1235 1046 1274 familiae
1075 1244 1231 1275 nostrae
1255 1237 1423 1287 dignitas
1444 1239 1504 1275 vel

174 1316 306 1342 meum
336 1302 509 1340 studium
539 1314 629 1351 erga
649 1314 717 1339 vos
746 1314 908 1351 remque
937 1301 1136 1351 publicam
1168 1301 1258 1340 satis
1289 1303 1501 1341 sublevare.

115 1385 154 1407 10
174 1370 292 1407 Nunc
321 1367 437 1406 video
466 1367 576 1404 illurn
611 1366 935 1409 circumventum,
968 1380 1030 1405 me
1060 1368 1272 1415 desertum,
1305 1381 1328 1405 a
1362 1367 1505 1417 quibus

173 1433 335 1472 minime
355 1432 626 1471 conveniebat.
688 1433 827 1482 Itaque
857 1432 896 1469 in
922 1433 1029 1470 luctu
1053 1441 1091 1471 et
1116 1434 1296 1482 squalore
1316 1445 1414 1479 sum,
1438 1433 1504 1483 qui
1528 1448 1541 1468 2

173 1498 405 1550 provinciae,
430 1498 497 1548 qui
524 1498 708 1537 exercitui
735 1512 928 1549 praesum,
953 1498 1019 1549 qui
1050 1499 1198 1536 bellum
1226 1511 1329 1548 gero.
1391 1498 1504 1546 Quae

174 1564 361 1615 quoniam
401 1577 474 1603 nec
512 1564 662 1603 ratione
701 1578 774 1603 nee
814 1565 1006 1603 maiorum
1042 1572 1264 1602 nostrorum
1296 1563 1506 1602 clementia

173 1631 483 1679 administrastis,
515 1645 595 1670 non
630 1631 701 1670 erit
730 1630 964 1676 mirandum,
999 1629 1029 1667 si
1058 1642 1127 1667 vos
1162 1628 1386 1678 paenitebit.
1446 1629 1506 1666 Te

115 1710 151 1741 15
174 1705 253 1735 tam
275 1697 410 1735 mobili
431 1696 471 1735 in
493 1710 556 1734 me
576 1709 765 1746 meosque
786 1708 870 1733 esse
897 1694 1030 1732 animo
1051 1707 1131 1732 non
1159 1693 1374 1744 sperabam.
1436 1694 1506 1731 Me

173 1758 319 1801 interea
348 1775 421 1800 nee
451 1761 692 1800 domesticus
722 1761 835 1798 dolor
865 1772 937 1798 nee
967 1759 1199 1808 cuiusquam
1229 1757 1368 1796 inluria
1391 1757 1441 1796 ab
1465 1771 1505 1796 re

173 1841 207 1878 p.
231 1828 411 1866 abducet.
432 1847 436 1850 f

217 1962 265 1996 ῙῙ
353 1964 421 1995 Ser.
444 1964 572 1994 Romae
586 1963 636 1994 vel
651 1974 694 1995 ex.
718 1974 763 1995 m.
782 1962 853 1994 Ian.
873 1963 923 1994 vel
937 1963 981 1994 in.
1002 1961 1091 1994 Febr.
1110 1973 1140 1993 a.
1163 1963 1224 2003 692
1243 1962 1326 2002 (62).

220 2041 262 2073 M.
291 2041 483 2072 TVLLIVS
511 2041 553 2073 M.
583 2041 616 2073 F.
644 2040 818 2072 CICERO
844 2040 884 2079 Q.
914 2039 1199 2079 METELLO—Q.
1226 2039 1260 2071 F.
1288 2039 1458 2071 CELERI

115 2099 155 2120 ²0
674 2094 869 2126 PROCOS.
899 2095 932 2126 S.
962 2095 1001 2127 D.

227 2175 266 2213 Si
305 2182 345 2212 tu
385 2174 653 2224 exercitusque
692 2173 836 2219 valetis,
871 2174 1019 2212 benest.
1080 2172 1224 2211 Scribis
1258 2173 1308 2210 ad
1343 2185 1405 2211 me
1440 2176 1538 2211 ‘tel

173 2239 412 2277 existimasse
432 2252 502 2288 pro
530 2246 667 2276 mutuo
696 2238 795 2276 inter
824 2251 895 2275 nos
925 2238 1058 2276 animo
1088 2246 1125 2276 et
1155 2250 1225 2288 pro
1252 2237 1502 2276 reconciliata

172 2304 292 2355 gratia
313 2316 530 2354 numquam
557 2312 594 2342 te
618 2317 640 2342 a
665 2317 727 2341 me
750 2302 920 2342 ludibrio
949 2304 1098 2340 laesum
1122 2302 1190 2339 iri.’
1248 2302 1369 2350 Quod
1391 2301 1500 2339 cuius

217 2401 237 2429 5
260 2391 434 2421 absentem
455 2389 503 2421 G:
528 2395 578 2420 —te
595 2388 668 2420 MR
756 2400 810 2420 me
827 2400 845 2420 a
861 2394 895 2420 te
912 2388 987 2420 add.
1013 2388 1201 2429 Wesenberg
1378 2397 1418 2427 13
1441 2398 1499 2419 no-

173 2439 318 2465 strorum
337 2433 383 2466 G:
408 2439 560 2464 nostrum
577 2432 651 2464 MR
786 2442 823 2472 15
848 2442 1020 2472 speraram
1042 2431 1231 2472 lVesenberg

217 2487 279 2508 cxc.
301 2487 347 2508 AD
366 2487 447 2510 FAM.
1394 2475 1414 2505 8
