1791 2796
578 172 688 208 EPP.
723 172 798 207 Al)
833 172 1176 208 FAMILIARES
1427 171 1544 208 XIII.
1564 169 1687 206 lxxiii

212 288 330 330 atque
360 280 477 319 etiam
508 289 600 332 peto
629 288 671 319 ut
701 280 782 319 eius
810 280 920 327 filios,
949 280 1014 330 qui
1048 280 1087 318 in
1118 288 1184 319 tua
1215 288 1408 332 potestate
1433 288 1539 327 sunt,

215 345 309 383 mihi
350 345 597 395 potissimum
632 347 846 393 condones,
884 345 957 383 nisi
991 345 1086 396 quid
1122 345 1318 384 existimas
1353 345 1391 383 in
1425 359 1469 384 ea
1502 359 1541 383 re

214 409 347 448 violari
368 410 698 449 existimationem
725 419 843 449 tuam.
905 412 1027 459 Quod
1049 425 1123 461 ego
1144 411 1173 449 si
1195 411 1408 457 arbitrarer,
1433 423 1542 448 num-

214 489 331 525 quam
359 483 397 513 te
426 489 601 525 rogarem
630 475 804 526 mihique
835 484 901 513 tua
928 477 1031 513 fama
1062 477 1185 514 multo
1214 475 1411 526 antiquior
1440 483 1542 513 esset

176 555 191 585 5
214 554 331 590 quam
363 540 427 578 illa
456 540 705 579 necessitudo
731 548 788 579 est
803 555 812 588 v;
857 542 925 578 sed
949 540 1043 578 mihi
1069 540 1121 578 ita
1151 541 1368 590 persuadeo
1396 540 1542 591 (potest

214 604 293 643 fieri
321 612 363 643 ut
390 605 514 655 fallar)
543 619 629 643 eam
654 619 734 643 rem
757 605 861 644 laudi
886 605 955 644 tibi
977 605 1106 656 potius
1128 619 1246 655 quarn
1268 605 1541 655 vituperationi

214 671 303 707 fore.
378 669 486 719 Quid
519 669 599 708 fleri
631 670 752 720 possit
787 679 825 709 et
856 670 952 720 quid
988 684 1074 709 mea
1108 685 1225 709 causa
1260 672 1384 709 facere
1419 670 1543 721 possis

213 739 321 782 (nam
349 734 444 784 quin
472 735 565 773 velis
596 749 675 773 non
706 734 863 785 dubito)
891 735 1019 783 velim,
1047 736 1078 774 si
1109 735 1178 775 tibi
1205 749 1319 786 grave
1349 749 1428 774 non
1459 735 1540 782 erit,

212 799 416 838 certiorem
439 814 501 838 me
522 799 650 839 facias.

156 978 192 999 10
256 970 443 1005 LXXIV
550 974 620 1005 Scr·
642 974 770 1005 Roman·
786 974 852 1006 coel.
871 978 965 1015 lcmp.
985 985 1048 1014 qno
1064 979 1109 1015 cp.
1126 974 1204 1005 xliv.

449 1056 492 1088 Μ.
519 1057 694 1088 CICERO
719 1057 760 1096 Q.
790 1056 1012 1088 PHILIPPO
1040 1056 1237 1088 PROCOS.
1267 1056 1302 1087 S.

267 1140 349 1179 Etsi
371 1155 451 1180 non
472 1141 611 1180 dubito
633 1155 701 1191 pro
727 1149 792 1179 tua
813 1140 852 1178 in
881 1154 943 1179 me
967 1139 1214 1179 observantia
1242 1153 1390 1191 proque
1411 1148 1543 1178 nostra

211 1205 501 1245 necessitudine
515 1205 610 1256 quin
631 1205 1020 1245 commendationem
1036 1219 1164 1244 meam
1186 1204 1377 1244 memoria
1396 1212 1539 1252 teneas,

212 1279 341 1310 tamen
364 1271 480 1310 etiam
495 1279 613 1322 atque
635 1271 751 1310 etiam
766 1272 938 1310 eundem
956 1270 1027 1309 tibi
1044 1273 1086 1309 L.
1105 1270 1291 1321 Oppium,
1311 1269 1540 1308 familiarem

153 1348 188 1378 15
212 1350 353 1383 meum,
377 1344 621 1386 praesentem
643 1344 681 1375 et
703 1338 745 1374 L.
772 1335 924 1386 Egnati,
948 1335 1235 1374 familiarissimi
1257 1334 1346 1382 mei,
1368 1334 1541 1373 absentis

209 1401 365 1451 negotia
397 1402 647 1440 commendo.
707 1403 836 1439 Tanta
867 1400 963 1439 mihi
998 1414 1088 1439 cum
1120 1415 1168 1439 eo
1201 1399 1452 1439 necessitudo
1484 1407 1542 1438 est

213 1467 541 1518 familiaritasque,
575 1475 617 1506 ut
648 1467 678 1505 si
710 1481 797 1506 mea
827 1480 886 1505 res
916 1474 1018 1505 esset
1047 1479 1127 1504 non
1159 1465 1280 1516 magis
1310 1465 1538 1504 laborarem.

211 1533 462 1583 Quapropter
495 1532 754 1583 gratissimum
790 1531 886 1570 mihi
921 1530 1068 1579 feceris,
1105 1531 1136 1569 si
1167 1530 1311 1569 curaris
1345 1538 1387 1568 ut
1421 1529 1452 1567 is
1487 1529 1542 1567 in-

210 1599 365 1647 tellegat
387 1611 449 1636 me
464 1611 487 1635 a
507 1605 544 1636 te
566 1605 717 1636 tantum
738 1596 859 1636 amari
880 1604 1071 1646 quantum
1093 1595 1176 1646 ipse
1196 1594 1386 1634 existimo.
1446 1596 1540 1633 Hoc

151 1672 190 1694 20
211 1662 305 1700 mihi
326 1662 470 1713 gratius
487 1664 612 1701 facere
628 1662 723 1701 nihil
747 1670 868 1714 potes,
888 1661 1008 1712 idque
1033 1668 1075 1700 ut
1091 1660 1208 1700 facias
1229 1668 1267 1700 te
1287 1661 1540 1700 vehementer

209 1741 313 1777 rogo.

253 1881 418 1917 LXXV
464 1885 531 1917 Scr.
548 1885 675 1916 Romae
688 1886 734 1916 vel
747 1896 795 1917 cx.
812 1896 843 1916 a.
863 1896 919 1934 792
939 1885 1003 1925 ζμ)
1019 1884 1119 1915 velia.
1135 1894 1167 1915 a.
1184 1893 1238 1923 705
1252 1883 1327 1924 σι).

449 1968 494 2000 Μ.
521 1969 696 2000 CICERO
719 1969 758 2000 T.
784 1969 909 2000 TITIO
935 1969 972 1999 T.
1004 1968 1038 2000 F.
1065 1967 1164 1999 LEG.
1192 1967 1225 1999 S.
1255 1967 1296 1997 D.

266 2045 349 2085 Etsi
379 2060 459 2084 non
489 2046 629 2085 dubito
659 2046 754 2097 quin
778 2047 884 2096 apud
910 2054 946 2084 te
972 2059 1059 2084 mea
1088 2043 1383 2084 commendatio
1413 2043 1537 2094 prima
1556 2053 1573 2081 1

150 2124 189 2156 25
211 2111 303 2149 satis
323 2113 459 2158 valeat,
483 2119 614 2150 tamen
636 2111 833 2162 obsequor
853 2110 1005 2149 homini
1026 2109 1337 2157 familiarissimo,
1362 2110 1405 2149 C.
1425 2108 1538 2146 Avia-

211 2175 278 2215 nio
303 2177 456 2223 Flacco,
480 2175 590 2214 cuius
620 2190 737 2214 causa
761 2175 895 2214 omnia
920 2189 1010 2214 cum
1041 2175 1158 2225 cupio
1187 2183 1269 2213 tum
1297 2188 1358 2213 me
1379 2175 1537 2212 hercule

209 2240 326 2279 etiam
359 2241 497 2279 debeo.
560 2243 620 2279 De
655 2254 734 2290 quo
766 2248 803 2279 et
842 2254 1025 2290 praesens
1058 2248 1187 2279 tecum
1220 2239 1279 2290 egi
1318 2239 1533 2290 diligenter,

210 2320 299 2344 cum
326 2314 366 2344 tu
399 2305 492 2343 mihi
524 2305 805 2344 humanissime
836 2305 1082 2356 respondisti,
1106 2314 1144 2344 et
1174 2305 1309 2355 scripsi
1339 2306 1390 2343 ad
1421 2312 1457 2342 te
1478 2318 1538 2341 ac-

210 2379 340 2409 curate
379 2379 518 2411 antea:
566 2372 635 2409 scd
674 2379 784 2421 putat
823 2371 1008 2409 interesse
1043 2385 1113 2409 sua
1152 2384 1214 2408 me
1252 2371 1302 2408 ad
1343 2377 1379 2407 te
1418 2382 1537 2418 quam

151 2452 191 2482 30
211 2434 436 2485 saepissime
461 2435 639 2475 scribere.
700 2437 789 2485 Qua
819 2450 858 2475 re
888 2435 1004 2475 velim
1033 2435 1128 2474 mihi
1156 2435 1345 2486 ignoscas,
1377 2433 1409 2471 si
1436 2426 1537 2471 illius
