1791 2796
582 142 692 180 EPP.
727 143 803 179 AD
836 142 1182 179 FAMILIARES
1418 142 1535 179 XIII.
1557 139 1689 181 xxxiii

261 280 463 315 XXXIII
548 281 618 314 Ser.
637 281 776 320 Romae,
795 285 833 313 nt
847 282 983 319 wdetun
1002 293 1031 313 a.
1055 284 1116 322 708
1133 283 1218 322 (463.

506 359 679 391 CICERO
701 359 868 390 ACILIO
892 359 1199 391 PROCONSI'LI
1219 360 1253 391 S.

270 448 342 488 Cn.
380 448 550 488 Otacilio
582 450 744 488 Nasone
775 456 863 487 utor
896 449 1205 497 familiarissime,
1235 449 1286 488 ita
1318 462 1473 500 prorsus
1505 456 1547 488 ut

214 514 316 552 illius
348 514 496 553 ordinis
524 515 631 553 nullo
659 514 884 553 familiarius
900 529 909 562 3
939 528 1029 553 nam
1058 522 1095 553 et
1126 515 1369 554 humanitate
1396 515 1479 554 eius
1508 521 1546 553 et

178 596 194 627 5
214 579 408 630 probitate
429 580 468 618 in
496 580 784 619 consuetudine
814 580 1012 619 cotidiana
1043 594 1186 632 magno
1210 594 1328 631 opere
1357 582 1542 620 delector.

216 644 324 683 Nihil
355 645 432 683 iam
463 658 561 696 opus
592 653 649 684 est
679 654 904 696 exspectare
934 654 972 685 te
1006 646 1150 696 quibus
1185 660 1275 685 eum
1309 646 1436 685 verbis
1471 646 1544 684 tibi

216 711 508 757 commendem,
541 724 621 761 quo
660 711 715 749 sic
750 719 835 750 utar
867 719 908 749 ut
940 711 1085 762 scripsi.
1149 712 1283 751 Habet
1318 711 1349 749 is
1385 711 1423 749 in
1459 725 1543 762 pro-

215 775 342 814 vincia
373 784 440 814 tua
474 776 640 826 negotia,
674 790 774 827 quae
809 784 1018 827 procurant
1056 777 1194 824 liberti,
1229 776 1401 824 Hilarus,
1433 777 1543 815 Anti-

214 854 351 891 gonus,
384 843 657 880 Demostratus
673 857 681 889 ;
716 855 816 892 quos
844 842 914 880 tibi
946 842 1182 892 negotiaque
1208 842 1342 880 omnia
1371 842 1541 880 Nasonis

156 922 196 946 10
214 920 295 945 non
316 920 428 945 secus
449 909 689 946 commendo
716 921 762 946 ac
783 907 813 945 si
836 921 922 946 mea
943 915 1083 946 essent.
1145 907 1418 946 Gratissimum
1446 908 1541 945 mihi

214 972 361 1019 feceris,
385 972 415 1010 si
436 972 662 1011 intellexero
684 975 786 1011 hanc
808 973 1196 1012 commendationem
1222 987 1408 1023 magnum
1434 975 1540 1024 apud

213 1046 251 1076 te
272 1039 428 1089 pondus
450 1039 644 1078 habuisse.
705 1040 813 1078 Vale.

255 1197 451 1232 XXXIV
541 1200 610 1233 Ser.
632 1200 771 1241 Romae,
790 1205 827 1232 ut
842 1201 975 1240 videtur,
994 1211 1023 1233 a.
1045 1203 1107 1241 708
1125 1202 1210 1242 (46).

505 1277 675 1308 CICERO
698 1277 864 1309 ACILIO
887 1278 1192 1310 PROCONSVLI
1211 1278 1245 1311 S.

155 1369 192 1402 ¹5
266 1356 426 1395 Avitum
460 1356 555 1394 mihi
593 1356 806 1407 hospitium
841 1365 898 1395 est
930 1370 1020 1395 cum
1051 1358 1217 1407 Lysone,
1245 1356 1411 1407 Lysonis
1446 1357 1536 1403 filio,

213 1421 448 1472 Lilybitano,
483 1424 675 1473 valdeque
709 1423 758 1461 ab
795 1436 842 1461 eo
877 1422 1063 1461 observor
1097 1422 1344 1473 cognovique
1374 1422 1537 1473 dignum

212 1496 248 1526 et
270 1495 377 1538 patre
398 1496 436 1526 et
456 1501 554 1533 avo;
584 1496 642 1526 est
664 1488 769 1527 enim
800 1487 1044 1526 nobilissima
1072 1487 1227 1526 familia.
1289 1488 1539 1539 Quapropter

211 1554 451 1592 commendo
479 1554 549 1592 tibi
581 1554 768 1592 maiorem
800 1554 839 1591 in
871 1554 1034 1592 modum
1067 1567 1148 1592 rem
1180 1554 1426 1604 domumque
1455 1554 1538 1592 eius

211 1631 434 1669 magnoque
464 1632 581 1669 opere
610 1620 680 1658 abs
714 1627 751 1657 te
786 1627 878 1670 peto
910 1632 1021 1657 cures
1052 1626 1094 1657 ut
1122 1619 1152 1656 is
1184 1618 1381 1668 intellegat
1408 1632 1536 1657 meam

152 1698 191 1720 20
211 1684 598 1723 commendationem
634 1684 806 1723 maximo
842 1684 915 1723 sibi
950 1685 1057 1734 apud
1091 1691 1129 1722 te
1163 1691 1200 1722 et
1235 1683 1465 1722 adiumento
1499 1692 1536 1722 et

210 1758 442 1789 ornamento
470 1750 597 1789 fuisse.

252 1914 424 1952 XXXV
536 1921 605 1955 Ser.
626 1922 762 1961 Romae,
783 1920 972 1958 urvidetm,
990 1930 1021 1951 a.
1041 1921 1102 1959 708
1120 1920 1203 1958 ⁴³46).

497 2000 671 2031 CICERO
696 2000 856 2031 ACILIO
884 1996 1182 2030 PROCONSVLI
1210 1995 1244 2027 S.

263 2077 306 2115 C.
342 2077 530 2117 Avianius
564 2078 802 2117 Philoxenus
841 2077 1026 2128 antiquus
1067 2084 1124 2115 est
1164 2077 1308 2126 hospes
1347 2087 1458 2114 meus
1496 2082 1569 2114 et1

151 2152 188 2184 25
208 2150 359 2192 praeter
397 2143 611 2194 hospitium
652 2144 765 2182 valde
804 2143 921 2182 etiam
962 2142 1184 2189 familiaris;
1231 2153 1350 2191 quem
1390 2141 1535 2180 Caesar

208 2220 298 2246 meo
336 2208 530 2247 beneficio
569 2209 609 2246 in
642 2208 957 2248 Novocomensis
996 2208 1167 2257 rettulit3
1216 2220 1362 2245 nomen
1401 2214 1532 2245 autem

255 2323 267 2343 1
294 2312 411 2343 Huius
425 2316 455 2343 et
469 2313 629 2352 sequentis
643 2318 688 2353 ep.
708 2312 927 2353 inscnptz'oues
942 2324 1008 2345 om.
1026 2312 1115 2344 codd.
1238 2323 1258 2352 3
1284 2313 1419 2344 Nasone
1439 2323 1466 2344 e.
1489 2311 1528 2343 R.

209 2356 257 2395 (ε
275 2357 377 2395 equite
393 2355 564 2397 Romano)
581 2356 686 2396 Kleyn
704 2355 891 2397 Wesenbeaeg
982 2358 1020 2387 16
1046 2357 1235 2397 Lilybitano
1253 2357 1422 2396 estsorma
1441 2360 1529 2393 recta,

205 2398 244 2435 cfi
268 2398 302 2431 C.
323 2396 350 2431 I.
368 2394 407 2432 L.
430 2410 461 2431 x,
475 2405 510 2440 p.
533 2409 596 2439 742
619 2404 648 2430 et
669 2399 779 2431 eodem
802 2398 892 2431 ducit
914 2399 981 2432 cod.
1001 2400 1082 2441 Rrg.
1103 2399 1150 2431 ad
1174 2399 1261 2431 Verr.
1284 2401 1325 2432 iv.
1346 2410 1398 2440 32.
1421 2410 1449 2430 v.
1473 2409 1530 2430 10:

208 2441 344 2483 Lily(·i-
360 2440 521 2485 H>bit0ni
535 2441 625 2475 codd.
643 2456 649 2476 :
676 2443 895 2485 Lilybaetano
912 2444 1001 2485 vulg.
1056 2455 1096 2483 24
1121 2444 1286 2476 Avianius
1297 2444 1333 2484 cf
1348 2443 1395 2475 ad
1408 2443 1477 2475 xiii.
1490 2453 1527 2473 21

1384 2499 1444 2530 27*
