1791 2796
111 163 220 199 xlv,

222 1075 238 1101 1

241 161 332 197 xvii
628 160 682 196 M.
716 159 884 210 TVLLI
916 159 1224 198 CICERONIS

302 278 437 313 XVII
536 280 608 312 Scr.
631 281 796 312 Brundisi
809 292 839 313 a.
865 282 924 321 706
943 281 1014 322 (48)
1033 282 1099 313 circ.
1121 282 1170 312 xii
1185 281 1227 313 K.
1250 282 1324 314 Ian.

542 358 739 389 TVLLIVS
764 358 1034 390 TERENTIAE
1061 358 1180 390 SVAE
1207 359 1241 391 S.
1271 359 1310 391 D.

313 438 348 475 S.
379 451 412 475 v.
443 437 480 476 b.
507 450 538 475 e.
566 451 599 475 v.
660 437 698 476 Si
731 437 827 488 quid
862 439 1048 477 haberem
1080 439 1188 488 quod
1215 439 1266 477 ad
1301 445 1339 477 te
1370 438 1591 486 scriberem,

259 504 427 541 facerem
453 503 493 542 id
523 510 561 542 et
590 502 768 553 pluribus
792 503 920 542 verbis
950 511 987 542 et
1015 503 1180 554 saepius.
1241 505 1359 542 Nunc
1386 518 1488 554 quae
1517 503 1593 542 sint

260 568 417 618 negotia
438 568 548 608 vides
563 584 573 617 5
608 583 681 619 ego
708 576 840 608 autem
862 582 943 619 quo
964 571 1086 608 modo
1107 569 1179 607 sim
1201 571 1380 609 adfectus
1400 584 1448 609 ex
1469 571 1595 620 Lepta
1614 583 1631 614 5

259 642 297 673 et
318 634 506 673 Trebatio
526 635 672 685 poteris
697 648 945 685 cognoscere.
1006 636 1068 674 Tu
1096 636 1156 674 fac
1184 642 1226 673 ut
1250 642 1358 674 tuam
1380 642 1418 674 et
1438 635 1592 675 Tulliae

258 699 524 740 valetudinem
546 714 667 740 cures.
727 702 763 737 V
766 702 835 740 ale.

302 836 463 872 XVIII
571 839 639 871 Ser.
663 839 806 870 Formiis
822 841 856 871 ix
870 839 915 872 K.
937 840 1026 872 Febr.
1047 850 1077 872 a.
1103 850 1156 880 705
1176 840 1260 883 (49).

305 923 502 954 TVLLIVS
527 923 799 954 TERENTIAE
826 923 946 954 SVAE
974 923 1031 954 ET
1056 923 1209 954 PATER
1235 922 1549 955 SVAVISSIMAE

406 983 574 1022 FILIAE,
602 983 777 1014 CICERO
804 982 952 1014 MATRI
981 983 1037 1014 ET
1061 983 1242 1014 SORORI
1270 983 1304 1014 S.
1335 983 1376 1014 D.
1407 982 1442 1014 P.

313 1066 659 1107 Considerandum
690 1066 802 1105 vobis
833 1066 951 1105 etiam
981 1076 1100 1117 atque
1129 1066 1258 1114 etiam,
1288 1066 1442 1105 animae
1468 1080 1591 1114 meae,

257 1132 464 1183 diligenter
493 1140 590 1183 puto
617 1132 713 1182 quid
744 1132 903 1178 faciatis,
936 1133 1142 1171 Romaene
1169 1131 1251 1170 sitis
1278 1145 1327 1170 an
1359 1145 1515 1170 mecum
1543 1146 1592 1170 an

255 1199 390 1250 aliquo
419 1207 505 1238 tuto
535 1200 649 1244 loco;
687 1198 727 1237 id
762 1212 842 1237 non
874 1200 1000 1237 solum
1032 1212 1164 1237 meum
1196 1198 1404 1237 consilium
1435 1206 1493 1237 est
1522 1199 1592 1237 sed

256 1265 374 1304 etiam
395 1273 577 1304 vestrum.
640 1264 742 1302 Mihi
762 1264 925 1303 veniunt
953 1264 992 1302 in
1020 1272 1192 1303 mentem
1216 1265 1324 1310 haec,
1350 1266 1503 1303 Romae
1523 1278 1592 1303 vos

257 1345 341 1370 esse
371 1338 457 1370 tuto
486 1344 602 1381 posse
631 1343 700 1380 per
732 1330 992 1377 Dolabellam,
1022 1343 1190 1380 eamque
1221 1343 1300 1368 rem
1332 1343 1446 1380 posse
1476 1330 1591 1369 nobis

256 1396 488 1436 adiumento
512 1409 608 1443 esse,
632 1395 661 1434 si
685 1408 785 1445 quae
806 1395 862 1434 vis
887 1404 954 1434 aut
982 1395 1013 1433 si
1041 1409 1142 1445 quae
1166 1395 1324 1445 rapinae
1347 1394 1426 1433 fieri
1454 1409 1592 1446 coepe-

256 1462 342 1502 rint.
414 1464 493 1502 Sed
523 1476 653 1501 rursus
675 1461 771 1502 illud
794 1476 856 1501 me
882 1470 1024 1509 movet,
1049 1463 1158 1512 quod
1179 1461 1296 1501 video
1313 1461 1442 1500 omnis
1463 1462 1590 1501 bonos

256 1529 394 1568 abesse
430 1530 561 1568 Roma
592 1535 630 1567 et
657 1541 724 1567 eos
757 1528 939 1567 mulieres
969 1542 1058 1566 suas
1093 1541 1227 1567 secum
1261 1528 1414 1566 habere.
1477 1529 1590 1566 Haec

256 1602 387 1633 autem
409 1594 526 1644 regio,
544 1593 583 1632 in
606 1608 684 1644 qua
704 1608 776 1644 ego
798 1607 896 1641 sum,
916 1602 1138 1633 nostrorum
1161 1601 1218 1632 est
1239 1607 1329 1632 cum
1352 1592 1588 1643 oppidorum

257 1668 340 1698 tum
368 1659 485 1699 etiam
513 1659 774 1710 praediorum,
799 1667 841 1698 ut
868 1650 906 1698 et
935 1661 1102 1698 multum
1131 1673 1216 1699 esse
1244 1672 1400 1698 mecum
1426 1666 1474 1706 et,
1498 1672 1588 1698 cum

214 1736 238 1763 2
257 1725 440 1772 abieritis,
467 1727 679 1764 commode
700 1733 737 1764 et
768 1725 806 1763 in
834 1726 976 1764 nostris
1004 1740 1089 1765 esse
1121 1725 1289 1777 possitis.
1351 1723 1452 1763 Mihi
1473 1726 1589 1775 plane

257 1805 336 1830 non
376 1791 468 1830 satis
507 1799 660 1829 constat
699 1793 830 1830 adhuc
870 1800 999 1830 utrum
1039 1792 1087 1830 sit
1128 1792 1276 1831 melius.
1337 1793 1420 1829 Vos
1459 1790 1589 1830 videte

256 1857 351 1907 quid
372 1856 470 1895 aliae
492 1856 636 1895 faciant
663 1856 737 1896 isto
765 1859 854 1896 loco
881 1858 1050 1897 feminae
1071 1866 1109 1897 et
1130 1872 1191 1905 ne,
1214 1871 1304 1896 cum
1326 1856 1462 1903 velitis,
1487 1856 1589 1895 exire

257 1936 336 1961 non
369 1922 493 1961 liceat.
555 1923 602 1961 Id
635 1923 751 1962 velim
782 1924 989 1974 diligenter
1018 1923 1135 1963 etiam
1165 1918 1284 1974 atque
1314 1922 1431 1962 etiam
1463 1921 1590 1960 vobis—

256 2002 345 2026 cum
374 1997 411 2027 et
439 2002 528 2026 cum
559 1988 695 2028 amicis
717 1989 983 2029 consideretis
1046 1991 1200 2027 Domus
1228 1996 1269 2027 ut
1296 1989 1590 2039 propugnacula

256 2061 294 2092 et
333 2053 570 2103 praesidium
608 2056 751 2094 habeat
788 2055 1002 2094 Philotimo
1037 2054 1203 2102 dicetis;
1242 2062 1280 2093 et
1313 2053 1430 2093 velim
1470 2053 1589 2092 tabel-

257 2118 371 2157 larios
404 2118 614 2158 instituatis
649 2128 786 2165 certos,
820 2128 861 2158 ut
893 2119 1038 2159 cotidie
1069 2119 1220 2170 aliquas
1251 2133 1273 2158 a
1301 2118 1413 2158 vobis
1443 2118 1588 2157 litteras

257 2184 476 2235 accipiam3
507 2185 675 2224 maxime
705 2193 836 2224 autem
868 2187 959 2224 date
989 2198 1149 2236 operam
1180 2192 1222 2224 ut
1251 2185 1433 2233 valeatis,'
1454 2184 1485 2223 si
1515 2197 1588 2223 nos

257 2250 372 2289 vultis
393 2252 530 2290 valere.
591 2263 680 2289 V1111
706 2253 754 2289 K.
780 2251 955 2291 Formiis.

301 2349 317 2375 4
345 2338 413 2368 sint
439 2337 558 2369 Lamb.
579 2349 585 2368 :
614 2343 693 2370 sunt
717 2338 807 2369 codd.
948 2349 985 2369 12
1007 2339 1165 2379 posterius
1189 2349 1229 2369 an
1253 2336 1447 2377 Wesenbmgr.
1467 2338 1588 2368 Maller

255 2382 322 2412 roll.
345 2382 415 2412 Art.
437 2382 492 2412 vii.
519 2392 566 2413 12.
588 2384 630 2413 6:
655 2383 687 2412 in
706 2381 794 2413 codd.
941 2393 977 2412 21
1006 2383 1180 2413 commode
1199 2387 1231 2413 et
1265 2381 1385 2412 utll¹1·
1412 2382 1443 2411 in
1464 2383 1586 2412 nostris

273 2427 392 2456 vestris
411 2426 458 2465 F)
485 2425 574 2457 codd.
595 2438 601 2456 z
633 2427 809 2457 commode
835 2426 867 2456 in
894 2426 1021 2456 nostris
1046 2426 1195 2466 praediis
1220 2429 1291 2457 vett.
1323 2423 1518 2466 chscnbc72g‚
1543 2425 1580 2464 cs.

259 2479 306 2506 14.
333 2479 342 2498 1
362 2480 367 2498 :
393 2470 567 2501 commode
585 2475 618 2501 ct
636 2474 709 2501 tuto
728 2471 759 2501 in
779 2470 904 2501 nostris
922 2470 1011 2500 Koch

1617 992 1654 1014 10

1616 1348 1651 1380 ῙΞ

1612 1676 1653 1698 20

1612 2002 1648 2034 25
