1791 2796
167 126 220 163 II.
240 125 317 161 viii
629 124 684 160 M.
717 123 884 160 TVLLI
918 121 1227 161 CICERONIS

262 235 388 274 crede.
450 236 536 273 Iam
570 233 676 273 idem
708 232 762 272 illi
794 241 832 272 et
861 232 955 272 boni
986 239 1024 271 et
1054 231 1145 270 mali
1176 230 1279 269 cives
1309 229 1501 276 videntur,
1531 228 1597 279 qui

262 299 377 338 nobis
398 298 520 338 videri
541 301 679 338 solent.

219 370 243 407 3
318 367 403 416 Ego
432 379 522 404 cum
545 363 711 403 Athenis
741 365 880 404 decem
910 363 1016 415 ipsos
1045 362 1130 402 dies
1159 361 1319 401 fuissem
1350 362 1597 411 multumque

263 444 418 469 mecum
455 431 591 469 Gallus
626 438 758 468 noster
792 428 993 475 Caninius,
1028 427 1304 478 proficiscebar
1342 426 1435 465 inde
1474 425 1597 476 pridie

263 497 400 535 Nonas
418 495 616 545 Quintilis,
640 509 730 534 cum
759 496 835 533 hoc
862 495 912 533 ad
940 502 978 532 te
1002 493 1216 532 litterarum
1237 491 1340 531 dedi.
1393 491 1485 530 Tibi
1506 504 1596 530 cum
1617 503 1634 534 5

262 560 396 599 omnia
430 574 518 600 mea
553 559 943 599 commendatissima
973 572 1058 597 esse
1087 557 1204 609 cupio
1234 564 1319 596 turn
1348 556 1445 594 nihil
1475 555 1597 606 magis

262 640 381 676 quam
411 640 461 666 ne
491 634 648 677 tempus
677 624 793 665 nobis
823 623 1047 676 provinciae
1076 630 1304 673 prorogetur
1321 637 1331 670 3
1362 621 1402 660 in
1430 635 1477 660 eo
1502 621 1598 660 mihi

261 699 352 730 sunt
373 691 516 731 omnia.
578 692 700 740 Quod
721 691 882 742 quando
907 697 945 729 et
969 702 1049 741 quo
1076 690 1198 728 modo
1219 696 1258 727 et
1277 701 1346 728 uer
1366 700 1465 739 quos
1485 700 1598 738 agen-

261 758 358 796 dum
379 757 437 803 sit,
462 765 503 796 tu
525 757 674 808 optime
694 756 920 796 constitues.

306 903 372 939 IX
504 906 575 938 Scr.
597 907 629 937 in
648 906 761 937 castris
778 905 823 936 ad
837 905 1073 937 Pindenissum
1092 915 1134 935 vet
1154 915 1199 935 ex.
1222 914 1266 935 m.
1290 903 1356 935 Oct.
1620 910 1660 932 10

711 961 761 992 vel
774 962 816 992 1'11.
839 961 919 991 Now.
941 972 969 991 a.
988 971 1042 1000 705
1062 960 1119 1001 (51
1139 984 1145 990 .

333 1040 377 1072 M.
405 1039 582 1071 CICERO
609 1039 808 1071 PROCOS.
835 1039 870 1070 S.
898 1039 937 1070 D.
968 1038 1010 1069 M.
1037 1037 1208 1069 CAELIO
1234 1035 1395 1067 AEDILI
1423 1034 1526 1067 CVR.

791 1099 1074 1131 DESIGNATO.

227 1194 244 1222 1
317 1179 492 1218 Primum
513 1178 595 1226 tibi,
618 1186 661 1217 ut
688 1179 829 1226 debeo,
851 1179 1022 1229 gratulor
1050 1178 1252 1227 laetorque
1282 1190 1372 1215 cum
1403 1182 1596 1226 praesenti

261 1254 345 1284 tum
367 1245 484 1285 etiam
507 1252 659 1296 sperata
679 1252 746 1283 tua
767 1244 964 1295 dignitate,
985 1243 1106 1282 serius
1128 1257 1208 1281 non
1230 1241 1475 1292 neglegentia
1496 1255 1594 1288 mea,
1618 1254 1656 1286 15

261 1313 331 1351 sed
352 1310 597 1361 ignoratione
617 1324 745 1349 rerum
773 1309 951 1348 omnium
970 1324 979 1357 3
1014 1309 1053 1347 in
1080 1308 1126 1347 iis
1153 1308 1258 1347 enim
1280 1322 1366 1346 sum
1388 1307 1494 1358 locis,
1518 1321 1597 1358 quo

261 1385 299 1415 et
333 1384 491 1427 propter
521 1375 848 1426 longinquitatem
879 1382 917 1413 et
950 1382 1108 1425 propter
1141 1372 1345 1412 latrocinia
1378 1371 1597 1411 tardissime

262 1441 395 1480 omnia
434 1442 689 1491 perferuntur.
763 1442 812 1478 Et
855 1453 945 1478 cum
991 1440 1161 1489 gratulor
1199 1446 1282 1477 tum
1321 1452 1413 1476 vero
1453 1437 1596 1488 quibus

262 1506 389 1545 verbis
411 1506 481 1545 tibi
501 1505 642 1556 gratias
669 1519 780 1556 agam
811 1519 890 1543 non
922 1503 1083 1554 reperio,
1107 1505 1215 1554 quod
1242 1503 1295 1542 ita
1319 1504 1443 1541 factus
1468 1502 1530 1549 sis,
1555 1510 1595 1541 ut

261 1571 416 1611 dederis
450 1570 575 1617 nobis,
611 1584 730 1621 quem
762 1571 813 1609 ad
849 1571 1013 1609 modum
1045 1569 1253 1620 scripseras
1286 1569 1338 1606 ad
1370 1581 1443 1614 mc,
1476 1582 1593 1618 quem
1616 1582 1658 1605 20

261 1651 415 1687 semper
442 1636 566 1675 ridere
590 1650 806 1687 possemus.
869 1638 1019 1686 Itaque,
1042 1649 1132 1673 cum
1161 1634 1329 1685 primum
1357 1633 1499 1679 audivi,
1524 1648 1595 1683 ego

262 1702 324 1741 ille
350 1702 433 1753 ipse
466 1704 590 1741 factus
618 1715 705 1740 sum
736 1701 827 1751 (scis
859 1714 978 1751 quem
1007 1699 1155 1747 dicam)
1181 1699 1322 1749 egique
1350 1698 1478 1737 omnis
1510 1698 1595 1736 illos

218 1777 241 1803 2
261 1767 535 1814 adulescentis,
578 1781 678 1817 quos
719 1766 781 1804 ille
825 1765 981 1804 iactitat.
1058 1764 1226 1803 Difficile
1271 1771 1329 1802 est
1372 1763 1478 1813 loqui
1504 1778 1510 1807 ;
1559 1772 1596 1801 te

261 1842 392 1872 autem
429 1834 703 1883 contemplans
737 1832 942 1870 absentem
976 1837 1013 1868 ct
1053 1830 1163 1881 quasi
1204 1837 1333 1868 tecum
1373 1842 1504 1867 coram
1545 1830 1596 1867 lo-

261 1914 422 1950 querer:
1082 1926 1084 1928 .
1192 1908 1200 1918 ·
1618 1908 1655 1939 25

318 1967 433 2004 ‘Non
455 1965 608 2014 e'depol,
628 1972 814 2015 quantam
837 1978 917 2002 rem
940 1964 1061 2014 egeris
1083 1977 1211 2013 neque
1233 1963 1423 2013 quantum
1446 1961 1595 2000 facinus

451 2029 585 2069 feceris
600 2044 610 2077 ,-

261 2097 369 2146 quod
391 2095 483 2145 quia
510 2102 660 2145 praeter
688 2094 916 2144 opinionem
946 2094 1040 2133 mihi
1065 2094 1271 2141 acciderat,
1295 2092 1508 2132 referebam
1532 2105 1594 2130 mc

259 2163 310 2199 ad
333 2161 427 2199 illud
445 2176 450 2198 :

310 2278 318 2297 1
351 2266 434 2307 Iam]
456 2277 530 2296 nam
554 2265 742 2304 IVcsCJmeg
864 2277 901 2296 10
926 2265 1016 2295 llaec
1030 2270 1074 2305 cp.
1097 2265 1129 2294 ιή
1148 2263 1300 2295 codicibus
1315 2262 1592 2294 invcnilm'clt'am

257 2315 331 2351 fros!
350 2311 412 2340 viii.
434 2321 452 2349 5
472 2321 570 2348 (mgr.
594 2332 616 2333 ff
638 2309 725 2339 codd.
745 2312 783 2343 B*
877 2320 919 2339 20
942 2320 1040 2347 quem
1060 2318 1196 2348 semper
1214 2307 1299 2338 codd.
1317 2319 1324 2338 ;
1349 2307 1439 2345 quod
1457 2315 1593 2344 semper

261 2354 350 2385 amlrl.
368 2357 390 2388 β
494 2365 534 2391 23
563 2354 688 2383 iactilflt
710 2353 811 2384 rmld..
831 2353 917 2383 smld.
946 2356 990 2386 fi:
1016 2352 1131 2383 actitat
1152 2351 1228 2382 Vl'cl.
1256 2351 1342 2393 vlllg.
1449 2348 1591 2379 Difficile

261 2404 311 2429 cst
329 2399 417 2437 loqui
439 2402 565 2437 sartan
586 2408 693 2427 versus
711 2408 773 2427 css(
786 2401 884 2437 puta!
900 2397 1033 2427 Rz'bheek
