1791 2796
144 137 191 173 X.
213 136 290 172 xix
615 135 670 170 M.
703 133 871 170 TVLLI
905 132 1212 171 CICERONIS

247 245 357 296 quasi
393 260 439 284 ea
473 258 574 294 quae
606 243 730 282 oculis
764 250 988 290 cernuntur,
1027 257 1090 282 me
1121 257 1144 281 a
1174 250 1211 282 te
1241 242 1372 281 amari.
1436 242 1585 283 Dices:

252 310 371 361 ‘quid
398 310 567 349 antea?'
617 310 780 360 Semper
809 308 997 360 equidem
1028 310 1098 348 sed
1129 322 1347 358 numquam
1374 306 1584 347 inlustrius.

253 376 423 415 Litterae
456 383 546 414 tuae
585 375 814 415 mirabiliter
851 383 983 426 gratae
1023 382 1113 413 sunt
1148 373 1302 413 senatui
1340 387 1431 412 cum
1471 374 1588 412 rebus

251 441 355 492 ipsis,
389 455 490 492 quae
521 448 631 480 erant
659 440 910 492 gravissimae
941 449 979 480 et
1009 439 1213 486 maximae,
1237 438 1437 478 fortissimi
1466 437 1587 476 animi

252 508 477 558 summique
507 507 658 555 consili,
685 515 768 545 tum
796 507 915 546 etiam
940 506 1127 557 gravitate
1157 505 1440 544 sententiarum
1470 512 1588 554 atque
1609 519 1626 550 5

209 574 473 612 2verborum.
545 574 634 620 Sed,
677 572 731 610 mi
771 574 927 618 Plance,
970 571 1157 610 incumbe
1196 578 1238 609 ut
1282 570 1374 610 belli
1417 578 1590 610 extrema

252 638 440 689 perficias.
503 640 550 676 In
582 639 658 677 hoc
693 637 764 677 erit
796 651 951 676 summa
983 645 1021 676 et
1049 636 1171 687 gratia
1201 645 1238 676 et
1267 636 1398 687 gloria.
1459 635 1590 686 Cupio

254 703 387 743 omnia
408 704 461 743 rei
483 718 518 754 p.
538 718 680 752 causa3
709 705 778 742 sed
801 717 864 742 me
885 705 1064 742 hercules
1086 701 1123 741 in
1150 716 1196 741 ea
1220 703 1491 742 conservanda
1511 701 1588 740 iarn

253 769 488 819 defetigatus
510 783 590 808 non
612 770 738 808 multo
758 770 846 819 plus
876 768 1023 819 patriae
1045 769 1158 807 faveo
1179 781 1298 818 quam
1320 775 1410 806 tuae
1429 763 1587 818 gloriae,

254 834 365 873 cuius
405 834 616 872 maximam
656 836 881 873 facultatem
918 833 989 872 tibi
1021 833 1062 872 di
1101 833 1353 880 immortales,
1388 840 1430 871 ut
1462 846 1588 883 spero,
1613 848 1651 869 ιο

254 901 425 945 dedere;
457 913 575 950 quam
600 901 864 949 complectere
889 899 1065 937 obsecro.
1127 898 1205 947 Qui
1232 898 1337 937 enim
1369 897 1589 936 Antonium

254 965 501 1015 oppresserit,
524 964 555 1003 is
576 965 652 1003 hoc
672 964 822 1003 bellum
845 963 1112 1003 taeterrimum
1134 962 1590 1014 periculosissimumque

255 1029 480 1069 confecerit.

299 1186 385 1221 XX
600 1191 667 1222 Scr.
690 1190 818 1222 Romae
833 1191 865 1222 iv
883 1190 923 1221 K.
943 1190 1019 1222 Iun.
1038 1201 1067 1221 a.
1092 1199 1146 1230 711
1168 1190 1248 1231 (4j).

720 1268 896 1299 CICERO
923 1267 1119 1299 PLANCO.

221 1356 237 1383 1
322 1347 383 1384 Ita
425 1354 533 1385 erant
573 1346 706 1385 omnia
745 1360 846 1396 quae
888 1346 991 1385 istim
1036 1345 1314 1385 adferebantur
1352 1345 1509 1392 incerta,
1551 1353 1593 1383 ut

258 1410 354 1460 quid
383 1412 434 1450 ad
465 1419 502 1450 te
536 1411 746 1450 scriberem
783 1425 863 1450 non
899 1419 1128 1451 occurreret.
1192 1412 1320 1451 Modo
1355 1410 1460 1450 enim
1492 1424 1592 1461 quae

258 1477 447 1515 vellemus
487 1478 537 1515 dc
569 1476 734 1526 Lepido,
777 1478 898 1516 modo
937 1485 1074 1516 contra
1112 1476 1420 1524 nuntiabantur3
1467 1477 1517 1515 de
1556 1483 1594 1514 te

260 1549 392 1580 tamen
414 1543 518 1579 fama
541 1549 727 1580 constans
753 1555 825 1580 nec
853 1541 983 1592 decipi
1008 1555 1124 1592 posse
1155 1556 1228 1581 nec
1252 1541 1382 1589 vinci3
1425 1555 1592 1592 quorum

260 1606 417 1645 alterius
448 1608 603 1645 fortuna
632 1615 781 1656 partem
811 1607 930 1648 habet
956 1608 1167 1657 quandam,
1195 1609 1359 1646 alterum
1391 1606 1590 1657 proprium
1615 1624 1655 1646 20

218 1684 242 1711 2
262 1680 319 1710 cst
340 1671 571 1721 prudentiae
593 1679 692 1710 tuae.
744 1673 822 1711 Sed
843 1672 977 1722 accepi
999 1671 1145 1711 litteras
1166 1686 1189 1711 a
1209 1674 1373 1723 conlega
1394 1680 1462 1711 tuo
1483 1673 1593 1710 datas

263 1737 402 1775 Idibus
434 1736 562 1783 Maiis,
594 1736 632 1775 in
659 1737 802 1788 quibus
832 1745 912 1776 erat
943 1745 980 1776 te
1009 1739 1059 1776 ad
1090 1751 1130 1776 se
1161 1737 1360 1788 scripsisse
1389 1751 1411 1775 a
1442 1737 1595 1787 Lepido

261 1815 341 1840 non
363 1801 481 1852 recipi
509 1802 729 1841 Antonium
750 1818 758 1850 3
800 1805 908 1854 quod
930 1804 1000 1843 erit
1026 1804 1180 1851 certius,
1204 1803 1233 1841 si
1263 1811 1302 1841 tu
1324 1804 1374 1842 ad
1396 1817 1467 1842 nos
1489 1801 1593 1841 idem

261 1867 469 1917 scripseris.
529 1869 606 1906 Sed
640 1868 769 1907 minus
802 1871 924 1909 audes
956 1871 1118 1909 fortasse
1138 1877 1305 1923 ²propter
1334 1868 1492 1907 inanem
1522 1869 1596 1906 lae-

262 1931 384 1969 titiam
407 1931 619 1970 ]ittcrarum
643 1935 897 1985 superiorum.
958 1926 1117 1981 Verum,
1142 1943 1182 1973 ut
1204 1949 1337 1981 errare,
1363 1934 1415 1972 mi
1438 1935 1592 1980 Plance,
1618 1950 1654 1980 25

262 1996 421 2046 potuisti
445 1997 549 2047 (quis
570 1999 675 2038 enim
703 2001 740 2039 id
765 2002 940 2052 effugerit
955 2001 998 2049 ?),
1023 2001 1077 2040 sic
1103 2001 1231 2052 decipi
1262 2010 1298 2039 te
1319 2015 1399 2040 non
1420 1998 1595 2050 potuisse

264 2061 350 2112 quis
372 2075 451 2099 non
474 2062 610 2102 videt?
657 2080 762 2105 nunc
784 2081 875 2106 vero
900 2067 1017 2106 etiam
1042 2064 1153 2119 [iam]
1176 2066 1312 2105 erroris
1333 2079 1450 2104 causa
1470 2063 1596 2102 subla-

265 2135 302 2165 ta
327 2134 408 2168 estz
443 2130 557 2178 culpa
582 2130 686 2169 enim
714 2131 776 2170 illa
802 2132 882 2170 ‘bis
907 2134 957 2170 ad
979 2133 1173 2171 eundem’
1195 2131 1339 2181 vulgari
1362 2130 1595 2183 reprehensa

265 2193 472 2243 proverbio
507 2204 573 2233 est.
635 2196 701 2234 Sin
738 2206 778 2234 ut
811 2196 995 2246 scripsisti
1032 2198 1082 2235 ad
1117 2197 1334 2245 conlegam,
1372 2195 1425 2233 ita
1463 2209 1503 2233 se
1535 2207 1595 2232 res

265 2258 394 2304 habet,
428 2259 535 2298 omni
571 2274 661 2298 cura
692 2260 841 2299 liberati
879 2275 1013 2299 sumus
1049 2275 1120 2299 nec
1152 2269 1283 2300 tamen
1316 2259 1459 2298 erimus
1489 2259 1593 2310 prius
1616 2277 1655 2307 30

309 2374 328 2402 3
353 2363 446 2437 Ξιὲηῑ]
479 2363 611 2394 suerunt
641 2363 771 2393 Ernesti
926 2373 957 2393 11
987 2364 1151 2393 dederunt
1180 2363 1280 2394 Orelli
1467 2372 1505 2401 27
1531 2362 1594 2393 iam

265 2418 330 2437 0111.
393 2418 446 2437 (Ul-
