1791 2796
565 150 677 187 EPP.
710 150 787 186 AD
820 149 1167 186 FAMILIARES
1467 151 1512 187 Υ.
1539 160 1599 185 xx

246 262 308 299 De
329 260 494 299 Volusio
515 260 623 311 quod
645 259 792 305 scribis,
812 273 891 298 non
912 268 970 298 est
988 260 1026 298 id
1050 259 1243 298 rationum
1266 275 1272 301 ;
1302 262 1521 298 docuerunt
1544 271 1567 307 3

190 326 295 365 enim
326 340 389 364 mc
418 325 531 377 periti
560 325 754 374 homines,
776 325 816 364 in
845 326 906 363 his
935 339 1024 363 cum
1056 325 1235 363 omnium
1266 325 1522 376 peritissimus

189 400 272 430 tum
308 392 404 430 mihi
437 391 708 439 amicissimus,
740 392 784 431 C.
823 391 1024 439 Camillus,
1056 393 1107 430 ad
1137 391 1346 430 Volusium
1377 392 1521 430 traferri

189 471 336 496 nomen
365 471 387 496 a
416 457 574 496 Valerio
604 471 685 495 non
713 457 899 508 potuisse,
931 458 1096 507 praedes
1125 457 1356 496 Valerianos
1387 458 1519 496 teneri.

151 534 168 565 5
190 524 331 572 Neque
351 522 391 561 id
413 530 493 561 erat
516 524 586 560 HS
609 518 734 575 ffil,
754 530 796 562 ut
817 523 963 570 scribis,
984 525 1053 562 sed
1070 524 1139 562 HS
1165 519 1286 575 ffig
1315 530 1394 562 erat
1415 523 1519 561 enim

188 597 321 628 curata
350 589 465 628 nobis
494 589 662 639 pecunia
686 589 817 628 Valeri
843 590 1034 640 mancipis
1064 590 1226 629 nomine
1241 605 1251 637 3
1291 604 1337 628 ex
1361 603 1438 640 qua
1468 604 1521 629 re-

188 655 339 705 liquum
374 656 482 705 quod
518 662 598 693 erat
636 654 675 693 in
715 655 932 694 rationibus
966 655 1105 694 rettuli.
1180 657 1258 695 Sed
1297 656 1352 694 sic
1387 669 1451 694 me
1483 664 1565 706 et4

187 719 427 759 liberalitatis
462 721 588 758 fructu
627 719 753 771 privas
792 728 830 759 et
869 720 1094 771 diligentiae
1132 728 1181 769 et,
1215 722 1324 772 quod
1359 720 1521 759 minime

188 794 320 824 tamen
359 786 507 832 laboro,
548 785 757 824 mediocris
798 786 915 824 etiam
960 786 1217 837 prudentiae:
1265 786 1518 833 liberalitatis,

131 867 168 888 10
188 853 296 902 quod
318 851 439 889 mavis
460 851 611 889 scribae
632 851 709 890 mei
732 851 925 890 beneficio
942 865 1060 902 quarn
1082 865 1172 890 meo
1192 854 1363 902 legatum
1386 865 1518 890 meum

187 917 508 966 praefectumque
530 917 578 965 Q.
603 918 769 967 Leptam
798 917 968 955 maxima
992 918 1214 957 calamitate
1240 919 1398 965 levatos,
1428 931 1518 956 cum

188 981 414 1032 praesertim
448 989 529 1019 non
561 982 750 1020 deberent
785 995 871 1020 esse
902 982 1062 1033 obligati
1080 998 1090 1031 ;
1133 982 1369 1033 diligentiae,
1411 985 1519 1034 quod

188 1046 383 1085 existimas
415 1047 465 1085 de
497 1054 606 1085 tanto
641 1047 770 1085 officio
803 1062 902 1094 meo,
939 1056 1050 1087 tanto
1084 1048 1201 1087 etiam
1232 1049 1416 1100 periculo,
1448 1062 1521 1087 nec

188 1112 307 1150 scisse
350 1125 412 1150 me
455 1111 667 1162 quicquam
709 1126 781 1151 nec
824 1113 1064 1163 cogitavisse,
1110 1114 1289 1161 scribam,
1330 1114 1521 1165 quicquid

133 1188 167 1219 15
190 1177 385 1224 voluisset,
418 1190 508 1215 cum
541 1177 581 1215 id
616 1177 709 1215 mihi
746 1192 795 1216 ne
826 1178 1064 1217 recitavisset
1095 1179 1268 1229 quidem,
1303 1180 1520 1225 rettulisse;

189 1242 430 1292 prudentiae,
465 1247 581 1282 †cum
620 1256 700 1280 rem
740 1257 761 1281 a
795 1257 857 1281 me
888 1258 968 1281 non
1000 1244 1229 1294 insipienter
1260 1245 1518 1295 excogitatam

189 1307 350 1356 quidem
384 1314 508 1358 putas.
568 1308 671 1346 Nam
704 1316 742 1346 et
771 1308 909 1347 Volusi
943 1308 1135 1348 liberandi
1167 1323 1299 1348 meum
1329 1310 1401 1348 fuit
1430 1323 1520 1348 con-

189 1372 328 1418 silium,
353 1380 400 1419 et,
425 1380 467 1411 ut
497 1374 718 1411 multatam
743 1374 868 1423 gravis
889 1374 1106 1412 Valerianis
1130 1374 1341 1424 praedibus
1366 1374 1520 1426 ipsique

188 1439 234 1475 T.
260 1437 388 1475 Mario
409 1438 677 1488 depelleretur,
702 1452 724 1476 a
752 1452 814 1477 me
844 1438 940 1477 inita
966 1439 1064 1478 ratio
1091 1447 1148 1478 est
1166 1455 1175 1488 ;
1216 1453 1334 1490 quam
1357 1441 1518 1492 quidem

131 1517 170 1539 πο
190 1516 329 1541 omnes
356 1516 436 1541 non
464 1504 591 1541 solum
618 1504 796 1553 probant,
821 1505 890 1542 sed
917 1504 1034 1543 etiam
1064 1506 1236 1553 laudant,
1260 1514 1308 1553 et,
1332 1505 1363 1544 si
1384 1520 1517 1545 verum

189 1567 286 1606 scire
306 1567 372 1615 vis,
397 1569 473 1606 hoc
493 1568 561 1607 uni
581 1568 731 1608 scribae
752 1582 842 1608 meo
871 1569 1043 1609 intellexi
1063 1583 1143 1609 non
1164 1570 1331 1609 nimium
1352 1573 1515 1621 placere.

189 1633 267 1671 Sed
288 1646 360 1683 ego
390 1633 523 1682 putavi
553 1646 637 1672 esse
663 1633 732 1671 viri
760 1633 864 1681 boni,
889 1647 979 1673 cum
1004 1636 1173 1685 populus
1198 1648 1313 1674 suum
1338 1645 1517 1684 servaret,

188 1699 392 1737 consulere
412 1699 576 1737 fortunis
597 1707 654 1737 tot
674 1701 734 1738 vel
754 1699 971 1738 amicorum
992 1702 1052 1739 vel
1073 1700 1228 1739 civium.

244 1766 346 1802 Nam
368 1765 418 1802 de
444 1764 615 1803 Lucceio
642 1772 700 1803 est
727 1765 779 1803 ita
809 1773 950 1812 actum,
981 1773 1023 1804 ut
1047 1773 1207 1805 auctore
1228 1767 1300 1806 Cn.
1326 1768 1517 1818 Pompeio
1536 1775 1560 1812 5

133 1835 168 1865 ²5
190 1827 261 1866 ista
282 1829 448 1878 pecunia
470 1829 508 1867 in
536 1831 627 1867 fano
658 1838 877 1879 poneretur.
939 1831 987 1868 Id
1017 1843 1089 1879 ego
1119 1831 1259 1880 agnovi
1291 1845 1380 1870 meo
1410 1832 1516 1872 iussu

189 1906 274 1930 esse
294 1894 451 1931 factum.
512 1895 602 1943 Qua
621 1895 788 1944 pecunia
810 1894 1021 1944 Pompeius
1049 1904 1106 1933 est
1137 1909 1228 1934 usus
1256 1905 1297 1934 ut
1318 1911 1372 1944 ea,
1397 1911 1515 1948 quam

190 1966 230 1995 tu
251 1959 499 2008 deposueras,
524 1959 681 1998 Sestius.
741 1961 819 1998 Sed
840 1961 936 1998 hacc
965 1962 1016 1999 ad
1041 1968 1078 1999 te
1099 1960 1195 1999 nihil
1223 1961 1406 2012 intellego
1436 1977 1517 2013 per-

189 2022 336 2069 tinere;
383 2023 479 2062 illud
511 2037 574 2062 me
608 2037 687 2062 non
726 2024 1047 2064 animadvertisse
1086 2027 1250 2065 moleste
1288 2028 1438 2075 ferrem,
1475 2036 1516 2067 ut

188 2088 421 2127 ascriberem
446 2097 484 2128 te
508 2089 546 2128 in
571 2091 662 2128 fano
686 2090 893 2141 pecuniam
923 2091 1029 2130 iussu
1060 2105 1150 2130 meo
1179 2092 1419 2143 deposuisse,
1443 2094 1517 2132 nisi

236 2202 275 2222 10
299 2191 425 2232 meum]
444 2203 553 2223 meum
569 2193 612 2224 M.
628 2193 800 2225 Anneium
819 2194 1010 2237 Wesenberg
1123 2206 1159 2226 11
1186 2196 1226 2236 Q.
1245 2197 1386 2236 Leptam
1404 2207 1469 2228 om.
1489 2197 1517 2226 G

193 2236 231 2265 16
255 2235 345 2275 cum]
370 2237 458 2275 quod
484 2237 600 2268 Lamb.
772 2249 843 2269 exe.
873 2249 915 2269 ne
940 2240 1118 2280 cogitatam
1143 2240 1278 2279 quidem
1304 2245 1403 2280 putas
1427 2244 1510 2279 vett„

189 2278 284 2309 bene:
309 2280 444 2318 quidem
463 2285 561 2319 putas
576 2280 662 2312 codd.
681 2292 688 2312 ι
712 2282 823 2313 eidem
843 2283 990 2322 imputas
1006 2283 1210 2323 Hirschfeld:
1234 2284 1369 2323 quidem
1388 2284 1514 2315 refutas

189 2322 239 2352 vel
257 2322 427 2361 improbas
448 2322 605 2355 Streiclzer
757 2336 798 2364 24
824 2326 969 2357 Lucceio
981 2325 1074 2358 MG:
1100 2327 1185 2357 lucei
1203 2326 1237 2356 R
1252 2338 1259 2357 ε
1283 2326 1438 2367 ε’κλογεῖῳ
1457 2338 1510 2358 «sc.

186 2367 320 2405 pecunia
336 2367 457 2407 exacta)
477 2366 561 2398 Boot
737 2371 781 2399 26
804 2380 842 2400 ea
862 2368 980 2400 Orelli:
1006 2375 1061 2401 tua
1079 2369 1148 2401 MG
1162 2382 1169 2401 t
1193 2381 1258 2401 om.
1279 2369 1313 2400 R
1473 2380 1513 2410 27

192 2409 256 2440 hoc
272 2409 308 2439 N
325 2408 538 2451 H'esenbetg-
