1791 2796
559 144 671 182 EPP.
704 144 781 181 AD
813 144 1160 182 FAMILIARES
1473 146 1517 184 V.
1537 145 1581 183 xi

193 259 464 306 commendas,
502 270 593 296 cum
632 258 729 295 Sura
776 263 910 295 nostro
952 256 1083 295 statim
1126 256 1201 295 tuis
1245 256 1379 296 litteris
1420 257 1529 296 lectis

192 326 348 363 locutus
377 337 474 370 sum,
507 329 549 361 ut
579 322 614 360 ei
644 322 741 360 meis
771 321 898 360 verbis
933 321 1089 368 diceret,
1122 330 1177 369 ut,
1208 322 1398 373 quicquid
1429 336 1529 373 opus

193 397 305 436 esset,
328 388 426 426 mihi
454 387 729 435 denuntiaret;
759 400 822 426 me
852 386 995 433 omnia,
1020 400 1121 437 quae
1151 401 1196 426 ea
1216 389 1342 435 vellet,
1372 401 1529 426 summo

193 454 325 493 studio
353 467 525 504 curaque
553 454 756 491 facturum.
819 454 958 502 Itaque
988 452 1129 490 faciam
1159 467 1338 503 eamque,
1367 453 1398 491 si
1428 466 1528 503 opus

155 535 171 564 5
193 534 278 559 esse
298 519 502 565 videbitur,
526 519 609 569 ipse
629 518 874 557 conveniam.
933 519 996 556 Tu
1021 525 1153 556 tamen
1175 518 1210 557 ei
1231 518 1346 557 velim
1369 517 1525 565 scribas,

135 861 174 883 10

192 593 235 624 ut
273 587 421 623 nullam
459 599 541 624 rem
579 598 708 635 neque
747 593 826 622 tam
868 597 1049 634 magnam
1082 597 1211 634 neque
1250 592 1329 622 tam
1369 597 1527 635 parvam

192 658 303 701 putet
331 664 433 700 quae
464 650 559 688 mihi
593 658 659 688 aut
692 649 859 688 difficilis
890 656 956 687 aut
987 662 1123 698 parum
1154 663 1217 687 me
1249 649 1367 700 digna
1400 649 1528 688 videa-

192 724 262 754 tur.
334 716 488 763 Omnia,
521 730 623 766 quae
657 716 696 753 in
730 715 806 753 tuis
836 715 951 753 rebus
985 728 1108 765 agam,
1142 723 1179 753 et
1219 728 1299 753 non
1334 715 1528 754 laboriosa

193 781 289 819 mihi
310 789 348 820 et
369 783 533 820 honesta
553 782 800 820 videbuntur.

249 849 310 886 De
350 847 555 896 Dionysio,
594 847 624 885 si
664 860 727 885 me
765 860 883 892 amas,
924 847 1086 884 confice.
1148 847 1453 897 Quamcumque
1492 846 1571 891 ei3

192 913 311 950 fidem
341 912 507 959 dederis,
538 912 773 962 praestabo3
811 911 840 949 si
872 925 962 949 vero
992 911 1193 961 improbus
1228 911 1355 955 fuerit,
1385 919 1426 949 ut
1455 919 1527 959 est,

190 978 311 1016 duces
357 992 447 1016 eum
493 977 690 1027 captivum
737 976 1030 1026 invtriumpbo.
1104 977 1296 1015 Dalmatis
1342 977 1382 1015 di
1426 978 1526 1015 male

190 1042 347 1090 faciant,
368 1043 434 1093 qui
456 1042 526 1081 tibi
548 1042 702 1081 molesti
723 1049 813 1080 sunt
834 1045 840 1079 l
898 1043 986 1087 Sed,
1011 1049 1052 1079 ut
1074 1041 1223 1089 scribis,
1245 1041 1351 1080 brevi
1372 1041 1525 1092 capien-

191 1115 251 1145 tur
271 1117 309 1146 et
330 1108 592 1148 inlustrabunt
613 1122 672 1147 res
699 1116 784 1146 tuas
808 1115 959 1158 gestas,
989 1120 1143 1157 semper
1163 1107 1268 1146 enim
1290 1107 1412 1146 habiti
1433 1115 1524 1146 sunt

191 1173 377 1212 bellicosi.

235 1309 327 1344 XII
461 1312 529 1344 Ser.
551 1312 643 1352 Anti,
665 1316 701 1342 nt
716 1311 849 1351 videtur,
869 1323 913 1343 ιιι.
934 1311 1009 1342 Iun.
1031 1322 1059 1342 a.
1082 1312 1147 1351 693
1164 1312 1249 1351 (56).

452 1396 495 1427 M.
525 1396 699 1428 CICERO
727 1397 760 1428 S.
791 1397 830 1427 D.
861 1396 895 1427 L.
927 1395 1126 1427 LVCCEIO
1153 1395 1193 1435 Q.
1224 1396 1258 1427 F.

245 1487 389 1526 Coram
429 1499 491 1524 me
530 1494 660 1525 tecum
699 1487 838 1524 eadem
877 1487 974 1524 haec
1012 1499 1125 1536 agere
1159 1499 1275 1536 saepe
1309 1493 1519 1525 conantem
1540 1499 1557 1526 1

191 1552 377 1591 deterruit
405 1553 533 1603 pudor
559 1552 720 1602 quidam
755 1566 883 1602 paene
910 1551 1162 1597 subrusticus,
1193 1564 1293 1601 quae
1325 1565 1430 1590 nunc
1462 1565 1522 1590 ex-

133 1636 146 1656 2
192 1632 368 1669 promam
407 1619 549 1656 absens
583 1617 795 1663 audacius;
839 1617 1005 1667 epistula
1043 1616 1148 1655 enim
1187 1630 1268 1655 non
1313 1617 1518 1655 erubescit.

191 1684 325 1721 Ardeo
356 1682 570 1733 cupiditate
601 1682 821 1721 incredibili
851 1695 990 1732 neque,
1021 1689 1063 1719 ut
1092 1695 1165 1731 ego
1196 1681 1369 1728 arbitror,
1398 1695 1521 1732 repre—

190 1749 410 1794 hendenda,
448 1761 594 1786 nomen
626 1755 668 1786 ut
703 1755 879 1785 nostrum
915 1746 1066 1796 scriptis
1101 1746 1324 1784 inlustretur
1355 1754 1392 1784 et
1424 1748 1520 1785 cele-

190 1814 320 1852 bretur
334 1813 436 1851 tuis..
471 1814 591 1862 Quod
608 1812 680 1851 etsi
694 1812 790 1850 mihi
807 1826 923 1862 saepe
941 1811 1148 1850 ostendisti
1162 1819 1199 1849 te
1213 1825 1297 1849 esse
1312 1813 1515 1858 facturum,

190 1886 321 1916 tamen
348 1878 526 1928 ignoscas
556 1878 672 1916 velim
701 1877 791 1916 liuic
813 1876 1052 1915 festinationi
1075 1890 1194 1915 meae.
1256 1878 1391 1914 Genus
1413 1877 1517 1915 enim
1541 1867 1545 1870 .

133 1959 169 1989 ,τε
189 1943 421 1994 scriptorum
451 1952 607 1982 tuorum
637 1943 709 1982 etsi
741 1951 820 1981 erat
848 1956 1000 1992 semper
1029 1956 1051 1980 a
1082 1956 1144 1980 me
1175 1943 1427 1981 vehementer
1458 1956 1518 1981 ex-

131 2285 170 2314 30

189 2017 418 2059 spectatum,
455 2018 587 2048 tamen
626 2008 717 2047 vicit
756 2008 984 2058 opinionem
1025 2021 1153 2046 meam
1193 2021 1335 2058 meque
1375 2008 1426 2046 ita
1458 2010 1516 2046 vel

189 2075 291 2125 cepit
316 2077 375 2113 vel
406 2075 590 2121 incendit,
615 2082 656 2112 ut
683 2087 865 2124 cuperem
896 2087 1014 2123 quam
1049 2073 1248 2111 celerrime
1278 2087 1336 2111 res
1367 2081 1517 2111 nostras

189 2140 456 2179 monumentis
495 2139 763 2178 commendari
804 2139 889 2176 tuis.
951 2140 1093 2188 Neque
1132 2138 1237 2176 enim
1282 2152 1344 2176 me
1388 2140 1514 2176 solum

188 2205 511 2244 commemoratio
532 2205 766 2255 posteritatis
787 2206 836 2242 ad
859 2218 967 2254 spem
989 2205 1188 2254 quandam
1214 2204 1515 2242 immortalitatis

189 2270 296 2320 rapit,
330 2272 398 2309 sed
426 2270 543 2309 etiam
573 2270 637 2308 illa
667 2270 871 2320 cupiditas,
896 2278 937 2307 ut
967 2271 1026 2308 vel
1054 2269 1284 2308 auctoritate
1315 2269 1514 2307 testimoni

231 2384 250 2403 2
275 2375 304 2405 ei
323 2374 373 2405 R:
403 2380 437 2406 et
455 2373 546 2405 MGI
679 2385 715 2404 12
743 2374 907 2404 Dalmatis
926 2373 971 2406 G:
1010 2374 1059 2404 De
1079 2373 1241 2404 Dalmatis
1261 2374 1314 2404 R:
1350 2373 1513 2403 Delmatis

189 2416 237 2455 M,
254 2418 290 2457 (s.
309 2423 354 2458 ιγ).
374 2429 402 2458 9.
425 2429 444 2448 2
565 2428 604 2457 23
630 2418 806 2448 ostendisti
827 2418 971 2448 Ernesti:
1000 2418 1152 2448 ostendis
1169 2417 1256 2448 codd.
1278 2415 1504 2447 Mendelssolm
