1791 2796
572 173 682 210 EPP.
717 174 793 210 AD
826 173 1172 210 FAMILIARES
1468 174 1587 211 XIII.
1609 173 1669 210 xii

204 283 313 333 quod
334 282 369 321 ei
391 283 602 334 continget,
626 283 656 321 si
679 285 752 322 hac
774 297 861 322 mea
882 284 1230 323 commendatione
1253 292 1364 323 tuum
1387 297 1476 335 erga
1496 297 1538 323 se

204 347 378 386 studium
399 348 469 387 erit
490 356 735 388 consecutus

245 503 361 538 XIII
583 505 654 538 Ser.
677 506 806 538 Romae
818 507 920 548 paulo
931 510 1006 548 post
1021 511 1067 547 ep.
1089 508 1144 539 xit.

652 585 827 616 CICERO
854 584 1012 616 BRVTO
1039 584 1073 616 S.

162 679 179 710 5
255 664 298 701 L.
323 663 552 702 Castronius
580 665 732 710 Paetus,
756 665 873 713 longe
900 663 1081 713 princeps
1112 662 1301 713 municipi
1327 658 1529 708 Lucensis,

200 736 258 766 est
283 729 482 774 honestus,
513 728 648 778 gravis,
676 722 815 778 plenus
847 727 960 775 offici,
993 728 1122 766 bonus
1152 729 1269 777 plane
1298 727 1354 764 vir
1379 735 1417 765 et
1441 740 1531 765 cum

200 793 406 832 virtutibus
437 801 520 831 tum
542 793 658 832 etiam
691 795 855 839 fortuna,
880 793 910 831 si
941 793 1037 843 quid
1058 794 1134 831 hoc
1160 793 1211 831 ad
1241 805 1322 831 rem
1351 791 1530 841 pertinet,

202 867 386 906 ornatu33
431 872 542 897 meus
577 867 708 898 autem
749 867 807 897 est
846 858 1180 905 familiarissimus,
1222 857 1276 896 sic
1316 870 1453 907 prosus
1492 864 1534 894 ut

203 924 324 962 nostri
349 923 496 962 ordinis
523 924 703 963 observet
730 923 929 962 neminem
959 923 1194 973 diligentius.
1255 923 1345 971 Qua
1366 935 1406 960 re
1432 929 1473 959 ut
1498 929 1535 959 et

144 1004 183 1026 10
204 1003 335 1028 meum
374 988 545 1028 amioum
586 998 623 1028 et
662 998 729 1028 tua
767 989 930 1039 dignum
965 988 1137 1027 amicitia
1171 987 1241 1025 tibi
1281 987 1532 1025 commendo.

203 1055 279 1094 Cui
300 1054 617 1105 quibuscumque
638 1055 753 1093 rebus
775 1054 1098 1101 commodaveris,
1119 1052 1189 1092 tibi
1211 1053 1387 1103 profecto
1402 1051 1536 1089 iucun-

203 1121 310 1167 dum,
335 1119 431 1158 mihi
453 1127 557 1158 certe
579 1119 648 1158 erit
669 1128 832 1170 gratum.
892 1120 1000 1158 Vale.

245 1283 355 1319 XIV
575 1284 643 1318 Ser.
666 1285 795 1317 Romae
809 1284 911 1327 paulo
923 1288 999 1326 post
1015 1289 1062 1326 ep.
1083 1284 1152 1316 xiii.

659 1362 834 1394 CICERO
862 1362 1019 1393 BRVTO
1047 1361 1081 1393 S.

146 1460 181 1491 15
258 1444 299 1481 L.
323 1441 429 1480 Titio
451 1442 653 1489 Strabone,
686 1441 817 1491 equite
842 1442 886 1478 R.
912 1440 951 1478 in
973 1439 1107 1490 primis
1134 1440 1303 1477 honesto
1324 1446 1362 1477 et
1383 1446 1532 1486 ornato,
1556 1454 1571 1480 1

202 1508 499 1547 familiarissime
530 1516 641 1553 utor:
682 1506 815 1545 onmia
845 1505 940 1544 mihi
975 1519 1066 1544 cum
1097 1518 1144 1544 eo
1174 1504 1423 1543 intercedunt
1453 1503 1535 1542 iura

202 1587 379 1612 summae
414 1572 726 1612 necessitudinis.
789 1571 896 1609 Huic
927 1571 966 1609 in
997 1579 1063 1609 tua
1092 1569 1295 1621 provincia
1323 1569 1533 1620 pecuniam

201 1638 383 1678 debet‘P.
401 1638 618 1678 Cornelius.
670 1640 729 1676 Ea
749 1651 808 1676 res
829 1651 851 1676 a
870 1636 1071 1683 Volcacio,
1088 1636 1154 1686 qui
1170 1637 1324 1674 Romae
1344 1634 1403 1673 ius
1425 1635 1530 1682 dicit,

202 1705 345 1744 reiecta
365 1705 404 1742 in
427 1704 594 1743 Galliam
625 1711 692 1742 est.
754 1705 851 1741 Peto
881 1716 903 1740 a
928 1710 964 1741 te
992 1703 1068 1740 hoc
1099 1699 1324 1751 diligentius
1351 1713 1470 1750 quarn
1501 1700 1530 1738 si
1551 1713 1574 1739 2

145 1785 186 1807 20
205 1783 292 1808 mea
330 1783 388 1808 res
427 1777 538 1815 esset,
581 1782 661 1818 quo
700 1776 757 1806 est
792 1766 996 1805 honestius
1031 1768 1082 1805 de
1113 1758 1330 1804 amicorum
1365 1765 1534 1814 pecunia

204 1835 379 1873 laborare
411 1846 529 1883 quam
563 1835 614 1871 de
645 1846 726 1879 sua,
762 1841 804 1870 ut
836 1831 1038 1881 negotium
1079 1829 1374 1885 conficiendum
1408 1829 1533 1877 cures‚'

204 1900 286 1950 ipse
307 1900 505 1949 suscipias
530 1899 717 1948 transigas
745 1911 985 1948 operamque
1013 1898 1093 1943 des,
1118 1897 1249 1946 quoad
1271 1895 1341 1934 tibi
1362 1909 1532 1946 aequum

203 1976 241 2005 et
275 1976 424 2005 rectum
457 1966 662 2012 videbitur,
698 1974 738 2004 ut
778 1979 895 2015 quam
935 1964 1258 2003 commodissima
1297 1963 1533 2002 condicione

203 2032 364 2070 libertus
394 2031 607 2077 Strabonis,
631 2030 698 2080 qui
728 2030 810 2068 eius
840 2029 894 2068 rei
915 2043 1032 2068 causa
1057 2029 1198 2067 missus
1229 2037 1298 2075 est,
1331 2028 1532 2079 negotium

145 2110 183 2141 25
203 2096 385 2135 conficiat
401 2096 452 2134 ad
474 2108 736 2144 nummosque
756 2094 965 2145 perveniat.
1027 2095 1075 2132 Id
1096 2102 1133 2132 et
1154 2093 1251 2131 mibi
1269 2093 1532 2143 gratissimum

203 2162 273 2200 erit
295 2170 332 2200 et
353 2170 394 2199 tu
411 2161 494 2211 ipse
515 2162 557 2198 L.
568 2160 717 2198 Titium
738 2173 953 2210 cognosces
974 2159 1146 2198 amicitia
1161 2168 1227 2198 tua
1243 2158 1527 2209 dignissimum.

204 2228 326 2275 Quod
346 2234 388 2264 ut
409 2225 479 2264 tibi
500 2238 615 2264 curae
642 2225 699 2271 sit,
724 2234 765 2263 ut
793 2225 925 2263 onmia
955 2227 1083 2263 solent
1113 2238 1198 2263 esse
1219 2237 1320 2275 quae
1348 2237 1411 2262 me
1430 2225 1531 2263 velle

202 2292 287 2340 scis,
311 2300 349 2331 te
369 2292 621 2330 vehementer
641 2290 758 2329 etiam
778 2299 896 2340 atque
917 2290 1033 2328 etiam
1055 2304 1158 2341 rogo.
1399 2287 1401 2289 ’

247 2397 267 2426 8
290 2405 410 2435 prosus
429 2394 489 2426 M:
522 2404 660 2434 prorsus
684 2393 758 2424 HD
778 2394 867 2435 vulg.
1055 2395 1091 2424 18
1118 2393 1174 2434 R]
1195 2393 1342 2433 pupillus
1365 2391 1470 2433 codd„
1487 2393 1526 2432 ιγ’.

203 2451 237 2472 x.
258 2450 309 2479 33.
331 2452 351 2479 4
481 2438 636 2469 Vulcatio
654 2438 716 2478 {vel
731 2438 810 2479 -cio)
828 2437 919 2469 codd.

247 2504 309 2526 εις.
331 2503 380 2525 AD
397 2503 479 2524 FAM.
1402 2490 1445 2522 26
