1791 2796
123 154 193 192 XI.
214 153 274 190 xii
594 152 649 189 M.
681 152 850 207 TVLLI
883 151 1191 191 CICERONIS

229 263 398 312 inermis,
433 262 642 315 perterritis
674 271 793 311 metu,
829 264 952 302 fracto
989 262 1124 302 animo
1158 261 1302 313 fugisse
1333 261 1563 302 Antonium.

185 342 208 369 2
232 329 310 379 Qui
350 329 380 368 si
420 329 472 367 ita
511 343 552 368 se
591 329 709 367 babet
742 336 794 376 ut,
829 342 947 379 quem
982 329 1033 367 ad
1068 329 1233 367 modum
1271 326 1482 367 audiebam
1517 328 1567 367 de

230 394 431 442 Graeceio,
455 393 613 444 confligi
638 408 728 432 cum
757 408 804 432 eo
832 393 915 432 sine
942 393 1116 444 periculo
1144 407 1223 431 non
1246 392 1379 443 possit,
1403 406 1483 432 non
1505 392 1568 431 ille

229 460 325 498 mibi
365 459 508 511 fugisse
548 474 569 498 a
610 459 767 498 Mutina
806 458 960 498 videtur
998 459 1068 498 sed
1107 460 1239 497 locum
1279 458 1370 497 belli
1410 457 1570 509 gerendi

228 534 409 565 mutasse.
471 527 611 576 Itaque
641 525 824 564 homines
853 524 916 563 alii
947 524 1038 563 faeti
1069 532 1188 571 sunt3
1217 537 1298 562 non
1329 523 1425 562 nulli
1453 523 1570 562 etiam
1591 533 1608 564 5

228 600 454 643 queruntur,
487 593 596 643 quod
626 591 820 643 persecuti
856 605 935 631 non
972 590 1080 633 sitis:
1123 589 1292 641 opprimi
1322 590 1507 641 potuisse,
1540 588 1570 627 si

229 657 406 696 celeritas
425 657 604 697 adhibita
631 665 744 705 esset,
768 656 1000 696 existimant.
1062 655 1240 695 Omnino
1261 662 1318 694 est
1339 656 1415 694 hoc
1436 654 1570 706 populi

233 722 481 773 maximeque
516 722 648 771 nostri,
686 722 724 760 in
765 737 812 762 eo
851 721 1100 773 potissimum
1139 720 1249 760 abuti
1288 720 1466 760 libertate
1505 734 1573 770 per

232 803 351 839 quem
379 803 466 828 eam
495 796 732 828 consecutus
759 788 832 832 sit;
862 789 932 827 sed
961 795 1092 826 tamen
1121 786 1411 837 providendum
1439 794 1496 825 est
1523 799 1573 825 ne

233 868 334 905 quae
355 853 455 893 iusta
475 855 633 905 querela
654 868 738 892 esse
760 853 892 905 possit.
950 855 1030 892 Res
1052 867 1092 892 se
1114 852 1169 891 sic
1190 853 1333 892 habet:
1365 854 1404 891 Is
1425 852 1572 891 bellum
1596 864 1634 887 ιο

233 920 456 968 confecerit,
483 919 550 970 qui
575 918 795 958 Antonium
827 917 1070 969 oppresserit.
1134 919 1227 956 Hoc
1257 931 1376 968 quam
1401 916 1479 956 vim
1509 917 1573 955 ba-

234 987 323 1026 beat
346 994 382 1025 te
403 985 623 1025 existimare
645 987 749 1024 malo
770 998 889 1036 quam
911 999 973 1023 me
994 983 1165 1035 apertius
1187 983 1365 1023 scribere.

277 1145 394 1180 XIII
523 1148 592 1181 Ser.
613 1148 648 1178 ιίι
665 1148 781 1179 castris
798 1147 973 1178 Pollentiae
989 1147 1056 1178 circ.
1078 1147 1110 1177 ιύ
1126 1146 1175 1178 Id.
1197 1145 1279 1177 Mai.

798 1214 828 1234 a.
852 1213 905 1243 711
926 1203 1006 1244 (45).

351 1286 390 1317 D.
421 1286 604 1317 BRVTVS
631 1285 720 1316 IMP.
750 1285 850 1316 COS.
880 1285 979 1316 DES.
1009 1286 1042 1316 S.
1074 1285 1113 1315 D.
1144 1284 1186 1315 M.
1215 1283 1453 1316 CICERONI.
1598 1290 1633 1322 15

196 1383 211 1410 1
290 1372 373 1409 Iam
405 1385 484 1410 non
514 1385 588 1421 ago
618 1370 687 1409 tibi
718 1369 884 1421 gratias3
922 1369 984 1409 cui
1016 1368 1121 1408 enim
1153 1383 1192 1407 re
1222 1368 1284 1407 vix
1319 1359 1458 1406 referre
1488 1380 1573 1417 pos-

233 1449 331 1483 sum,
361 1435 452 1474 huic
482 1435 609 1474 verbis
640 1449 720 1474 non
751 1434 895 1485 patitur
926 1449 984 1474 res
1015 1434 1107 1473 satis
1138 1433 1230 1473 fieri.
1290 1433 1506 1472 Attendere
1537 1439 1574 1470 te

233 1504 323 1541 volo
344 1516 445 1553 quae
476 1502 514 1540 in
546 1501 728 1540 manibus
759 1509 876 1548 sunt3
916 1515 993 1551 qua
1025 1501 1130 1539 enim
1159 1499 1365 1550 prudentia
1396 1512 1447 1545 es,
1478 1497 1573 1535 nihil

236 1576 272 1607 te
294 1568 424 1619 fugiet,
448 1568 478 1606 si
501 1581 607 1606 meas
629 1567 773 1606 litteras
794 1567 1000 1618 diligenter
1021 1566 1166 1618 legeris.
1226 1564 1344 1615 Sequi
1366 1562 1572 1603 confestim

236 1633 454 1673 Antonium
488 1633 547 1672 bis
587 1634 636 1672 de
676 1632 813 1681 causis,
852 1632 1002 1680 Cicero,
1040 1646 1119 1671 non
1155 1630 1291 1682 potui:
1335 1632 1450 1668 Eram
1491 1627 1574 1667 sine
1596 1642 1636 1664 20

234 1699 444 1749 equitibus,
468 1699 552 1737 sine
574 1698 783 1745 iumentis;
825 1697 999 1736 Hirtium
1029 1696 1173 1747 perisse
1195 1695 1431 1742 nesciebam,
1457 1692 1576 1743 Aqui-

234 1768 310 1804 lam
333 1765 477 1816 perisse
508 1765 733 1804 nesciebam
755 1780 761 1811 ;
804 1764 961 1805 Caesari
991 1778 1070 1803 non
1097 1763 1307 1802 credebam
1331 1760 1434 1812 prius
1456 1773 1573 1810 quam

235 1830 507 1870 convenissem
548 1839 585 1869 et
625 1832 860 1869 conlocutus
901 1843 1037 1869 essem.
1101 1828 1181 1867 Hic
1220 1827 1304 1866 dies
1344 1827 1419 1865 hoc
1455 1825 1575 1863 modo

193 1909 216 1936 2
235 1897 339 1934 abiit.
403 1899 564 1935 Postero
585 1897 648 1935 die
673 1910 786 1935 mane
808 1911 830 1935 a
853 1898 979 1934 Pansa
1000 1909 1086 1933 sum
1107 1892 1317 1933 accersitus
1340 1889 1572 1930 Bononiam.

236 1963 338 2001 Cum
371 1961 410 2000 in
441 1962 576 2001 itinere
607 1976 745 2010 essem,
780 1961 1000 2000 nuntiatum
1036 1959 1129 1998 mibi
1167 1966 1224 1998 est
1254 1971 1344 1996 eum
1377 1963 1574 1995 mortuum
1597 1967 1635 1999 25

235 2042 329 2065 esse.
392 2028 553 2066 Recurri
584 2029 634 2066 ad
667 2042 772 2066 meas
803 2026 1002 2077 copiolas;
1031 2025 1086 2064 sic
1111 2024 1215 2063 enim
1238 2037 1325 2062 vere
1353 2036 1418 2061 eas
1447 2021 1576 2071 appel-

237 2094 314 2131 lare
335 2106 495 2143 possum
514 2108 521 2139 ;
553 2101 643 2130 sunt
666 2091 1008 2131 extenuatissimae
1029 2098 1067 2129 et
1094 2089 1227 2140 inopia
1248 2087 1425 2126 omnium
1448 2099 1573 2124 rerum

238 2157 406 2208 pessime
437 2166 633 2208 acceptae.
713 2157 825 2196 -liduo
860 2171 922 2195 me
955 2155 1153 2195 Antonius
1186 2152 1406 2200 antecessit,
1439 2150 1575 2190 itinera

238 2223 328 2262 fecit
350 2225 473 2262 multo
497 2223 642 2262 maiora
663 2222 814 2272 fugiens
840 2236 956 2272 quam
986 2235 1058 2271 ego
1086 2233 1254 2270 sequens
1273 2233 1281 2265 ;
1321 2217 1383 2256 ille
1404 2216 1508 2255 enim
1531 2215 1573 2254 iit

238 2289 393 2339 passim,
431 2303 503 2339 ego
542 2287 762 2326 ordinatim.
837 2291 1100 2336 Quacumque
1136 2285 1187 2332 iit,
1222 2284 1412 2333 ergastula
1446 2280 1570 2329 solvit,
1593 2294 1633 2326 30

282 2393 501 2467 21111Xquilam
529 2393 657 2432 perisse
683 2391 874 2423 nesciebam
902 2390 992 2421 llD:
1027 2401 1090 2420 om.
1120 2390 1158 2419 A!
1311 2397 1352 2426 29
1377 2386 1455 2416 fecit
1480 2384 1570 2416 IID:

237 2448 301 2467 unt.
324 2459 332 2466 a
