1791 2796
542 166 653 204 EPP.
686 168 763 204 AD
796 167 1142 205 FAMILIARES
1456 167 1527 204 XI.
1549 166 1595 203 ix

180 291 287 329 grate
326 278 448 329 possit
487 277 664 318 Antonio
703 278 777 317 sibi
816 278 1040 318 coniuncto.
1101 280 1205 318 Nam
1244 280 1296 319 de
1330 278 1509 318 Pollione

179 343 319 382 Asinio
357 351 454 395 puto
493 351 530 383 te
568 343 789 395 perspicere
823 340 919 395 quid
958 347 1130 383 facturus
1169 344 1227 383 sit.
1289 346 1441 384 Multae
1471 351 1509 383 et

148 412 153 415 ”
180 410 308 448 bonae
329 417 367 448 et
388 411 520 449 firmae
542 418 632 448 sunt
648 410 822 461 legiones
845 410 985 461 Lepidi
1007 418 1044 449 et
1066 409 1187 449 Asini.
1249 412 1390 461 Neque
1411 411 1508 449 haec
1527 417 1553 444 2

180 474 327 513 idcirco
349 474 418 513 tibi
439 475 577 522 scribo,
597 476 706 526 quod
727 483 765 514 te
786 489 866 514 non
887 477 1027 514 eadem
1048 475 1358 515 animadvertere
1375 475 1506 522 sciam,

141 551 158 583 5
181 540 250 578 sed
272 540 381 590 quod
406 540 501 578 mihi
529 540 869 591 persuasissimum
895 549 952 580 est
974 540 1171 591 Lepidum
1194 549 1297 580 recte
1318 543 1509 580 facturum

180 618 408 655 numquam,
433 605 463 643 si
489 607 586 644 forte
607 605 719 644 vobis
745 605 784 644 id
810 607 860 644 de
887 607 963 645 hoc
993 606 1159 645 dubium
1191 614 1258 645 est.
1321 607 1511 645 Plancum

181 684 341 720 quoque
373 671 613 709 confirmetis
643 685 737 713 oro:
779 686 898 722 quem
926 686 1041 722 spero
1062 674 1176 723 pulso
1196 671 1374 711 Antonio
1398 672 1451 711 rei
1472 686 1508 723 p.

180 749 261 774 non
293 736 530 773 defuturum.
596 735 635 774 Si
663 750 704 774 se
728 736 841 786 Alpis
869 737 1067 784 Antonius
1095 737 1298 783 traiecerit‚
1326 737 1511 775 constitui

182 799 420 850 praesidium
452 799 492 838 in
521 800 690 851 Alpibus
721 802 928 840 conlocare
964 810 1001 840 et
1031 810 1068 840 te
1098 803 1148 841 de
1181 801 1290 841 omni
1319 815 1358 840 re
1385 803 1512 842 facere

124 879 160 901 10
181 864 396 904 certiorem.
458 878 504 903 111
528 868 577 904 K.
599 865 692 904 Mai.
717 880 763 905 ex
784 866 917 905 castris
941 867 1077 918 Regio.

223 1046 266 1081 X
387 1049 456 1082 Ser.
476 1050 639 1082 incastris
655 1049 818 1082 Dertonae
834 1050 869 1081 1'1'1'
882 1050 966 1082 Non.
988 1050 1070 1082 Mai.
1092 1062 1121 1082 a.
1145 1061 1198 1090 711
1218 1051 1298 1094 (45).

484 1140 523 1170 D.
552 1140 735 1171 BRVTVS
760 1140 793 1171 S.
824 1141 863 1170 D.
893 1140 935 1170 M.
965 1140 1205 1172 CICERONI.

236 1230 329 1267 Non
364 1228 460 1267 mibi
492 1243 573 1268 rem
609 1243 644 1280 p.
679 1231 766 1279 plus
805 1230 950 1268 debere
981 1230 1146 1269 arbitror
1177 1245 1297 1281 quam
1329 1245 1391 1271 me
1426 1232 1507 1272 tibi.
1531 1243 1548 1270 1

183 1294 404 1333 Gratiorem
435 1308 498 1332 me
528 1309 612 1332 esse
642 1294 682 1332 in
713 1303 750 1332 te
780 1308 907 1345 posse,
931 1309 1049 1345 quam
1078 1295 1140 1334 isti
1169 1296 1337 1346 perversi
1366 1298 1444 1336 sint
1472 1298 1511 1336 in

124 1374 160 1405 15
183 1373 255 1406 me,
292 1361 535 1409 exploratum
567 1360 689 1398 habes
716 1359 790 1399 †sit
821 1373 872 1398 an
903 1361 979 1399 hoc
1008 1360 1195 1411 temporis
1225 1361 1401 1401 videatur
1435 1362 1511 1401 dici

182 1429 333 1472 causa†‚
358 1425 472 1463 malle
503 1438 566 1463 me
595 1433 707 1463 tuum
737 1424 926 1464 iudicium
955 1439 1074 1476 quam
1096 1441 1142 1465 ex
1163 1428 1283 1465 altera
1305 1436 1411 1478 parte
1433 1441 1512 1467 om-

181 1489 290 1527 nium
321 1489 508 1536 istorum3
537 1498 579 1528 tu
611 1489 717 1528 enim
748 1504 771 1528 a
804 1498 910 1530 certo
942 1505 1059 1530 sensu
1093 1499 1130 1530 et
1160 1506 1251 1531 vero
1283 1492 1432 1532 iudicas
1462 1495 1511 1533 de

181 1554 294 1593 nobis
311 1569 319 1601 3
350 1556 458 1605 quod
488 1554 550 1593 isti
580 1569 629 1594 ne
659 1555 804 1594 faciant
837 1570 992 1595 summa
1021 1558 1295 1597 malevolentia
1325 1566 1363 1597 et
1392 1558 1511 1598 livore

180 1619 458 1670 impediuntur.
520 1622 777 1672 Interpellent
812 1636 874 1661 me
909 1636 999 1674 quo*
1020 1622 1149 1661 minus
1180 1624 1394 1663 honoratus
1424 1624 1507 1670 sim,

122 1699 161 1721 20
181 1686 275 1724 dum
316 1699 366 1724 ne
404 1684 652 1737 interpellent
691 1701 771 1738 quo
811 1687 941 1726 minus
977 1702 1035 1727 res
1075 1702 1109 1738 p.
1145 1702 1166 1726 a
1199 1702 1261 1727 mc
1300 1691 1511 1728 commode

180 1750 441 1790 administrari
472 1751 604 1802 possit.
679 1754 794 1802 Quae
833 1761 982 1803 quanto
1021 1752 1069 1791 sit
1108 1752 1147 1791 in
1187 1753 1360 1804 periculo
1392 1768 1509 1804 quam

180 1824 317 1866 potero
344 1816 572 1855 brevissime
602 1831 808 1867 exponam.

236 1881 410 1920 Primum
431 1883 609 1921 omnium
632 1892 818 1933 quantam
842 1883 1175 1933 perturbationem
1198 1884 1324 1923 rerum
1347 1886 1507 1924 urbana⁴
1526 1898 1550 1925 2

182 1960 266 1984 rum
312 1948 460 1986 adferat
509 1948 640 1987 obitus
686 1950 894 1988 consulum
939 1956 1208 1999 quantamque
1252 1949 1507 2000 cupiditatem

124 2024 161 2056 25
183 2012 410 2051 hominibus
444 2013 577 2052 iniciat
606 2014 779 2052 vacuitas
808 2028 889 2053 non
920 2022 958 2053 te
985 2015 1091 2065 fugit.
1151 2014 1251 2053 Satis
1286 2029 1348 2054 me
1387 2018 1510 2054 multa

103 2076 106 2078 ’
182 2077 391 2128 scripsisse,
424 2093 525 2130 quae
555 2079 690 2118 litteris
720 2079 990 2120 commendari
1020 2080 1182 2130 possint,
1211 2080 1398 2129 arbitror3
1429 2081 1509 2120 scio

181 2143 286 2182 enim
316 2144 378 2183 cui
409 2144 586 2183 scribam.

230 2260 268 2280 10
288 2249 345 2290 111]
357 2259 391 2280 V1
407 2249 455 2280 vel
466 2260 515 2280 vn
530 2249 649 2280 Schelle
732 2250 841 2290 Regio
858 2250 956 2281 Orelli
971 2250 1114 2282 Miiller:
1138 2251 1223 2291 regii
1237 2251 1298 2282 M:
1322 2251 1425 2291 regiis
1438 2251 1510 2281 HD

185 2303 221 2331 14
246 2294 362 2334 posse]
394 2304 513 2324 nosces
546 2293 686 2335 Madvig
824 2305 860 2334 15
885 2295 1008 2325 habes:
1049 2296 1075 2326 si
1109 2300 1221 2326 tamen
1253 2296 1314 2326 hoc
1347 2296 1510 2335 temporis

181 2337 336 2367 videatur
359 2338 423 2368 dici
449 2348 559 2375 causa,
580 2337 679 2368 malle
699 2337 858 2369 Graevius
886 2337 1094 2380 chse11bc1g;
1120 2341 1256 2378 itemque
1282 2339 1356 2370 Vici.
1386 2339 1506 2373 Baiter,

182 2380 254 2419 (scd
266 2381 302 2411 ln‘
316 2381 397 2412 haec
421 2386 442 2411 t.
465 2381 647 2411 videantur*
674 2392 680 2411 :
705 2382 809 2412 habes
825 2383 892 2413 vita
909 2386 967 2421 (ne
981 2382 1064 2413 haec
1076 2383 1240 2422 temporis
1251 2382 1432 2413 videantur
1442 2383 1506 2413 dici

182 2434 282 2454 causa
328 2424 425 2455 malle
454 2424 594 2465 [iladvig
740 2436 779 2464 25
805 2426 917 2456 iniciat
942 2426 1090 2457 vacuitas
1116 2426 1179 2456 M:
1213 2426 1342 2457 initiata
1369 2436 1416 2465 spu
1441 2424 1506 2465 ΠΙ)

182 2467 299 2498 civitas
316 2467 408 2498 HD:
435 2469 546 2499 iniciat
563 2479 668 2500 vacua
686 2469 804 2500 civitas
822 2469 961 2510 Madvig
