1791 2796
542 156 653 193 EPP.
686 156 764 192 AD
796 156 1142 193 FAMILIARES
1462 157 1507 193 V.
1527 155 1604 193 viii

181 266 374 314 incidisse,
399 267 479 313 sed,
503 273 545 305 ut
564 265 733 317 primum
754 267 881 305 forum
906 265 1108 316 attigerim,
1133 273 1328 316 spectasse
1346 279 1510 317 semper,

179 340 222 370 ut
251 332 322 371 tibi
351 346 508 383 possem
538 346 657 382 quam
688 332 856 371 maxime
886 346 970 370 esse
1002 332 1247 371 coniunctus.
1309 334 1401 381 Quo
1432 331 1513 382 qui-

179 399 271 437 dem
306 413 355 436 ex
384 406 560 449 tempore
590 398 780 437 memoria
808 406 925 437 teneo
957 411 1086 448 neque
1118 411 1247 436 meam
1280 398 1349 436 tibi
1385 399 1513 437 obser-

180 463 351 502 vantiam
373 477 502 514 neque
523 463 619 502 mihi
640 471 747 502 tuam
769 477 963 502 summam
979 463 1296 502 benevolentiam
1317 477 1362 501 ac
1379 463 1513 502 libera-

141 529 327 573 5litatem
366 529 546 569 defuisse.
607 529 646 568 Si
685 544 785 580 quae
826 529 1046 568 inciderunt
1085 543 1165 568 non
1205 537 1284 568 tam
1320 544 1359 568 re
1393 544 1512 579 quam

178 595 401 646 suspicione
431 596 584 643 violata,
616 609 672 642 ea,
706 609 796 634 cum
828 595 971 633 fuerint
1000 602 1038 633 et
1069 596 1165 633 falsa
1194 603 1232 633 et
1262 594 1404 642 inania,
1436 596 1513 634 sint

178 663 311 699 evulsa
331 676 377 700 ex
398 662 507 700 omni
537 661 726 700 memoria
747 661 904 711 vitaque
931 668 1072 700 nostra.
1136 663 1174 699 Is
1202 660 1306 699 enim
1333 669 1373 700 tu
1395 661 1450 699 vir
1470 676 1512 700 es

178 734 216 764 et
236 740 326 765 eum
348 740 411 765 me
432 740 516 765 esse
537 727 668 777 cupio,
688 734 740 773 ut,
764 726 953 777 quoniam
974 726 1014 764 in
1041 727 1180 765 eadem
1202 725 1255 764 rei
1275 740 1310 776 p.
1336 734 1513 777 tempora

178 790 399 839 incidimus,
441 792 762 831 coniunctionem
807 791 1101 842 amicitiamque
1143 799 1316 830 nostram
1356 791 1510 843 utrique

119 865 354 898 mnostrum
389 858 495 897 laudi
527 872 679 909 sperem
712 860 803 896 fore.
865 860 996 907 Quam
1028 858 1080 897 ob
1115 871 1195 896 rem
1231 865 1284 904 tu,
1317 865 1553 908 quantum4

177 932 245 964 tuo
266 925 411 965 iudicio
436 926 689 966 tribuendum
718 941 802 965 esse
828 926 943 965 nobis
970 934 1093 977 putes,
1118 934 1264 964 statues
1291 926 1373 977 ipse
1395 934 1443 973 et,
1467 934 1510 965 ut

175 1004 299 1040 spero,
333 1000 479 1031 statues
511 1007 557 1031 ex
587 1000 719 1031 nostra
748 992 962 1043 dignitate;
1000 1006 1073 1042 ego
1103 1006 1194 1031 vero
1225 992 1293 1031 tibi
1324 994 1509 1043 profiteor

174 1064 292 1106 atque
331 1057 519 1107 polliceor
557 1057 742 1096 eximium
782 1065 819 1096 et
854 1057 1048 1107 singulare
1087 1071 1219 1096 meum
1259 1057 1433 1096 studium
1469 1057 1508 1096 in

174 1121 282 1159 omni
311 1136 453 1173 genere
483 1123 596 1169 offici,
631 1124 739 1173 quod
770 1124 819 1161 ad
855 1114 1103 1162 honestatem
1139 1131 1177 1161 et
1207 1122 1369 1173 gloriam
1400 1131 1507 1161 tuam

119 1204 151 1235 15
174 1196 332 1237 spectet.
395 1190 441 1226 In
473 1203 552 1238 quo
583 1188 700 1227 etiam
722 1188 753 1227 si
779 1188 890 1227 multi
919 1202 1074 1227 mecum
1097 1190 1350 1236 contendent,
1375 1196 1507 1228 tamen

173 1267 263 1291 cum
303 1253 460 1304 reliquis
500 1254 685 1292 omnibus
726 1262 808 1292 tum
845 1254 995 1294 Crassis
1028 1254 1103 1292 tuis
1143 1254 1338 1293 iudicibus
1378 1255 1506 1294 omnis

173 1317 284 1356 facile
314 1319 535 1368 superabo:
566 1333 666 1369 quos
696 1318 857 1370 quidem
888 1334 960 1369 ego
989 1320 1109 1358 ambo
1139 1319 1254 1358 unice
1281 1320 1412 1370 diligo,
1436 1322 1505 1359 sed

173 1382 211 1420 in
246 1385 425 1422 Marcum
459 1384 734 1423 benevolentia
767 1385 848 1435 pari
880 1386 956 1423 hoc
991 1385 1113 1435 magis
1148 1399 1234 1423 sum
1266 1385 1408 1425 Publio
1440 1387 1505 1425 de-

171 1446 286 1494 ditus,
319 1450 427 1498 quod
459 1463 530 1495 me,
561 1463 802 1500 quamquam
831 1464 853 1487 a
883 1449 1048 1500 pueritia
1078 1464 1146 1488 sua
1176 1464 1338 1501 semper,
1372 1459 1504 1490 tamen

114 1531 152 1550 20
171 1512 247 1551 hoc
268 1520 444 1563 tempore
470 1514 637 1553 maxime
665 1514 766 1553 sicut
791 1516 956 1553 alterum
984 1523 1185 1566 parentem
1207 1523 1244 1554 et
1265 1516 1445 1555 observat
1465 1525 1504 1556 et

171 1578 304 1629 diligit.

227 1646 312 1683 Has
339 1645 483 1684 litteras
508 1646 623 1685 velim
655 1646 851 1686 existimes
881 1646 1048 1686 foederis
1079 1646 1278 1685 habituras
1305 1662 1389 1686 esse
1410 1648 1498 1695 vim,
1521 1661 1545 1700 5

170 1723 250 1748 non
289 1710 488 1760 epistulae,
531 1725 673 1761 meque
707 1726 762 1758 ea,
800 1725 900 1762 quae
935 1712 1004 1750 tibi
1044 1711 1230 1762 promitto
1264 1726 1308 1750 ac
1344 1712 1499 1762 recipio,

169 1774 414 1814 sanctissime
452 1789 537 1814 esse
576 1777 872 1815 observaturum
912 1775 1289 1826 diligentissimeque
1328 1790 1412 1815 esse
1451 1778 1501 1815 fa-

112 1850 150 1881 25
170 1846 334 1877 cturum.
395 1840 508 1889 Quae
528 1855 551 1879 a
571 1855 634 1879 me
659 1849 840 1891 suscepta
860 1841 1038 1880 defensio
1059 1849 1117 1879 est
1138 1849 1175 1879 te
1195 1841 1358 1880 absente
1378 1841 1500 1892 digni-

170 1903 257 1942 tatis
286 1912 384 1951 tuae,
408 1905 447 1942 in
475 1920 521 1944 ea
547 1906 624 1944 iam
655 1920 728 1956 ego
758 1921 838 1945 non
869 1908 997 1945 solum
1022 1906 1217 1945 amicitiae
1244 1915 1399 1946 nostrae
1429 1909 1499 1946 sed

169 1968 285 2007 etiam
307 1971 550 2010 constantiae
578 1985 688 2010 meae
717 1986 835 2010 causa
864 1973 1114 2022 permanebo.
1176 1973 1306 2021 Quam
1337 1973 1389 2011 ob
1416 1987 1497 2012 rem

168 2033 259 2072 satis
289 2048 373 2073 esse
402 2036 478 2074 hoc
509 2043 684 2086 tempore
710 2036 916 2075 arbitratus
947 2050 1033 2075 sum
1064 2038 1139 2075 hoc
1169 2038 1219 2075 ad
1250 2045 1286 2075 te
1316 2037 1494 2085 scribere,

168 2112 241 2145 me,
276 2099 306 2137 si
341 2100 436 2150 quid
470 2100 553 2151 ipse
588 2101 852 2152 intellegerem
886 2110 953 2140 aut
983 2104 1033 2141 ad
1068 2104 1310 2142 voluntatem
1341 2112 1408 2141 aut
1445 2105 1495 2142 ad

109 2176 148 2205 30
168 2166 424 2203 commodum
469 2173 536 2203 aut
579 2167 630 2205 ad
677 2166 979 2217 amplitudine-m
1018 2176 1124 2205 tuam
1164 2167 1366 2217 pertinere,
1409 2181 1496 2206 mea

167 2237 306 2279 sponte
344 2229 384 2268 id
423 2244 507 2270 esse
538 2232 730 2270 facturum
748 2247 758 2280 3
798 2232 857 2270 sin
895 2240 1026 2271 autem
1062 2232 1263 2283 quippiam
1302 2241 1368 2271 aut
1401 2247 1424 2271 a
1457 2241 1494 2271 te

167 2307 292 2332 essem
313 2295 541 2334 admonitus
561 2304 628 2335 aut
648 2311 670 2334 a
697 2296 782 2344 tuis,
805 2298 1033 2336 effecturum
1064 2306 1107 2335 ut
1133 2297 1376 2348 intellegeres
1397 2297 1492 2335 nihil

210 2407 229 2436 5
254 2398 442 2428 inciderunt
472 2398 632 2440 Aladvig:
671 2399 914 2431 interciderunt
946 2401 1032 2432 codd.
1212 2403 1250 2432 18
1276 2402 1308 2432 in
1344 2401 1490 2433 Marcum

169 2439 406 2472 benevolentia
425 2442 543 2473 Orelli:
568 2443 603 2473 in
621 2443 736 2475 Marco
753 2444 1024 2476 benevolentiam
1042 2444 1131 2476 codd.
