1791 2796
498 143 608 178 EPP.
643 143 720 178 Ar)
754 143 1101 180 12‘AMILIARJ‘zs
1428 145 1498 181 VI.

194 252 310 290 Liber
332 260 420 290 tuus
442 261 478 290 et
501 254 623 291 lectus
645 261 701 290 est
723 262 759 291 et
783 254 919 302 legitur
940 268 958 291 η
985 268 1045 291 me
1068 255 1323 303 diligi-uteret
1345 263 1471 293 custo<

136 317 240 355 ditur
271 318 576 367 diligentissime.
640 320 719 357 Res
749 326 786 357 et
817 320 995 357 fortunae
1031 327 1120 357 tuae
1152 320 1245 357 milii
1280 321 1471 359 maxima«-

137 396 251 421 curae
273 391 362 421 sunt
381 398 389 430 ;
429 396 529 433 quae
551 383 712 434 quidem
734 383 880 423 cotidie
902 384 1094 423 faciliores
1116 385 1210 422 mihi
1233 393 1270 423 et
1293 386 1471 425 meliores

137 448 318 486 videntur
349 449 559 499 multisque
585 449 701 488 video
729 463 893 499 magnae
924 463 1008 488 esse
1036 464 1175 498 curae3
1219 464 1385 501 quorum
1420 454 1470 491 de

99 529 116 560 5
137 513 268 552 studio
297 522 335 552 et
364 516 415 552 de
444 528 513 552 sua
543 528 611 565 spe
641 515 764 553 filium
794 517 844 554 ud
876 524 912 554 te
942 516 1211 566 perscripsisse
1241 525 1346 555 certo
1376 517 1467 555 scio.

138 578 190 617 Iis
223 586 353 617 autem
389 581 439 618 de
473 581 599 627 rebus,
633 594 730 630 quas
762 581 987 619 coniectura
1019 582 1209 632 consequi
1243 596 1462 632 possumus,
1491 596 1514 623 2

136 658 216 682 non
252 645 347 682 mihi
381 659 494 683 sumo
528 654 570 684 ut
604 648 692 696 plus
722 646 806 697 ipse
840 647 1076 697 prospiciam
1113 661 1231 698 quam
1267 656 1304 687 te
1339 649 1470 687 videre

135 718 253 760 atque
285 711 507 761 intellegere
538 712 633 749 mihi
664 712 948 762 persuaserim;
993 714 1061 751 sed
1092 720 1234 760 tamen,
1267 713 1359 764 quia
1389 715 1470 752 fieri

137 784 264 826 potest
305 784 345 814 ut
385 784 426 815 tu
472 790 517 815 ea
556 778 839 827 perturbatiore
877 778 1010 817 animo
1051 779 1208 828 cogites,
1252 787 1348 829 puto
1386 795 1470 817 essi·

82 856 118 878 10
139 855 281 888 meum,
312 842 408 892 quid
436 843 612 890 sentiam,
641 857 846 894 exponere.
908 846 966 882 Ea
997 852 1133 882 natura
1155 858 1280 883 rerum
1303 853 1359 884 est
1381 854 1415 884 et
1441 847 1471 883 is

138 916 358 958 temporum
394 922 538 955 cursus,
577 917 618 947 ut
657 923 736 947 non
771 910 893 960 possit
927 910 997 948 ista
1028 919 1094 950 aut
1130 911 1199 949 tibi
1234 919 1300 949 aut
1334 912 1471 950 ceti-ris

139 975 292 1012 fortuna
313 988 396 1012 esse
417 975 601 1013 diuturna
623 988 751 1025 neque
772 977 930 1014 haerere
952 976 989 1013 in
1008 983 1085 1014 tam
1110 977 1215 1015 bona
1235 991 1351 1015 causa
1372 986 1409 1016 et
1433 979 1469 1016 iu

138 1048 216 1077 tum
253 1040 367 1078 bonis
399 1040 550 1079 civibus
583 1049 661 1079 tam
698 1043 838 1079 acerba
873 1042 1021 1080 iniuria.
1083 1044 1199 1091 *tQua
1229 1057 1268 1082 rc
1298 1045 1349 1083 ad
1384 1058 1469 1083 eam
1493 1055 1516 1091 3

139 1119 258 1155 spem,
283 1120 401 1156 quam
429 1114 534 1144 extra
562 1107 739 1145 ordinem
766 1108 816 1145 de
843 1115 879 1146 te
910 1108 995 1158 ipso
1017 1109 1209 1146 habemus
1238 1123 1316 1147 non
1343 1112 1468 1148 solum

82 1187 117 1218 15
138 1181 295 1221 propter
315 1172 545 1221 dignitatem
568 1180 604 1210 et
633 1173 813 1211 virtutem
843 1180 948 1210 tuum
979 1175 1092 1223 (haec
1115 1174 1219 1212 enim
1242 1184 1472 1214 ornamenta

139 1246 229 1274 sunt
250 1237 319 1275 tibi
342 1237 458 1275 etiam
481 1251 570 1275 cum
587 1238 671 1275 aliis
693 1239 947 1287 communia),
967 1240 1162 1277 accedunt
1176 1247 1242 1278 tua
1263 1241 1471 1292 praecipua

139 1310 294 1352 propter
324 1302 509 1341 eximium
541 1303 740 1353 ingenium
773 1318 1048 1354 summamque
1079 1305 1271 1352 virtutem,
1302 1307 1363 1345 cui
1394 1321 1472 1345 me-

139 1369 314 1407 hercules
354 1368 427 1415 hic,
469 1369 580 1407 cuius
619 1369 657 1406 in
698 1377 890 1419 potestate
929 1383 1074 1415 sumus,
1117 1373 1284 1409 multum
1324 1372 1468 1411 tribuit.

139 1435 278 1484 Itaque
300 1448 349 1472 ne
370 1442 560 1484 punctum
583 1435 743 1485 quidem
770 1435 956 1485 temporis
988 1436 1026 1473 in
1050 1436 1121 1474 ista
1142 1438 1297 1475 fortuna
1320 1438 1468 1486 fuisses,

79 1515 117 1537 20
137 1499 210 1537 nisi
232 1513 279 1538 eo
301 1500 386 1550 ipso
407 1501 514 1539 bono
532 1508 610 1547 tuo,
635 1515 715 1551 quo
744 1502 970 1547 delectatur,
995 1515 1036 1540 se
1058 1501 1245 1540 violatum
1268 1512 1442 1553 putasset
1464 1520 1471 1551 ;

137 1566 244 1614 quod
266 1565 394 1615 ipsum
420 1566 561 1604 lenitur
587 1566 732 1605 cotidie
764 1566 1083 1617 significaturque
1116 1568 1231 1606 nobis
1251 1569 1302 1607 ab
1324 1569 1379 1616 iis,
1403 1571 1470 1620 qui

137 1630 250 1668 simul
284 1645 373 1669 cum
414 1645 461 1670 eo
501 1632 644 1679 vivunt,
679 1632 747 1671 tibi
780 1634 882 1671 hanc
919 1633 1042 1683 ipsam
1080 1633 1308 1683 opinionem
1339 1635 1469 1685 ingeni

135 1698 240 1745 apud
262 1696 370 1735 illum
392 1697 603 1747 plurimum
633 1700 885 1748 profuturam.
949 1700 1199 1749 Quapropter
1218 1700 1387 1749 primum
1409 1703 1468 1739 fac
1487 1711 1513 1749 4

135 1762 267 1801 animo
288 1763 375 1801 forti
403 1771 520 1813 atque
550 1777 692 1814 magno
726 1765 777 1802 sis
810 1765 879 1815 (ita
908 1764 1014 1803 enim
1046 1772 1170 1811 natus,
1194 1765 1246 1803 ita
1266 1767 1466 1812 educatus,

79 1842 114 1874 25
136 1827 187 1865 ita
207 1829 347 1866 doctus
378 1828 505 1874 es‚·ita
535 1829 651 1867 etiam
686 1830 876 1880 cognitus,
903 1838 945 1868 ut
970 1830 1039 1868 tibi
1070 1830 1109 1868 id
1140 1830 1363 1869 faciendum
1391 1832 1467 1882 sit),

135 1893 279 1932 deinde
300 1907 409 1944 spem
432 1908 590 1944 quoque
614 1897 760 1934 habeas
779 1896 1040 1934 firmissimam
1063 1903 1220 1946 propter
1240 1910 1304 1934 eas
1321 1910 1468 1944 causas,

135 1971 231 2007 quas
266 1958 410 2009 scripsi.
472 1963 506 1997 A
538 1975 600 2000 me
633 1976 723 2000 vero
756 1962 824 2000 tibi
857 1961 989 2000 omnia
1021 1961 1230 2011 liberisque
1260 1962 1335 2000 tuis
1365 1977 1470 2013 para-

134 2023 282 2062 tissima
321 2038 405 2063 esse
445 2029 622 2067 confidas
663 2029 806 2075 velim;
853 2028 892 2066 id
932 2028 1037 2066 enim
1073 2036 1110 2066 et
1146 2035 1316 2066 vetustas
1348 2029 1468 2067 nostri

134 2090 275 2128 amoris
305 2099 342 2129 et
373 2106 460 2132 mea
491 2095 738 2133 consuetudo
768 2094 807 2132 in
839 2108 947 2133 meos
978 2102 1016 2133 et
1047 2101 1111 2132 tua
1142 2095 1264 2132 multa
1288 2107 1377 2144 erga
1407 2108 1469 2134 me

77 2170 115 2200 30
135 2156 261 2194 officia
281 2161 490 2208 postulant.

181 2255 218 2284 13
244 2246 358 2285 Quare
379 2258 406 2277 a.
432 2257 458 2277 e.
481 2257 520 2278 s..
540 2258 638 2286 quam
659 2248 700 2278 dc
718 2248 873 2278 omnibus
889 2248 1060 2287 habemus,
1078 2249 1204 2279 accedit
1224 2260 1262 2279 ea
1280 2260 1378 2288 quam
1398 2274 1404 2280 .
1427 2274 1433 2280 .
1456 2274 1462 2281 .

135 2291 334 2329 communia,
365 2291 426 2321 sed
452 2296 601 2330 propter,
631 2294 691 2323 &c.
720 2290 868 2331 Madvig,
897 2293 956 2331 qui
976 2292 1063 2322 hunc
1086 2293 1192 2323 lorum
1222 2298 1258 2323 nt
1280 2293 1464 2332 menmium

134 2333 391 2373 interpolationis
406 2334 461 2376 [sc.
479 2335 645 2365 accedunt
659 2339 715 2365 tua
727 2334 926 2375 praecipua]
938 2336 1093 2366 lacunam
1106 2336 1307 2366 obscurantis
1319 2336 1465 2366 adducit:

135 2387 235 2416 quam
260 2377 420 2409 rationem
446 2381 631 2418 sequuntur
653 2377 845 2419 [Vesenbmg
861 2379 993 2409 Baiter:
1026 2379 1100 2418 Qua
1119 2390 1155 2410 re
1172 2380 1259 2410 adde
1277 2390 1349 2410 eam
1368 2390 1462 2419 spem

134 2430 232 2458 quam
252 2445 259 2451 .
276 2445 283 2452 .
300 2445 306 2451 .
324 2422 618 2452 communia—sed
633 2422 733 2453 etiam
752 2432 838 2461 quae
856 2427 935 2452 sunt
953 2427 1007 2453 tua
1027 2422 1210 2462 praecipua
1224 2428 1363 2462 propter
1380 2423 1465 2453 Boot

139 2473 175 2501 17
201 2464 356 2494 virtutem
370 2464 457 2496 codd.
473 2476 479 2494 :
504 2465 729 2504 eloquentiam
743 2465 865 2496 Sclu'itz
879 2466 942 2496 coll.
959 2476 1012 2505 9.1
1032 2476 1038 2495 ε
1060 2467 1191 2497 dicendi
1204 2468 1360 2497 virtutem
1373 2466 1461 2497 Koch
