1791 2796
157 881 194 903 10

156 1538 194 1560 20

580 163 689 200 El‘l’.
726 164 800 200 AD
834 163 1179 200 FAMILIARES
1499 164 1567 201 IX.
1589 162 1694 199 xxvi

213 275 343 321 audis)
360 288 488 325 angar,
507 274 724 313 excruciem
743 287 805 312 me
822 276 838 312 ?
877 274 986 323 Quid
1002 275 1195 324 adsequar
1212 277 1227 313 ?
1266 274 1411 313 deinde
1425 287 1543 324 quem

213 343 263 380 ad
289 343 438 380 finem?
489 341 651 388 ‘Vivas,⁷
675 340 803 390 inquis
834 340 895 378 ‘in
927 340 1085 378 litteris)
1143 343 1206 378 An
1236 340 1449 390 quicquam
1483 354 1545 378 me

213 408 319 446 aliud
341 420 454 457 agere
475 420 611 445 censes
631 414 697 445 aut
719 419 834 457 posse
859 406 996 452 vivere,
1022 405 1094 444 nisi
1123 405 1162 443 in
1188 406 1323 444 litteris
1345 406 1545 444 viverem?

215 474 292 511 Sed
332 481 389 511 est
428 486 560 511 earum
601 472 716 510 etiam
758 486 837 510 non
878 472 1033 510 satietas
1068 473 1137 510 sed
1174 471 1335 521 quidam
1376 472 1547 513 modus:

214 551 235 576 a
274 537 417 588 quibus
456 551 546 576 cum
585 537 757 584 discessi,
793 537 864 576 etsi
904 537 1111 575 minimum
1147 536 1241 574 mihi
1281 545 1338 575 est
1375 536 1413 574 in
1449 549 1545 574 cena

215 605 339 654 (quod
370 613 411 642 tu
441 617 564 641 unum
594 605 738 654 ζήτημα
771 603 891 641 Dioni
921 603 1159 654 philosopho
1190 602 1382 653 posuisti),
1412 610 1544 640 tamen

214 669 310 719 quid
332 669 460 719 potius
482 669 632 716 faciam,
653 669 757 720 prius
774 682 891 718 quam
915 682 977 706 me
999 668 1211 706 dormitum
1233 668 1445 713 conferam,
1462 679 1541 704 non

213 736 374 787 reperio.
434 736 539 775 Audi
554 736 724 786 reliqua:
755 737 859 774 Infra
878 737 1131 785 Eutrapelum
1150 734 1329 784 Cytheris
1346 733 1540 772 accubuit.
1563 739 1586 767 2

216 804 287 840 ‘In
308 816 356 841 eo
377 802 514 853 igitur‚'
536 802 675 852 inquiS,
702 802 905 840 ‘convivio
927 802 1068 840 Cicero
1090 801 1162 847 ille,

268 869 399 917 Quem
433 869 700 919 aspectabant,
733 868 843 906 cuius
878 868 929 906 ol)
965 881 1008 905 os
1043 866 1149 905 Graii
1184 865 1251 905 ora
1285 865 1544 904 obvertebant

213 935 332 973 sua?’

267 1000 361 1038 Non
382 1013 445 1039 me
466 990 623 1038 hercule
644 999 863 1050 suspicatus
885 1012 971 1037 sum
994 998 1098 1036 illam
1120 999 1264 1036 adfore.
1312 997 1390 1035 Sed
1412 1004 1544 1035 tamen

213 1078 263 1103 ne
297 1064 519 1116 Aristippus
553 1064 715 1115 quidem
755 1064 819 1102 ille
854 1062 1075 1102 Socraticus
1110 1062 1275 1109 erubuit,
1317 1075 1407 1100 eum
1443 1069 1544 1099 esset

213 1129 413 1168 obiectum
434 1130 579 1169 habere
595 1144 685 1169 eum
708 1129 841 1168 Laida.
903 1133 911 1149 ‘
927 1129 1096 1175 Habeo,'
1118 1127 1254 1178 inquit,
1274 1131 1375 1165 ‘non
1398 1127 1545 1165 habeor

176 1208 190 1238 ,·
212 1209 234 1233 a
256 1194 400 1233 Laide’
422 1196 590 1245 (Graece
611 1196 687 1233 hoc
717 1194 856 1233 melius
874 1208 882 1240 ;
911 1201 966 1241 tu,
994 1193 1022 1231 si
1049 1194 1166 1239 voles,
1194 1192 1516 1241 interpretabere)
1537 1205 1543 1233 :

214 1273 276 1299 me
297 1273 388 1298 vero
408 1260 505 1298 nihil
527 1260 688 1299 istorum
716 1274 766 1298 ne
793 1259 976 1298 iuvenem
1005 1258 1167 1309 quidem
1198 1257 1319 1295 movit
1340 1269 1541 1306 umquam,

214 1339 263 1363 ne
301 1338 407 1364 nune
441 1338 600 1373 senem;
641 1324 823 1363 convivio
857 1326 1058 1371 delector:
1099 1323 1152 1361 ibi
1186 1324 1326 1373 loquor
1360 1323 1468 1372 quod
1504 1321 1540 1358 in

213 1392 352 1438 solum,
384 1398 426 1429 ut
455 1390 606 1439 dicitur,
638 1398 677 1429 et
704 1390 894 1441 gemitum
925 1390 964 1428 in
995 1389 1091 1427 risus
1121 1387 1312 1427 maximos
1339 1387 1539 1425 transfero.

213 1458 277 1494 An
298 1464 339 1494 tu
367 1456 407 1495 id
435 1452 585 1504 melius,
608 1456 675 1506 qui
705 1455 822 1495 etiam
852 1453 925 1508 [in]
954 1454 1235 1505 philosophum
1264 1451 1444 1498 inriseris‚
1475 1452 1584 1500 qni3

213 1534 303 1560 curn
320 1521 394 1569 ille,
414 1522 461 1560 ‘si
481 1521 568 1572 quis
589 1521 685 1572 quid
705 1522 932 1572 quaereret,'
946 1519 1117 1567 dixisset,
1136 1532 1276 1558 cenam
1297 1526 1335 1557 te
1356 1530 1541 1568 quaerere

212 1600 235 1625 a
255 1600 371 1626 mane
400 1586 571 1626 dixeris?
620 1588 691 1626 Ille
720 1586 816 1625 baro
846 1594 884 1625 te
913 1586 1076 1637 putabat
1106 1584 1385 1635 quaesiturum,
1418 1595 1540 1620 unum

212 1653 364 1690 caelum
392 1660 493 1691 esset
520 1666 570 1691 an
598 1650 908 1691 innumerabilia.
969 1650 1078 1700 Quid
1108 1650 1158 1688 ad
1185 1650 1255 1687 te?
1302 1650 1355 1686 At
1385 1648 1542 1685 hercule

213 1720 336 1757 †cena
364 1731 445 1756 non
475 1718 571 1769 quid
599 1719 650 1756 ad
679 1726 716 1756 te
746 1717 815 1756 tibi
846 1716 1082 1768 praesertim.
1143 1715 1206 1753 Sic
1236 1713 1350 1764 igitur
1379 1712 1542 1750 vivitur:

213 1782 370 1821 Cotidie
394 1782 543 1833 aliquid
574 1783 711 1832 legitur
739 1789 806 1820 aut
836 1781 1038 1827 scribitur3
1079 1779 1169 1818 dein
1202 1791 1251 1817 ne
1280 1777 1415 1816 amicis
1446 1777 1542 1814 nihil

177 1847 443 1895 :tribuamus',
485 1849 689 1898 epulamur
720 1860 798 1885 una
829 1860 909 1884 non
951 1846 1070 1883 modo
1109 1857 1188 1882 non
1229 1850 1363 1881 contra
1402 1843 1538 1891 legem,

212 1912 242 1950 si
275 1914 353 1950 ulla
387 1926 492 1951 nune
530 1915 591 1951 lex
630 1920 700 1959 est,
735 1913 805 1950 sed
844 1911 961 1950 etiam
1001 1910 1100 1947 intra
1138 1911 1263 1958 legem
1303 1916 1341 1946 et
1379 1906 1540 1957 quidem

212 1978 424 2028 aliquanto.
485 1979 576 2026 Qua
605 1991 644 2015 re
675 1977 769 2015 nihil
800 1984 857 2015 est
889 1977 997 2026 quod
1027 1977 1241 2014 adventum
1273 1980 1450 2012 nostrum
1482 1985 1542 2010 ex-

213 2044 393 2082 timescas
412 2057 421 2089 3
451 2056 530 2080 non
553 2042 663 2080 multi
685 2042 760 2080 cibi
783 2041 978 2092 hospitem
1000 2039 1184 2090 accipies,
1205 2038 1317 2077 multi
1339 2037 1426 2076 ioci.

258 2158 271 2177 1
299 2146 535 2178 excruciemne
555 2157 606 2177 me
625 2146 679 2176 Mc
791 2157 810 2185 3
835 2156 935 2186 posse
952 2145 1106 2176 Starkcr:
1133 2153 1268 2184 possem
1287 2141 1377 2174 codd.
1503 2152 1539 2181 14

213 2191 337 2232 inquit]
355 2191 473 2230 inquit.
498 2190 622 2221 ‘Laida
644 2190 651 2202 ⁷
670 2189 875 2230 leenberg:
912 2200 1048 2220 curuon
1073 2188 1166 2219 addit
1186 2187 1291 2218 Laida
1315 2190 1389 2217 anre
1410 2185 1540 2217 habeo?

216 2245 252 2274 15
277 2246 296 2266 a
315 2235 418 2265 Laide
434 2233 500 2265 secl.
524 2233 711 2274 Wesenbmgr
873 2244 910 2273 19
934 2233 967 2264 in
986 2232 1043 2263 del.
1067 2233 1232 2269 Gracm’us,
1250 2230 1338 2270 vulg.
1482 2229 1538 2267 qni

212 2288 287 2309 cum
310 2277 518 2318 lVesetzbm'g:
542 2288 615 2309 cum
633 2277 741 2309 codd:
771 2288 914 2317 cumque
932 2277 1106 2307 Lehmann
1212 2285 1252 2313 23
1277 2284 1360 2304 cena
1380 2273 1538 2312 numquid

212 2322 254 2352 ad
270 2326 312 2355 te.
333 2322 377 2352 ibi
396 2323 617 2361 praesertim?
642 2321 728 2361 vulg.
864 2321 904 2350 28
929 2319 1040 2360 multi]
1059 2320 1118 2350 sed
1137 2318 1229 2349 multi
1249 2317 1335 2347 Crat.

255 2507 316 2529 εις.
337 2508 384 2528 ΑΒ
403 2508 479 2529 mm.
1413 2494 1453 2525 18
