1791 2796
111 154 228 192 XIII.
248 154 340 191 lviii
630 153 685 190 M.
718 153 887 205 TVLLI
920 152 1229 191 CICERONIS

252 272 413 302 tantum
445 272 485 302 ut
514 264 636 302 facilis
661 265 711 302 ad
733 272 771 302 te
791 263 920 302 aditus
942 264 1096 311 habeat,
1113 277 1214 314 quae
1235 277 1359 314 aequa
1381 263 1595 314 postulabit

257 336 303 368 'ut
318 330 465 368 libente
485 338 523 367 te
546 329 737 380 impetret,
757 329 978 380 sentiatque
996 342 1123 368 meam
1146 330 1219 367 sibi
1235 329 1461 377 amicitiam,
1478 329 1595 368 etiam

262 409 353 435 cum
375 395 601 446 longissime
621 395 760 443 absim,
783 396 980 446 prodesse,
1006 395 1044 433 in
1066 395 1199 446 primis
1220 396 1326 446 apud
1347 403 1395 434 te.

307 577 412 613 LIX
479 578 549 612 Scr.
567 578 750 611 Laudiceae
762 583 837 621 post
853 590 882 611 (ι.
902 578 933 610 d.
952 579 990 610 iii
1004 577 1054 611 Id.
1072 578 1161 611 Febr.
1182 589 1212 611 a.
1233 589 1292 619 704
1315 580 1395 620 (50).

423 669 466 701 M.
494 669 670 712 CICERO
695 669 734 701 C.
763 668 937 700 CVRTIO
963 667 1278 699 PEDVCAEANO
1304 667 1375 699 PR.
1403 667 1438 699 S.
1620 682 1638 714 5

323 761 378 798 M.
404 759 570 799 Fadium
592 759 707 797 unice
727 758 859 809 diligo,
884 771 1117 809 summaque
1140 757 1234 795 mihi
1257 770 1346 795 cum
1369 770 1416 795 eo
1437 769 1600 795 consue-

267 826 365 864 tudo
404 833 442 864 et
480 824 719 864 familiaritas
757 832 815 863 est
855 822 1051 875 pervetuS.¹
1118 824 1166 861 In
1205 823 1288 862 eius
1327 821 1602 861 controversiis

267 891 365 942 quid
394 892 583 930 decernas
615 904 638 929 a
666 898 704 929 te
734 903 814 928 non
842 898 935 940 peto
966 889 1166 940 (servabis,
1190 897 1231 927 ut
1259 896 1325 927 tua
1354 889 1450 926 fides
1483 895 1520 926 et
1548 887 1603 926 di-

268 958 395 1008 gnitas
425 958 606 1008 postulat,
631 956 804 995 edictum
831 964 868 994 et
898 955 1120 994 institutum
1148 954 1289 1004 tuum),
1319 955 1388 992 sed
1415 961 1456 992 ut
1484 966 1603 1003 quam

270 1023 475 1061 facillimos
502 1023 552 1061 ad
580 1030 617 1060 te
643 1021 773 1060 aditus
801 1021 955 1068 habeat,
979 1034 1080 1071 quae
1108 1027 1221 1058 erunt
1244 1032 1371 1069 aequa
1397 1019 1544 1057 libente
1565 1026 1603 1057 te
1629 1032 1667 1054 ιο

271 1089 463 1140 impetret,
487 1096 528 1126 ut
550 1101 678 1126 meam
708 1087 920 1125 amicitiam
947 1086 1031 1133 sibi,
1056 1086 1173 1125 etiam
1195 1099 1286 1123 cum
1308 1086 1442 1135 procul
1463 1084 1602 1131 absim,

273 1156 459 1206 prodesse
489 1154 642 1201 sentiat,
665 1152 891 1204 praesertim
921 1153 1028 1203 apud
1059 1160 1107 1190 te.
1172 1153 1265 1189 Hoc
1290 1159 1328 1189 te
1354 1151 1607 1189 vehementer

273 1221 391 1259 etiam
407 1228 527 1271 atque
547 1219 664 1258 etiam
687 1232 792 1269 rogo.

319 1402 398 1438 LX
465 1404 534 1436 Scr.
553 1403 683 1434 Romae
693 1406 768 1444 post
784 1401 923 1434 reditum
942 1401 1085 1442 sortasst'
1107 1411 1155 1433 ex.
1180 1412 1212 1433 a.
1241 1402 1306 1442 698
1331 1401 1408 1442 (56).

570 1492 613 1523 M.
641 1491 816 1523 CICERO
841 1491 879 1523 C.
910 1490 1123 1522 MVNATIO
1148 1490 1186 1522 C.
1216 1489 1248 1521 F.
1278 1489 1313 1521 S.
1633 1499 1670 1534 15

244 1595 260 1622 1
334 1585 377 1622 L.
402 1581 600 1621 Livineius
631 1582 793 1632 Trypho
814 1590 871 1620 est
892 1580 1056 1619 omnino
1078 1581 1120 1618 L.
1147 1578 1298 1629 Reguli,
1323 1576 1610 1616 familiarissimi

280 1649 367 1697 mei,
397 1649 583 1695 libertus3
613 1647 723 1685 cuius
754 1644 954 1685 calamitas
979 1645 1097 1684 etiam
1125 1644 1399 1683 officiosiorem
1430 1656 1492 1682 me
1521 1641 1611 1681 facit

280 1716 318 1754 in
351 1715 484 1762 illum3
525 1726 615 1751 nam
652 1711 949 1751 benevolentior
983 1724 1101 1761 quam
1138 1723 1292 1760 semper
1326 1709 1380 1747 fui
1413 1722 1498 1748 esse
1531 1720 1611 1745 non

282 1794 453 1831 possum.
533 1779 610 1817 Sed
649 1791 722 1828 ego
762 1777 943 1816 libertum
983 1776 1066 1815 eius
1106 1788 1174 1826 per
1212 1788 1254 1813 se
1293 1774 1421 1825 ipsum
1462 1772 1615 1823 dilig03

283 1859 436 1885 summa
475 1845 581 1884 enim
620 1844 703 1882 eius
742 1857 831 1893 erga
866 1856 928 1881 me
963 1841 1090 1880 officia
1129 1841 1357 1880 exstiterunt
1393 1839 1438 1877 iis
1473 1837 1614 1877 nostris
1636 1850 1676 1872 20

283 1911 538 1962 temporibus,
561 1909 705 1960 quibus
727 1907 910 1947 facillime
939 1905 1120 1960 [bonam]
1146 1904 1464 1946 benevolentiam
1492 1903 1615 1942 homi-

241 1993 265 2020 2
285 1991 378 2016 num
409 1985 446 2015 et
475 1977 594 2014 fidem
625 1973 844 2025 perspicere
871 1973 994 2023 potui.
1055 1975 1157 2011 Eum
1182 1971 1253 2010 tibi
1280 1971 1333 2009 ita
1362 1970 1612 2015 commendo,

285 2052 324 2081 ut
356 2041 536 2080 homines
561 2039 655 2091 grati
678 2047 715 2078 et
738 2052 931 2077 memores
953 2039 1055 2077 bene
1084 2037 1242 2077 meritos
1271 2038 1321 2076 de
1349 2049 1389 2074 se
1417 2047 1615 2073 commen-

284 2110 376 2147 dare
398 2107 556 2145 debent.
618 2108 844 2155 Pergratum
872 2103 967 2142 mihi
996 2103 1142 2150 seceris,
1167 2102 1197 2141 si
1223 2102 1285 2140 ille
1311 2099 1539 2139 intellexerit
1561 2112 1612 2144 se,

285 2174 394 2224 quod
427 2185 496 2222 pro
527 2173 652 2210 salute
685 2184 771 2210 mea
799 2171 921 2208 multa
951 2169 1123 2220 pericula
1153 2167 1302 2214 adierit,
1335 2178 1453 2216 saepe
1486 2163 1615 2202 hieme
1636 2176 1674 2207 25

287 2251 441 2278 summa
456 2238 654 2288 navigarit,
674 2250 743 2288 pro
764 2245 829 2275 tua
851 2249 940 2286 erga
954 2249 1016 2274 me
1033 2232 1307 2274 benevolentia
1326 2238 1478 2282 gratum
1499 2228 1615 2268 etiam

287 2305 357 2344 tibi
380 2304 527 2343 secisse.

333 2411 354 2440 6
379 2409 516 2440 Fadium
537 2407 655 2438 Orelli:
684 2405 821 2437 Fabium
838 2403 928 2435 codd.
1110 2412 1147 2433 21
1176 2403 1297 2434 bonam
1318 2400 1373 2432 del.
1394 2398 1513 2430 Klotz:
1545 2400 1622 2428 ante

290 2449 390 2484 iidem
407 2452 608 2494 transposuit
624 2448 744 2482 Lamb.
