<?xml version="1.0" encoding="UTF-8"?>
<!DOCTYPE html PUBLIC "-//W3C//DTD XHTML 1.0 Transitional//EN"
    "http://www.w3.org/TR/xhtml1/DTD/xhtml1-transitional.dtd">
<html xmlns="http://www.w3.org/1999/xhtml" xml:lang="en" lang="en">
 <head>
  <title>
</title>
<meta http-equiv="Content-Type" content="text/html;charset=utf-8" />
  <meta name='ocr-system' content='tesseract 3.04.00' />
  <meta name='ocr-capabilities' content='ocr_page ocr_carea ocr_par ocr_line ocrx_word'/>
</head>
<body>
  <div class='ocr_page' id='page_1' title='image "./epistulaerecogno01ciceuoft_0010.png"; bbox 0 0 1813 2763; ppageno 0'>
   <div class='ocr_carea' id='block_1_1' title="bbox 740 129 1060 169">
    <p class='ocr_par' dir='ltr' id='par_1_1' title="bbox 740 129 1060 169">
     <span class='ocr_line' id='line_1_1' title="bbox 740 129 1060 169; baseline -0.003 -1"><span class='ocrx_word' id='word_1_1' title='bbox 740 129 1060 169; x_wconf 80' lang='lat' dir='ltr'><strong>PRAEFATIO</strong></span> 
     </span>
    </p>
   </div>
   <div class='ocr_carea' id='block_1_2' title="bbox 182 236 1574 2066">
    <p class='ocr_par' dir='ltr' id='par_1_2' title="bbox 233 236 1570 861">
     <span class='ocr_line' id='line_1_2' title="bbox 233 236 1566 292; baseline -0.005 -11"><span class='ocrx_word' id='word_1_2' title='bbox 233 249 472 282; x_wconf 80' lang='lat' dir='ltr'><strong>correctores</strong></span> <span class='ocrx_word' id='word_1_3' title='bbox 493 254 700 292; x_wconf 86' lang='lat' dir='ltr'>perpessus</span> <span class='ocrx_word' id='word_1_4' title='bbox 715 242 751 289; x_wconf 76' lang='lat'>¹3</span> <span class='ocrx_word' id='word_1_5' title='bbox 789 248 827 279; x_wconf 91' lang='lat' dir='ltr'>et</span> <span class='ocrx_word' id='word_1_6' title='bbox 856 239 1053 278; x_wconf 82' lang='lat' dir='ltr'>Parisinus</span> <span class='ocrx_word' id='word_1_7' title='bbox 1085 241 1209 288; x_wconf 85' lang='lat'>17812</span> <span class='ocrx_word' id='word_1_8' title='bbox 1233 252 1332 277; x_wconf 85' lang='lat' dir='ltr'>saec.</span> <span class='ocrx_word' id='word_1_9' title='bbox 1356 237 1406 276; x_wconf 83' lang='lat' dir='ltr'>xii</span> <span class='ocrx_word' id='word_1_10' title='bbox 1426 236 1512 290; x_wconf 82' lang='lat' dir='ltr'>(R),</span> <span class='ocrx_word' id='word_1_11' title='bbox 1534 236 1566 275; x_wconf 92' lang='lat' dir='ltr'>is</span> 
     </span>
     <span class='ocr_line' id='line_1_3' title="bbox 234 309 1567 364; baseline -0.004 -12"><span class='ocrx_word' id='word_1_12' title='bbox 234 326 392 364; x_wconf 87' lang='lat' dir='ltr'>quoque</span> <span class='ocrx_word' id='word_1_13' title='bbox 415 311 666 350; x_wconf 87' lang='lat' dir='ltr'>multifariam</span> <span class='ocrx_word' id='word_1_14' title='bbox 695 319 891 351; x_wconf 82' lang='lat' dir='ltr'>correctus</span> <span class='ocrx_word' id='word_1_15' title='bbox 905 311 929 348; x_wconf 89' lang='lat'>².</span> <span class='ocrx_word' id='word_1_16' title='bbox 991 312 1046 349; x_wconf 92' lang='lat' dir='ltr'>Hi</span> <span class='ocrx_word' id='word_1_17' title='bbox 1077 311 1158 349; x_wconf 89' lang='lat' dir='ltr'>duo</span> <span class='ocrx_word' id='word_1_18' title='bbox 1188 309 1346 349; x_wconf 88' lang='lat' dir='ltr'>codices</span> <span class='ocrx_word' id='word_1_19' title='bbox 1375 316 1459 348; x_wconf 87' lang='lat' dir='ltr'>arto</span> <span class='ocrx_word' id='word_1_20' title='bbox 1486 309 1567 347; x_wconf 90' lang='lat' dir='ltr'>vin-</span> 
     </span>
     <span class='ocr_line' id='line_1_4' title="bbox 234 380 1567 433; baseline -0.005 -10"><span class='ocrx_word' id='word_1_21' title='bbox 234 386 323 424; x_wconf 90' lang='lat' dir='ltr'>culo</span> <span class='ocrx_word' id='word_1_22' title='bbox 343 384 442 423; x_wconf 91' lang='lat' dir='ltr'>inter</span> <span class='ocrx_word' id='word_1_23' title='bbox 464 397 505 422; x_wconf 89' lang='lat' dir='ltr'>se</span> <span class='ocrx_word' id='word_1_24' title='bbox 526 383 676 430; x_wconf 85' lang='lat' dir='ltr'>conexi,</span> <span class='ocrx_word' id='word_1_25' title='bbox 701 383 809 433; x_wconf 87' lang='lat' dir='ltr'>quod</span> <span class='ocrx_word' id='word_1_26' title='bbox 829 396 876 421; x_wconf 84' lang='lat' dir='ltr'>ex</span> <span class='ocrx_word' id='word_1_27' title='bbox 896 383 1124 420; x_wconf 86' lang='lat' dir='ltr'>lacunarum</span> <span class='ocrx_word' id='word_1_28' title='bbox 1151 380 1433 419; x_wconf 82' lang='lat' dir='ltr'>communione</span> <span class='ocrx_word' id='word_1_29' title='bbox 1463 392 1567 430; x_wconf 89' lang='lat' dir='ltr'>prae-</span> 
     </span>
     <span class='ocr_line' id='line_1_5' title="bbox 234 450 1568 506; baseline -0.005 -12"><span class='ocrx_word' id='word_1_30' title='bbox 234 455 348 506; x_wconf 85' lang='lat' dir='ltr'>cipue</span> <span class='ocrx_word' id='word_1_31' title='bbox 369 457 506 502; x_wconf 87' lang='lat' dir='ltr'>elucet‚</span> <span class='ocrx_word' id='word_1_32' title='bbox 534 456 572 492; x_wconf 93' lang='lat' dir='ltr'>in</span> <span class='ocrx_word' id='word_1_33' title='bbox 595 453 725 492; x_wconf 90' lang='lat' dir='ltr'>multis</span> <span class='ocrx_word' id='word_1_34' title='bbox 747 453 863 492; x_wconf 87' lang='lat' dir='ltr'>rebus</span> <span class='ocrx_word' id='word_1_35' title='bbox 884 465 907 490; x_wconf 89' lang='lat' dir='ltr'>a</span> <span class='ocrx_word' id='word_1_36' title='bbox 927 453 985 490; x_wconf 83' lang='lat' dir='ltr'><em>M</em></span> <span class='ocrx_word' id='word_1_37' title='bbox 998 452 1219 501; x_wconf 83' lang='lat' dir='ltr'>discrepare</span> <span class='ocrx_word' id='word_1_38' title='bbox 1240 450 1503 497; x_wconf 87' lang='lat' dir='ltr'>inveniuntur,</span> <span class='ocrx_word' id='word_1_39' title='bbox 1526 457 1568 487; x_wconf 90' lang='lat' dir='ltr'>ut</span> 
     </span>
     <span class='ocr_line' id='line_1_6' title="bbox 235 521 1565 578; baseline -0.006 -12"><span class='ocrx_word' id='word_1_40' title='bbox 235 527 287 566; x_wconf 91' lang='lat' dir='ltr'>ibi</span> <span class='ocrx_word' id='word_1_41' title='bbox 309 540 468 578; x_wconf 85' lang='lat' dir='ltr'>quoque</span> <span class='ocrx_word' id='word_1_42' title='bbox 489 540 511 564; x_wconf 88' lang='lat' dir='ltr'>a</span> <span class='ocrx_word' id='word_1_43' title='bbox 532 525 682 564; x_wconf 80' lang='lat' dir='ltr'>lacunis</span> <span class='ocrx_word' id='word_1_44' title='bbox 708 522 867 564; x_wconf 87' lang='lat' dir='ltr'>decerni</span> <span class='ocrx_word' id='word_1_45' title='bbox 889 530 1018 574; x_wconf 88' lang='lat' dir='ltr'>potest</span> <span class='ocrx_word' id='word_1_46' title='bbox 1040 521 1147 574; x_wconf 87' lang='lat' dir='ltr'>(vide</span> <span class='ocrx_word' id='word_1_47' title='bbox 1168 522 1218 561; x_wconf 92' lang='lat' dir='ltr'>sis</span> <span class='ocrx_word' id='word_1_48' title='bbox 1240 523 1287 560; x_wconf 92' lang='lat' dir='ltr'>iv.</span> <span class='ocrx_word' id='word_1_49' title='bbox 1316 536 1373 560; x_wconf 89' lang='lat'>12.</span> <span class='ocrx_word' id='word_1_50' title='bbox 1400 535 1417 559; x_wconf 90' lang='lat'><strong>2</strong></span> <span class='ocrx_word' id='word_1_51' title='bbox 1438 537 1444 559; x_wconf 92' lang='lat'>:</span> <span class='ocrx_word' id='word_1_52' title='bbox 1475 534 1508 559; x_wconf 93' lang='lat' dir='ltr'>v.</span> <span class='ocrx_word' id='word_1_53' title='bbox 1535 534 1565 558; x_wconf 91' lang='lat'>2.</span> 
     </span>
     <span class='ocr_line' id='line_1_7' title="bbox 239 592 1569 648; baseline -0.006 -11"><span class='ocrx_word' id='word_1_54' title='bbox 239 611 256 648; x_wconf 93' lang='lat'>7</span> <span class='ocrx_word' id='word_1_55' title='bbox 275 599 343 637; x_wconf 90' lang='lat' dir='ltr'>ubi</span> <span class='ocrx_word' id='word_1_56' title='bbox 364 612 466 648; x_wconf 88' lang='lat' dir='ltr'>quae</span> <span class='ocrx_word' id='word_1_57' title='bbox 483 599 541 636; x_wconf 83' lang='lat' dir='ltr'><em>M</em></span> <span class='ocrx_word' id='word_1_58' title='bbox 553 596 698 635; x_wconf 89' lang='lat' dir='ltr'>omittit</span> <span class='ocrx_word' id='word_1_59' title='bbox 722 609 768 635; x_wconf 78' lang='lat' dir='ltr'>ex</span> <span class='ocrx_word' id='word_1_60' title='bbox 787 597 867 635; x_wconf 82' lang='lat' dir='ltr'>GR</span> <span class='ocrx_word' id='word_1_61' title='bbox 887 595 1145 645; x_wconf 78' lang='lat' dir='ltr'>supplentur3</span> <span class='ocrx_word' id='word_1_62' title='bbox 1173 595 1220 631; x_wconf 86' lang='lat' dir='ltr'>cs.</span> <span class='ocrx_word' id='word_1_63' title='bbox 1240 592 1288 631; x_wconf 93' lang='lat' dir='ltr'>iv.</span> <span class='ocrx_word' id='word_1_64' title='bbox 1308 595 1342 631; x_wconf 89' lang='lat'>6.</span> <span class='ocrx_word' id='word_1_65' title='bbox 1360 592 1425 642; x_wconf 59' lang='lat'>3),</span> <span class='ocrx_word' id='word_1_66' title='bbox 1454 593 1569 642; x_wconf 85' lang='lat' dir='ltr'>longe</span> 
     </span>
     <span class='ocr_line' id='line_1_8' title="bbox 236 662 1570 719; baseline -0.006 -11"><span class='ocrx_word' id='word_1_67' title='bbox 236 678 367 708; x_wconf 85' lang='lat' dir='ltr'>tamen</span> <span class='ocrx_word' id='word_1_68' title='bbox 398 669 436 707; x_wconf 93' lang='lat' dir='ltr'>in</span> <span class='ocrx_word' id='word_1_69' title='bbox 469 668 644 719; x_wconf 86' lang='lat' dir='ltr'>pluribus</span> <span class='ocrx_word' id='word_1_70' title='bbox 676 667 727 705; x_wconf 87' lang='lat' dir='ltr'>ita</span> <span class='ocrx_word' id='word_1_71' title='bbox 759 664 1013 705; x_wconf 87' lang='lat' dir='ltr'>consentiunt</span> <span class='ocrx_word' id='word_1_72' title='bbox 1053 673 1095 703; x_wconf 90' lang='lat' dir='ltr'>ut</span> <span class='ocrx_word' id='word_1_73' title='bbox 1127 663 1364 715; x_wconf 82' lang='lat' dir='ltr'>cognatione</span> <span class='ocrx_word' id='word_1_74' title='bbox 1398 662 1498 701; x_wconf 87' lang='lat' dir='ltr'>inter</span> <span class='ocrx_word' id='word_1_75' title='bbox 1529 676 1570 700; x_wconf 91' lang='lat' dir='ltr'>se</span> 
     </span>
     <span class='ocr_line' id='line_1_9' title="bbox 236 734 1567 791; baseline -0.008 -11"><span class='ocrx_word' id='word_1_76' title='bbox 236 741 421 791; x_wconf 89' lang='lat' dir='ltr'>coniungi</span> <span class='ocrx_word' id='word_1_77' title='bbox 440 742 487 778; x_wconf 86' lang='lat' dir='ltr'>sit</span> <span class='ocrx_word' id='word_1_78' title='bbox 511 753 580 790; x_wconf 86' lang='lat' dir='ltr'>pro</span> <span class='ocrx_word' id='word_1_79' title='bbox 595 739 804 788; x_wconf 84' lang='lat' dir='ltr'>explorato.</span> <span class='ocrx_word' id='word_1_80' title='bbox 870 738 1012 786; x_wconf 89' lang='lat' dir='ltr'>Itaque</span> <span class='ocrx_word' id='word_1_81' title='bbox 1034 743 1111 774; x_wconf 87' lang='lat' dir='ltr'>tres</span> <span class='ocrx_word' id='word_1_82' title='bbox 1133 734 1185 773; x_wconf 89' lang='lat' dir='ltr'>illi</span> <span class='ocrx_word' id='word_1_83' title='bbox 1200 734 1358 776; x_wconf 83' lang='lat' dir='ltr'>codices</span> <span class='ocrx_word' id='word_1_84' title='bbox 1375 734 1426 772; x_wconf 87' lang='lat' dir='ltr'>ad</span> <span class='ocrx_word' id='word_1_85' title='bbox 1447 746 1567 771; x_wconf 88' lang='lat' dir='ltr'>unum</span> 
     </span>
     <span class='ocr_line' id='line_1_10' title="bbox 236 808 936 861; baseline -0.006 -10"><span class='ocrx_word' id='word_1_86' title='bbox 236 813 490 861; x_wconf 89' lang='lat' dir='ltr'>archetypum</span> <span class='ocrx_word' id='word_1_87' title='bbox 512 809 587 861; x_wconf 80' lang='lat' dir='ltr'>(X)</span> <span class='ocrx_word' id='word_1_88' title='bbox 609 808 737 848; x_wconf 85' lang='lat' dir='ltr'>referri</span> <span class='ocrx_word' id='word_1_89' title='bbox 759 815 936 859; x_wconf 83' lang='lat' dir='ltr'>possunt.</span> 
     </span>
    </p>

    <p class='ocr_par' dir='ltr' id='par_1_3' title="bbox 182 876 1574 2066">
     <span class='ocr_line' id='line_1_11' title="bbox 293 876 1570 932; baseline -0.005 -11"><span class='ocrx_word' id='word_1_90' title='bbox 293 884 340 922; x_wconf 91' lang='lat' dir='ltr'>In</span> <span class='ocrx_word' id='word_1_91' title='bbox 361 884 481 921; x_wconf 85' lang='lat' dir='ltr'>altera</span> <span class='ocrx_word' id='word_1_92' title='bbox 502 889 609 932; x_wconf 87' lang='lat' dir='ltr'>parte</span> <span class='ocrx_word' id='word_1_93' title='bbox 631 887 781 930; x_wconf 88' lang='lat' dir='ltr'>praeter</span> <span class='ocrx_word' id='word_1_94' title='bbox 805 879 862 916; x_wconf 84' lang='lat' dir='ltr'><em>M</em></span> <span class='ocrx_word' id='word_1_95' title='bbox 875 879 915 916; x_wconf 92' lang='lat' dir='ltr'>in</span> <span class='ocrx_word' id='word_1_96' title='bbox 936 890 1052 916; x_wconf 88' lang='lat' dir='ltr'>usum</span> <span class='ocrx_word' id='word_1_97' title='bbox 1075 877 1243 916; x_wconf 87' lang='lat' dir='ltr'>vocandi</span> <span class='ocrx_word' id='word_1_98' title='bbox 1264 876 1474 928; x_wconf 86' lang='lat' dir='ltr'>praecipue</span> <span class='ocrx_word' id='word_1_99' title='bbox 1495 883 1570 915; x_wconf 88' lang='lat' dir='ltr'>tres</span> 
     </span>
     <span class='ocr_line' id='line_1_12' title="bbox 238 948 1570 1001; baseline -0.005 -9"><span class='ocrx_word' id='word_1_100' title='bbox 238 953 324 992; x_wconf 85' lang='lat' dir='ltr'>libri</span> <span class='ocrx_word' id='word_1_101' title='bbox 365 966 483 991; x_wconf 87' lang='lat' dir='ltr'>manu</span> <span class='ocrx_word' id='word_1_102' title='bbox 518 951 660 1001; x_wconf 86' lang='lat' dir='ltr'>scripti,</span> <span class='ocrx_word' id='word_1_103' title='bbox 693 950 766 1001; x_wconf 84' lang='lat' dir='ltr'>ipsi</span> <span class='ocrx_word' id='word_1_104' title='bbox 809 963 970 1000; x_wconf 86' lang='lat' dir='ltr'>quoque</span> <span class='ocrx_word' id='word_1_105' title='bbox 1010 963 1057 988; x_wconf 77' lang='lat' dir='ltr'>ex</span> <span class='ocrx_word' id='word_1_106' title='bbox 1099 963 1177 987; x_wconf 85' lang='lat' dir='ltr'>una</span> <span class='ocrx_word' id='word_1_107' title='bbox 1220 948 1370 998; x_wconf 77' lang='lat' dir='ltr'>origine</span> <span class='ocrx_word' id='word_1_108' title='bbox 1408 948 1570 987; x_wconf 89' lang='lat' dir='ltr'>deducti</span> 
     </span>
     <span class='ocr_line' id='line_1_13' title="bbox 182 1018 1572 1081; baseline -0.006 -17"><span class='ocrx_word' id='word_1_109' title='bbox 182 1075 186 1081; x_wconf 83' lang='lat'><em>.</em></span> <span class='ocrx_word' id='word_1_110' title='bbox 239 1025 459 1074; x_wconf 81' lang='lat' dir='ltr'>eademque</span> <span class='ocrx_word' id='word_1_111' title='bbox 489 1023 539 1061; x_wconf 89' lang='lat' dir='ltr'>ab</span> <span class='ocrx_word' id='word_1_112' title='bbox 569 1024 626 1061; x_wconf 87' lang='lat' dir='ltr'><em>M</em></span> <span class='ocrx_word' id='word_1_113' title='bbox 648 1021 809 1061; x_wconf 87' lang='lat' dir='ltr'>diversa.</span> <span class='ocrx_word' id='word_1_114' title='bbox 874 1021 928 1058; x_wconf 90' lang='lat' dir='ltr'>Hi</span> <span class='ocrx_word' id='word_1_115' title='bbox 960 1028 1050 1058; x_wconf 85' lang='lat' dir='ltr'>sunt</span> <span class='ocrx_word' id='word_1_116' title='bbox 1081 1018 1141 1071; x_wconf 88' lang='lat'>(1)</span> <span class='ocrx_word' id='word_1_117' title='bbox 1174 1018 1411 1057; x_wconf 86' lang='lat' dir='ltr'>Harleianus</span> <span class='ocrx_word' id='word_1_118' title='bbox 1445 1019 1572 1057; x_wconf 81' lang='lat'>2682³</span> 
     </span>
     <span class='ocr_line' id='line_1_14' title="bbox 242 1089 1572 1142; baseline -0.005 -7"><span class='ocrx_word' id='word_1_119' title='bbox 242 1095 371 1135; x_wconf 80' lang='lat' dir='ltr'>Musei</span> <span class='ocrx_word' id='word_1_120' title='bbox 387 1093 599 1133; x_wconf 84' lang='lat' dir='ltr'>Britannici</span> <span class='ocrx_word' id='word_1_121' title='bbox 613 1093 725 1134; x_wconf 90' lang='lat' dir='ltr'>saecl.</span> <span class='ocrx_word' id='word_1_122' title='bbox 740 1091 776 1130; x_wconf 87' lang='lat' dir='ltr'>xi</span> <span class='ocrx_word' id='word_1_123' title='bbox 793 1090 888 1142; x_wconf 79' lang='lat' dir='ltr'><em>(H).</em></span> <span class='ocrx_word' id='word_1_124' title='bbox 921 1092 1027 1131; x_wconf 85' lang='lat' dir='ltr'>Olim</span> <span class='ocrx_word' id='word_1_125' title='bbox 1044 1091 1115 1130; x_wconf 86' lang='lat' dir='ltr'>fuit</span> <span class='ocrx_word' id='word_1_126' title='bbox 1131 1093 1168 1129; x_wconf 91' lang='lat' dir='ltr'>in</span> <span class='ocrx_word' id='word_1_127' title='bbox 1185 1090 1349 1129; x_wconf 87' lang='lat' dir='ltr'>ecclesia</span> <span class='ocrx_word' id='word_1_128' title='bbox 1358 1089 1572 1129; x_wconf 83' lang='lat' dir='ltr'>cathedrali</span> 
     </span>
     <span class='ocr_line' id='line_1_15' title="bbox 241 1162 1573 1216; baseline -0.005 -10"><span class='ocrx_word' id='word_1_129' title='bbox 241 1167 433 1207; x_wconf 85' lang='lat' dir='ltr'>Coloniae</span> <span class='ocrx_word' id='word_1_130' title='bbox 465 1164 762 1216; x_wconf 79' lang='lat' dir='ltr'>Agrippinensis</span> <span class='ocrx_word' id='word_1_131' title='bbox 793 1170 830 1201; x_wconf 84' lang='lat' dir='ltr'>et</span> <span class='ocrx_word' id='word_1_132' title='bbox 860 1164 995 1202; x_wconf 87' lang='lat' dir='ltr'>nescio</span> <span class='ocrx_word' id='word_1_133' title='bbox 1025 1175 1105 1212; x_wconf 85' lang='lat' dir='ltr'>quo</span> <span class='ocrx_word' id='word_1_134' title='bbox 1138 1163 1259 1201; x_wconf 87' lang='lat' dir='ltr'>modo</span> <span class='ocrx_word' id='word_1_135' title='bbox 1289 1175 1379 1199; x_wconf 84' lang='lat' dir='ltr'>cum</span> <span class='ocrx_word' id='word_1_136' title='bbox 1411 1162 1573 1199; x_wconf 88' lang='lat' dir='ltr'>nomine</span> 
     </span>
     <span class='ocr_line' id='line_1_16' title="bbox 242 1231 1573 1286; baseline -0.004 -10"><span class='ocrx_word' id='word_1_137' title='bbox 242 1236 470 1277; x_wconf 86' lang='lat' dir='ltr'>Melchioris</span> <span class='ocrx_word' id='word_1_138' title='bbox 487 1234 661 1286; x_wconf 77' lang='lat' dir='ltr'>Hittorpi</span> <span class='ocrx_word' id='word_1_139' title='bbox 676 1233 939 1284; x_wconf 86' lang='lat' dir='ltr'>coniungitur,</span> <span class='ocrx_word' id='word_1_140' title='bbox 952 1246 1032 1284; x_wconf 90' lang='lat' dir='ltr'>quo</span> <span class='ocrx_word' id='word_1_141' title='bbox 1046 1234 1192 1271; x_wconf 87' lang='lat' dir='ltr'>factum</span> <span class='ocrx_word' id='word_1_142' title='bbox 1211 1240 1269 1272; x_wconf 86' lang='lat' dir='ltr'>est</span> <span class='ocrx_word' id='word_1_143' title='bbox 1286 1240 1328 1270; x_wconf 89' lang='lat' dir='ltr'>ut</span> <span class='ocrx_word' id='word_1_144' title='bbox 1345 1232 1383 1270; x_wconf 92' lang='lat' dir='ltr'>in</span> <span class='ocrx_word' id='word_1_145' title='bbox 1398 1231 1573 1271; x_wconf 85' lang='lat' dir='ltr'>editione</span> 
     </span>
     <span class='ocr_line' id='line_1_17' title="bbox 240 1297 1574 1354; baseline -0.004 -7"><span class='ocrx_word' id='word_1_146' title='bbox 240 1309 459 1348; x_wconf 85' lang='lat' dir='ltr'>Graeviana</span> <span class='ocrx_word' id='word_1_147' title='bbox 476 1315 513 1345; x_wconf 87' lang='lat' dir='ltr'>et</span> <span class='ocrx_word' id='word_1_148' title='bbox 532 1309 540 1326; x_wconf 87' lang='lat'>‘</span> <span class='ocrx_word' id='word_1_149' title='bbox 558 1297 820 1344; x_wconf 83' lang='lat' dir='ltr'>Basilicanus&#39;</span> <span class='ocrx_word' id='word_1_150' title='bbox 839 1312 876 1342; x_wconf 89' lang='lat' dir='ltr'>et</span> <span class='ocrx_word' id='word_1_151' title='bbox 896 1303 1210 1354; x_wconf 86' lang='lat' dir='ltr'>‘Hittorpianus&#39;</span> <span class='ocrx_word' id='word_1_152' title='bbox 1226 1311 1405 1351; x_wconf 76' lang='lat' dir='ltr'>vocetnr3</span> <span class='ocrx_word' id='word_1_153' title='bbox 1437 1311 1574 1353; x_wconf 88' lang='lat' dir='ltr'>postea</span> 
     </span>
     <span class='ocr_line' id='line_1_18' title="bbox 240 1371 1574 1426; baseline -0.004 -8"><span class='ocrx_word' id='word_1_154' title='bbox 240 1380 340 1418; x_wconf 90' lang='lat' dir='ltr'>inter</span> <span class='ocrx_word' id='word_1_155' title='bbox 361 1377 501 1418; x_wconf 86' lang='lat' dir='ltr'>Graevi</span> <span class='ocrx_word' id='word_1_156' title='bbox 523 1378 642 1416; x_wconf 89' lang='lat' dir='ltr'>libros</span> <span class='ocrx_word' id='word_1_157' title='bbox 665 1377 844 1416; x_wconf 89' lang='lat' dir='ltr'>inventus</span> <span class='ocrx_word' id='word_1_158' title='bbox 866 1383 923 1414; x_wconf 90' lang='lat' dir='ltr'>est</span> <span class='ocrx_word' id='word_1_159' title='bbox 941 1376 1058 1423; x_wconf 88' lang='lat' dir='ltr'>unde,</span> <span class='ocrx_word' id='word_1_160' title='bbox 1078 1376 1179 1413; x_wconf 87' lang='lat' dir='ltr'>sicut</span> <span class='ocrx_word' id='word_1_161' title='bbox 1201 1376 1248 1422; x_wconf 81' lang='lat' dir='ltr'>G,</span> <span class='ocrx_word' id='word_1_162' title='bbox 1269 1374 1308 1413; x_wconf 87' lang='lat' dir='ltr'>in</span> <span class='ocrx_word' id='word_1_163' title='bbox 1331 1371 1466 1413; x_wconf 86' lang='lat' dir='ltr'>Harlei</span> <span class='ocrx_word' id='word_1_164' title='bbox 1488 1388 1574 1426; x_wconf 84' lang='lat' dir='ltr'>pos-</span> 
     </span>
     <span class='ocr_line' id='line_1_19' title="bbox 241 1445 1574 1497; baseline -0.004 -8"><span class='ocrx_word' id='word_1_165' title='bbox 241 1450 456 1489; x_wconf 88' lang='lat' dir='ltr'>sessionem</span> <span class='ocrx_word' id='word_1_166' title='bbox 472 1448 621 1488; x_wconf 88' lang='lat' dir='ltr'>transiit</span> <span class='ocrx_word' id='word_1_167' title='bbox 634 1461 668 1487; x_wconf 90' lang='lat' dir='ltr'>a.</span> <span class='ocrx_word' id='word_1_168' title='bbox 688 1460 756 1497; x_wconf 90' lang='lat'>172</span> <span class='ocrx_word' id='word_1_169' title='bbox 766 1460 798 1497; x_wconf 87' lang='lat'>5.</span> <span class='ocrx_word' id='word_1_170' title='bbox 843 1446 1025 1485; x_wconf 87' lang='lat' dir='ltr'>Pluribus</span> <span class='ocrx_word' id='word_1_171' title='bbox 1038 1459 1062 1484; x_wconf 88' lang='lat' dir='ltr'>a</span> <span class='ocrx_word' id='word_1_172' title='bbox 1075 1445 1240 1485; x_wconf 88' lang='lat' dir='ltr'>librariis</span> <span class='ocrx_word' id='word_1_173' title='bbox 1257 1445 1502 1495; x_wconf 87' lang='lat' dir='ltr'>conscriptus</span> <span class='ocrx_word' id='word_1_174' title='bbox 1515 1453 1574 1484; x_wconf 90' lang='lat' dir='ltr'>est</span> 
     </span>
     <span class='ocr_line' id='line_1_20' title="bbox 241 1516 1574 1571; baseline -0.005 -11"><span class='ocrx_word' id='word_1_175' title='bbox 241 1530 278 1560; x_wconf 92' lang='lat' dir='ltr'>et</span> <span class='ocrx_word' id='word_1_176' title='bbox 299 1520 535 1571; x_wconf 84' lang='lat' dir='ltr'>aliquotiens</span> <span class='ocrx_word' id='word_1_177' title='bbox 553 1518 814 1559; x_wconf 86' lang='lat' dir='ltr'>correctiones</span> <span class='ocrx_word' id='word_1_178' title='bbox 833 1519 995 1568; x_wconf 87' lang='lat' dir='ltr'>accepit.</span> <span class='ocrx_word' id='word_1_179' title='bbox 1058 1519 1214 1556; x_wconf 86' lang='lat' dir='ltr'>Praeter</span> <span class='ocrx_word' id='word_1_180' title='bbox 1232 1516 1430 1567; x_wconf 85' lang='lat' dir='ltr'>Epistulas</span> <span class='ocrx_word' id='word_1_181' title='bbox 1452 1518 1574 1555; x_wconf 86' lang='lat' dir='ltr'>multa</span> 
     </span>
     <span class='ocr_line' id='line_1_21' title="bbox 242 1587 1573 1642; baseline -0.004 -10"><span class='ocrx_word' id='word_1_182' title='bbox 242 1593 444 1634; x_wconf 87' lang='lat' dir='ltr'>Ciceronis</span> <span class='ocrx_word' id='word_1_183' title='bbox 465 1604 584 1642; x_wconf 87' lang='lat' dir='ltr'>opera</span> <span class='ocrx_word' id='word_1_184' title='bbox 604 1590 781 1630; x_wconf 87' lang='lat' dir='ltr'>continet</span> <span class='ocrx_word' id='word_1_185' title='bbox 802 1589 865 1629; x_wconf 89' lang='lat' dir='ltr'>hic</span> <span class='ocrx_word' id='word_1_186' title='bbox 887 1590 1025 1635; x_wconf 89' lang='lat' dir='ltr'>codex,</span> <span class='ocrx_word' id='word_1_187' title='bbox 1049 1602 1168 1639; x_wconf 87' lang='lat' dir='ltr'>quem</span> <span class='ocrx_word' id='word_1_188' title='bbox 1191 1587 1230 1627; x_wconf 86' lang='lat' dir='ltr'>in</span> <span class='ocrx_word' id='word_1_189' title='bbox 1247 1596 1397 1639; x_wconf 88' lang='lat' dir='ltr'>partem</span> <span class='ocrx_word' id='word_1_190' title='bbox 1420 1589 1573 1628; x_wconf 89' lang='lat' dir='ltr'>vocavit</span> 
     </span>
     <span class='ocr_line' id='line_1_22' title="bbox 241 1657 1573 1713; baseline -0.004 -11"><span class='ocrx_word' id='word_1_191' title='bbox 241 1664 279 1702; x_wconf 88' lang='lat' dir='ltr'>in</span> <span class='ocrx_word' id='word_1_192' title='bbox 302 1672 407 1703; x_wconf 83' lang='lat' dir='ltr'>textu</span> <span class='ocrx_word' id='word_1_193' title='bbox 430 1661 629 1703; x_wconf 88' lang='lat' dir='ltr'>Orationis</span> <span class='ocrx_word' id='word_1_194' title='bbox 651 1675 721 1713; x_wconf 91' lang='lat' dir='ltr'>pro</span> <span class='ocrx_word' id='word_1_195' title='bbox 743 1661 897 1700; x_wconf 89' lang='lat' dir='ltr'>Milone</span> <span class='ocrx_word' id='word_1_196' title='bbox 920 1657 1202 1700; x_wconf 85' lang='lat' dir='ltr'>constituendo</span> <span class='ocrx_word' id='word_1_197' title='bbox 1223 1667 1261 1699; x_wconf 88' lang='lat' dir='ltr'>et</span> <span class='ocrx_word' id='word_1_198' title='bbox 1284 1661 1378 1699; x_wconf 87' lang='lat' dir='ltr'>alias</span> <span class='ocrx_word' id='word_1_199' title='bbox 1399 1661 1573 1698; x_wconf 86' lang='lat' dir='ltr'>luculen-</span> 
     </span>
     <span class='ocr_line' id='line_1_23' title="bbox 241 1730 1572 1784; baseline -0.003 -11"><span class='ocrx_word' id='word_1_200' title='bbox 241 1735 388 1774; x_wconf 85' lang='lat' dir='ltr'>tissime</span> <span class='ocrx_word' id='word_1_201' title='bbox 411 1735 459 1772; x_wconf 91' lang='lat' dir='ltr'>A.</span> <span class='ocrx_word' id='word_1_202' title='bbox 480 1735 524 1773; x_wconf 92' lang='lat' dir='ltr'>C.</span> <span class='ocrx_word' id='word_1_203' title='bbox 549 1733 677 1779; x_wconf 87' lang='lat' dir='ltr'>Clark,</span> <span class='ocrx_word' id='word_1_204' title='bbox 700 1731 756 1771; x_wconf 93' lang='lat' dir='ltr'>vir</span> <span class='ocrx_word' id='word_1_205' title='bbox 778 1731 873 1771; x_wconf 90' lang='lat' dir='ltr'>mihi</span> <span class='ocrx_word' id='word_1_206' title='bbox 895 1733 1058 1771; x_wconf 84' lang='lat' dir='ltr'>amicus.</span> <span class='ocrx_word' id='word_1_207' title='bbox 1116 1730 1177 1784; x_wconf 84' lang='lat'>(2)</span> <span class='ocrx_word' id='word_1_208' title='bbox 1200 1730 1447 1778; x_wconf 87' lang='lat' dir='ltr'>Erfurtensis‚</span> <span class='ocrx_word' id='word_1_209' title='bbox 1467 1744 1572 1769; x_wconf 91' lang='lat' dir='ltr'>nunc</span> 
     </span>
     <span class='ocr_line' id='line_1_24' title="bbox 242 1801 1572 1855; baseline -0.003 -11"><span class='ocrx_word' id='word_1_210' title='bbox 242 1803 516 1851; x_wconf 75' lang='lat' dir='ltr'>BeroHnensis,</span> <span class='ocrx_word' id='word_1_211' title='bbox 550 1805 664 1843; x_wconf 87' lang='lat' dir='ltr'>saecl.</span> <span class='ocrx_word' id='word_1_212' title='bbox 698 1803 839 1851; x_wconf 68' lang='lat' dir='ltr'>xiisxiii</span> <span class='ocrx_word' id='word_1_213' title='bbox 870 1802 960 1855; x_wconf 77' lang='lat' dir='ltr'>(F),</span> <span class='ocrx_word' id='word_1_214' title='bbox 991 1802 1058 1854; x_wconf 87' lang='lat' dir='ltr'>qui</span> <span class='ocrx_word' id='word_1_215' title='bbox 1089 1802 1209 1842; x_wconf 84' lang='lat' dir='ltr'>habet</span> <span class='ocrx_word' id='word_1_216' title='bbox 1239 1801 1299 1840; x_wconf 85' lang='lat' dir='ltr'>xii.</span> <span class='ocrx_word' id='word_1_217' title='bbox 1327 1815 1386 1852; x_wconf 87' lang='lat'>29.</span> <span class='ocrx_word' id='word_1_218' title='bbox 1412 1815 1459 1850; x_wconf 89' lang='lat'>2,·</span> <span class='ocrx_word' id='word_1_219' title='bbox 1501 1816 1572 1840; x_wconf 89' lang='lat'>21:</span> 
     </span>
     <span class='ocr_line' id='line_1_25' title="bbox 239 1872 1569 1932; baseline -0.004 -17"><span class='ocrx_word' id='word_1_220' title='bbox 239 1877 315 1915; x_wconf 77' lang='lat' dir='ltr'>xiii.</span> <span class='ocrx_word' id='word_1_221' title='bbox 336 1879 382 1924; x_wconf 85' lang='lat'>78</span> <span class='ocrx_word' id='word_1_222' title='bbox 399 1877 449 1914; x_wconf 88' lang='lat' dir='ltr'>ad</span> <span class='ocrx_word' id='word_1_223' title='bbox 469 1876 584 1914; x_wconf 82' lang='lat' dir='ltr'>finem</span> <span class='ocrx_word' id='word_1_224' title='bbox 604 1874 690 1913; x_wconf 84' lang='lat' dir='ltr'>libri</span> <span class='ocrx_word' id='word_1_225' title='bbox 714 1874 776 1913; x_wconf 82' lang='lat' dir='ltr'>xvi</span> <span class='ocrx_word' id='word_1_226' title='bbox 799 1876 1023 1925; x_wconf 84' lang='lat' dir='ltr'>multosque</span> <span class='ocrx_word' id='word_1_227' title='bbox 1044 1873 1141 1913; x_wconf 87' lang='lat' dir='ltr'>alios</span> <span class='ocrx_word' id='word_1_228' title='bbox 1159 1873 1362 1932; x_wconf 78' lang='lat' dir='ltr'>Ciceronis</span> <span class='ocrx_word' id='word_1_229' title='bbox 1379 1872 1532 1911; x_wconf 88' lang='lat' dir='ltr'>libellos</span> <span class='ocrx_word' id='word_1_230' title='bbox 1547 1873 1569 1910; x_wconf 86' lang='lat'>⁴.</span> 
     </span>
     <span class='ocr_line' id='line_1_26' title="bbox 239 1939 1572 1999; baseline -0.003 -14"><span class='ocrx_word' id='word_1_231' title='bbox 239 1947 297 1999; x_wconf 86' lang='lat'>(3)</span> <span class='ocrx_word' id='word_1_232' title='bbox 317 1946 512 1985; x_wconf 85' lang='lat' dir='ltr'>Palatinus</span> <span class='ocrx_word' id='word_1_233' title='bbox 530 1947 605 1995; x_wconf 86' lang='lat'>598</span> <span class='ocrx_word' id='word_1_234' title='bbox 621 1947 734 1984; x_wconf 88' lang='lat' dir='ltr'>saecl.</span> <span class='ocrx_word' id='word_1_235' title='bbox 751 1945 884 1993; x_wconf 74' lang='lat' dir='ltr'>xvsxvi</span> <span class='ocrx_word' id='word_1_236' title='bbox 900 1945 989 1997; x_wconf 88' lang='lat' dir='ltr'>(D),</span> <span class='ocrx_word' id='word_1_237' title='bbox 1005 1939 1101 1984; x_wconf 87' lang='lat' dir='ltr'>olim</span> <span class='ocrx_word' id='word_1_238' title='bbox 1116 1943 1407 1994; x_wconf 85' lang='lat' dir='ltr'>Heidelbergae</span> <span class='ocrx_word' id='word_1_239' title='bbox 1420 1957 1452 1982; x_wconf 87' lang='lat' dir='ltr'>a.</span> <span class='ocrx_word' id='word_1_240' title='bbox 1473 1946 1572 1993; x_wconf 80' lang='lat'>1623</span> 
     </span>
     <span class='ocr_line' id='line_1_27' title="bbox 241 2014 1572 2066; baseline -0.003 -9"><span class='ocrx_word' id='word_1_241' title='bbox 241 2020 411 2057; x_wconf 88' lang='lat' dir='ltr'>Romam</span> <span class='ocrx_word' id='word_1_242' title='bbox 435 2023 727 2066; x_wconf 79' lang='lat' dir='ltr'>transportatus,</span> <span class='ocrx_word' id='word_1_243' title='bbox 752 2015 792 2054; x_wconf 89' lang='lat' dir='ltr'>in</span> <span class='ocrx_word' id='word_1_244' title='bbox 813 2015 987 2055; x_wconf 88' lang='lat' dir='ltr'>editione</span> <span class='ocrx_word' id='word_1_245' title='bbox 1008 2014 1227 2055; x_wconf 85' lang='lat' dir='ltr'>Graeviana</span> <span class='ocrx_word' id='word_1_246' title='bbox 1251 2015 1468 2052; x_wconf 88' lang='lat' dir='ltr'>‘Palatinus</span> <span class='ocrx_word' id='word_1_247' title='bbox 1489 2027 1572 2053; x_wconf 86' lang='lat' dir='ltr'>sex-</span> 
     </span>
    </p>
   </div>
   <div class='ocr_carea' id='block_1_3' title="bbox 241 2125 1573 2434">
    <p class='ocr_par' dir='ltr' id='par_1_4' title="bbox 284 2125 712 2165">
     <span class='ocr_line' id='line_1_28' title="bbox 284 2125 712 2165; baseline -0.009 -7"><span class='ocrx_word' id='word_1_248' title='bbox 284 2127 292 2147; x_wconf 86' lang='lat'><strong>¹</strong></span> <span class='ocrx_word' id='word_1_249' title='bbox 320 2125 456 2158; x_wconf 88' lang='lat' dir='ltr'>Contuli</span> <span class='ocrx_word' id='word_1_250' title='bbox 477 2125 548 2165; x_wconf 74' lang='lat' dir='ltr'>ipsc</span> <span class='ocrx_word' id='word_1_251' title='bbox 568 2135 595 2156; x_wconf 87' lang='lat' dir='ltr'>a.</span> <span class='ocrx_word' id='word_1_252' title='bbox 621 2125 712 2163; x_wconf 83' lang='lat'>1884.</span> 
     </span>
    </p>

    <p class='ocr_par' dir='ltr' id='par_1_5' title="bbox 241 2176 1573 2330">
     <span class='ocr_line' id='line_1_29' title="bbox 283 2176 1573 2217; baseline -0.002 -6"><span class='ocrx_word' id='word_1_253' title='bbox 283 2180 295 2200; x_wconf 80' lang='lat'><strong>²</strong></span> <span class='ocrx_word' id='word_1_254' title='bbox 320 2181 522 2212; x_wconf 84' lang='lat' dir='ltr'>Conlationc</span> <span class='ocrx_word' id='word_1_255' title='bbox 544 2190 560 2209; x_wconf 84' lang='lat' dir='ltr'>a</span> <span class='ocrx_word' id='word_1_256' title='bbox 589 2178 866 2210; x_wconf 86' lang='lat' dir='ltr'>Mendelssohnio</span> <span class='ocrx_word' id='word_1_257' title='bbox 891 2179 922 2208; x_wconf 90' lang='lat' dir='ltr'>in</span> <span class='ocrx_word' id='word_1_258' title='bbox 949 2178 1098 2208; x_wconf 79' lang='lat' dir='ltr'>editione</span> <span class='ocrx_word' id='word_1_259' title='bbox 1124 2176 1248 2217; x_wconf 85' lang='lat' dir='ltr'>publici</span> <span class='ocrx_word' id='word_1_260' title='bbox 1275 2176 1356 2207; x_wconf 82' lang='lat' dir='ltr'>iuris</span> <span class='ocrx_word' id='word_1_261' title='bbox 1384 2177 1479 2207; x_wconf 86' lang='lat' dir='ltr'>sacta·</span> <span class='ocrx_word' id='word_1_262' title='bbox 1494 2186 1573 2208; x_wconf 89' lang='lat' dir='ltr'>usus</span> 
     </span>
     <span class='ocr_line' id='line_1_30' title="bbox 241 2230 1572 2266; baseline -0.002 0"><span class='ocrx_word' id='word_1_263' title='bbox 241 2247 322 2266; x_wconf 83' lang='lat' dir='ltr'>sum.</span> <span class='ocrx_word' id='word_1_264' title='bbox 374 2235 536 2266; x_wconf 86' lang='lat' dir='ltr'>Codiccm</span> <span class='ocrx_word' id='word_1_265' title='bbox 564 2234 792 2264; x_wconf 79' lang='lat' dir='ltr'>Turonensem</span> <span class='ocrx_word' id='word_1_266' title='bbox 823 2237 857 2263; x_wconf 89' lang='lat' dir='ltr'>ut</span> <span class='ocrx_word' id='word_1_267' title='bbox 880 2243 921 2263; x_wconf 86' lang='lat' dir='ltr'>cx</span> <span class='ocrx_word' id='word_1_268' title='bbox 943 2233 975 2262; x_wconf 88' lang='lat' dir='ltr'><em>R</em></span> <span class='ocrx_word' id='word_1_269' title='bbox 995 2233 1184 2263; x_wconf 87' lang='lat' dir='ltr'>derivatum</span> <span class='ocrx_word' id='word_1_270' title='bbox 1208 2230 1262 2261; x_wconf 78' lang='lat' dir='ltr'>vix</span> <span class='ocrx_word' id='word_1_271' title='bbox 1289 2237 1340 2262; x_wconf 87' lang='lat' dir='ltr'>cst</span> <span class='ocrx_word' id='word_1_272' title='bbox 1366 2241 1423 2262; x_wconf 85' lang='lat' dir='ltr'>cur</span> <span class='ocrx_word' id='word_1_273' title='bbox 1448 2241 1572 2263; x_wconf 86' lang='lat' dir='ltr'>memo-</span> 
     </span>
     <span class='ocr_line' id='line_1_31' title="bbox 242 2287 1213 2330; baseline -0.005 -9"><span class='ocrx_word' id='word_1_274' title='bbox 242 2302 329 2330; x_wconf 62' lang='grc' dir='ltr'>ωιτη</span> <span class='ocrx_word' id='word_1_275' title='bbox 360 2290 398 2320; x_wconf 87' lang='lat' dir='ltr'>cs.</span> <span class='ocrx_word' id='word_1_276' title='bbox 420 2289 677 2326; x_wconf 83' lang='lat' dir='ltr'>Mendelssolin,</span> <span class='ocrx_word' id='word_1_277' title='bbox 699 2287 861 2328; x_wconf 72' lang='lat' dir='ltr'>Mc&#39;langcs</span> <span class='ocrx_word' id='word_1_278' title='bbox 883 2287 1008 2327; x_wconf 68' lang='lat' dir='ltr'>Graux,</span> <span class='ocrx_word' id='word_1_279' title='bbox 1030 2297 1062 2327; x_wconf 88' lang='lat' dir='ltr'>p.</span> <span class='ocrx_word' id='word_1_280' title='bbox 1087 2288 1147 2326; x_wconf 83' lang='lat'>169</span> <span class='ocrx_word' id='word_1_281' title='bbox 1165 2297 1213 2325; x_wconf 83' lang='lat' dir='ltr'>sq.</span> 
     </span>
    </p>

    <p class='ocr_par' dir='ltr' id='par_1_6' title="bbox 283 2343 710 2383">
     <span class='ocr_line' id='line_1_32' title="bbox 283 2343 710 2383; baseline -0.009 -7"><span class='ocrx_word' id='word_1_282' title='bbox 283 2346 294 2362; x_wconf 73' lang='lat'>⁷⁴</span> <span class='ocrx_word' id='word_1_283' title='bbox 322 2344 455 2376; x_wconf 86' lang='lat' dir='ltr'>Contuli</span> <span class='ocrx_word' id='word_1_284' title='bbox 475 2344 546 2383; x_wconf 89' lang='lat' dir='ltr'>ipsc</span> <span class='ocrx_word' id='word_1_285' title='bbox 564 2354 592 2374; x_wconf 82' lang='lat' dir='ltr'>a.</span> <span class='ocrx_word' id='word_1_286' title='bbox 618 2343 710 2380; x_wconf 86' lang='lat'>1884.</span> 
     </span>
    </p>

    <p class='ocr_par' dir='ltr' id='par_1_7' title="bbox 286 2396 946 2434">
     <span class='ocr_line' id='line_1_33' title="bbox 286 2396 946 2434; baseline -0.006 -4"><span class='ocrx_word' id='word_1_287' title='bbox 286 2401 295 2419; x_wconf 66' lang='lat'>”-</span> <span class='ocrx_word' id='word_1_288' title='bbox 323 2398 487 2430; x_wconf 82' lang='lat' dir='ltr'>Conlatus</span> <span class='ocrx_word' id='word_1_289' title='bbox 504 2403 601 2429; x_wconf 78' lang='lat' dir='ltr'>esta.</span> <span class='ocrx_word' id='word_1_290' title='bbox 625 2399 703 2434; x_wconf 80' lang='lat'>1827</span> <span class='ocrx_word' id='word_1_291' title='bbox 721 2407 740 2426; x_wconf 86' lang='lat' dir='ltr'>a</span> <span class='ocrx_word' id='word_1_292' title='bbox 757 2396 946 2427; x_wconf 59' lang='lat' dir='ltr'>NVundcro.</span> 
     </span>
    </p>
   </div>
  </div>
 </body>
</html>
