1791 2796
550 144 663 182 EPP.
696 143 774 180 AD
806 140 1152 179 FAMILIARES
1466 139 1535 176 IV.
1554 137 1583 174 ii

185 265 231 298 ut
256 265 298 297 tu
327 257 367 296 in
398 258 623 296 Cumanum
652 253 814 300 venires,
848 253 957 304 quod
987 251 1104 290 etiam
1137 264 1292 290 mecum
1325 256 1367 288 ut
1397 250 1448 288 ad
1478 256 1515 287 te

185 322 393 362 scriberem
415 329 586 372 egerunt.
1541 365 1543 367 ι

240 389 361 437 Quod
395 400 528 425 meum
561 385 769 425 consilium
804 382 986 434 exquiris,
1017 382 1058 422 id
1090 389 1147 421 est
1181 383 1267 429 tale,
1304 389 1345 420 ut
1377 393 1515 431 capere
1535 386 1559 414 2

186 452 336 492 facilius
365 452 448 503 ipse
468 450 620 502 possim
637 464 756 502 quam
777 448 886 488 alteri
908 449 1011 488 dare.
1073 446 1182 496 Quid
1202 446 1307 485 enim
1329 454 1386 485 est
1407 446 1515 497 quod

151 531 169 563 5
187 519 354 557 audeam
374 518 538 557 suadere
558 516 640 565 tibi,
663 515 814 555 homini
845 528 1000 553 summa
1028 512 1258 553 auctoritate
1283 525 1516 562 summaque

186 583 430 634 prudentia?
495 582 534 621 Si
578 581 674 632 quid
712 579 972 620 rectissimum
1013 579 1061 616 sit
1099 577 1333 629 quaerimus,
1374 576 1517 628 perspi-

186 662 304 686 cuum
343 655 411 695 est,
452 647 484 686 si
524 645 620 698 quid
660 645 829 685 maxime
870 634 1061 694 expediat,
1106 643 1347 690 obscurum3
1388 642 1447 680 sin
1491 641 1516 680 ii

186 727 334 762 sumus,
358 713 425 764 qui
454 714 630 764 profecto
655 726 740 751 6556
769 712 972 757 debemus,
1002 717 1045 748 ut
1074 708 1170 747 nihil
1200 707 1431 747 arbitremur
1457 722 1516 747 ex·
1565 703 1568 706 ⁴

187 778 321 828 pedire
351 777 424 816 nisi
451 779 560 828 quod
588 784 737 815 rectum
765 777 1057 825 honestumque
1082 774 1140 820 sit,
1163 786 1244 811 non
1274 780 1402 823 potest
1432 786 1516 811 esse

131 857 170 880 ιο
187 842 368 891 dubium,
387 842 483 894 quid
503 841 727 880 faciendum
748 840 863 879 nobis
885 839 943 878 sit.

241 909 363 957 Quod
382 907 578 946 existimas
603 920 731 946 meam
760 919 918 945 causam
946 904 1198 944 coniunctam
1220 918 1304 944 esse
1325 918 1415 943 cum
1437 911 1516 951 tua,
1536 911 1560 948 3

184 982 288 1012 certe
317 972 452 1012 similis
482 972 521 1011 in
550 980 718 1023 utroque
748 980 939 1018 nostrum,
969 985 1060 1009 cum
1091 970 1240 1022 optime
1269 969 1516 1017 sentiremus,

131 1058 136 1061 ·
184 1053 287 1077 error
316 1038 396 1077 fuit.
457 1039 562 1077 Nam
591 1036 725 1077 omnia
755 1037 957 1088 utriusque
987 1036 1151 1075 consilia
1180 1037 1231 1076 ad
1261 1034 1514 1075 concordiam

184 1111 480 1154 spectaverunt3
520 1116 599 1153 qua
636 1116 758 1153 quom
797 1101 870 1152 ipsi
903 1101 1061 1141 Caesari
1096 1101 1192 1139 nihil
1231 1108 1333 1139 esset
1370 1099 1516 1148 utilius,

129 1183 164 1214 15
182 1168 344 1219 gratiam
374 1182 533 1219 quoque
563 1182 635 1207 nos
664 1167 760 1206 inire
789 1168 839 1205 ab
870 1181 918 1206 eo
947 1168 1200 1206 defendenda
1234 1179 1331 1216 pace
1360 1165 1516 1204 arbitra-

183 1234 332 1273 bamur.
396 1235 600 1283 Quantum
638 1247 711 1272 nos
750 1232 927 1272 fefellerit
971 1240 1009 1270 et
1048 1245 1167 1282 quem
1206 1231 1245 1270 in
1285 1233 1416 1270 locum
1455 1244 1515 1269 res

183 1300 355 1339 deducta
374 1299 435 1347 sit,
456 1299 575 1338 vides.
636 1300 778 1350 Neque
803 1300 931 1337 solum
961 1311 1006 1336 ea
1031 1297 1231 1348 perspicis,
1252 1310 1353 1347 quae
1379 1310 1516 1346 gerun-

183 1372 244 1402 tur
275 1378 455 1416 quaeque
485 1364 562 1403 iam
591 1371 699 1414 gesta
728 1371 831 1404 sunt„
864 1364 933 1402 sed
963 1362 1080 1401 etiam
1111 1361 1178 1412 qui
1207 1375 1342 1400 cursus
1373 1375 1514 1409 rerum,

183 1429 251 1481 qui
278 1430 401 1469 exitus
426 1431 576 1469 futurus
606 1429 664 1468 sit.
725 1431 828 1479 Ergo
858 1436 924 1467 aut
955 1428 1119 1479 probare
1150 1434 1304 1478 oportet
1333 1440 1392 1475 ea,
1413 1439 1514 1476 quae

127 1509 166 1530 20
184 1496 296 1543 fiunt,
324 1503 390 1533 aut
428 1494 628 1543 interesse,
662 1494 780 1534 etiam
810 1494 841 1532 si
871 1507 951 1533 non
981 1494 1148 1544 probes;
1189 1506 1355 1543 quorum
1395 1493 1513 1530 altera

182 1560 279 1599 mihi
309 1560 445 1612 turpis,
474 1562 594 1599 altera
623 1560 740 1599 etiam
768 1559 987 1610 periculosa
1010 1558 1106 1597 ratio
1136 1557 1298 1597 videtur.
1361 1558 1512 1603 Restat,
1530 1567 1556 1604 4

182 1633 224 1664 ut
253 1624 539 1666 discedendum
566 1633 702 1677 putem
718 1640 727 1673 3
770 1624 808 1663 in
839 1638 919 1675 quo
949 1623 1097 1675 reliqua
1125 1623 1278 1662 videtur
1307 1636 1392 1661 esse
1421 1622 1513 1661 deli-

183 1691 345 1740 beratio,
375 1692 485 1742 quod
515 1690 723 1731 consilium
753 1690 793 1728 in
824 1689 1012 1737 discessu,
1043 1702 1144 1739 quae
1173 1690 1261 1727 loca
1289 1699 1509 1738 sequamur.

183 1755 359 1795 Omnino
388 1770 479 1795 cum
509 1755 684 1795 miserior
713 1769 772 1794 res
804 1768 1022 1806 numquam
1056 1753 1199 1793 accidit
1228 1760 1317 1791 tum
1342 1766 1391 1791 ne
1421 1751 1513 1791 deli-

126 1831 163 1863 25
183 1820 332 1861 beratio
352 1820 513 1873 quidem
534 1821 727 1861 difficilior
744 1836 753 1869 3
787 1820 884 1860 nihil
910 1820 1016 1860 enim
1036 1819 1221 1859 constitui
1241 1826 1384 1870 potest,
1405 1819 1513 1870 quod

182 1899 264 1925 non
301 1886 471 1926 incurrat
508 1887 548 1925 in
586 1898 768 1937 magnam
807 1886 979 1937 aliquam
1018 1885 1298 1925 difficultatem.
1371 1886 1448 1931 Tu,
1482 1883 1513 1922 si

180 1950 388 2000 videbitur,
408 1951 462 1990 ita
481 1965 625 1991 censeo
649 1952 779 2000 facias,
801 1959 856 1999 ut,
878 1951 908 1990 si
936 1951 1058 1990 habes
1085 1950 1161 1989 iam
1192 1957 1394 1998 statutum,
1416 1949 1511 2000 quid

181 2015 250 2055 tibi
280 2018 477 2067 agendum
507 2025 634 2066 putes,
658 2016 697 2054 in
723 2030 802 2066 quo
831 2030 910 2054 non
941 2016 989 2054 sit
1019 2015 1275 2054 coniunctum
1303 2014 1510 2054 consilium

181 2088 291 2119 tuum
312 2095 402 2120 cum
425 2095 527 2129 meo,
548 2082 803 2132 supersedeas
825 2083 900 2120 hoc
922 2081 1054 2120 labore
1075 2080 1232 2119 itineris.
1290 2080 1357 2119 Sin
1378 2087 1510 2118 autem

124 2160 162 2190 30
181 2154 238 2184 est
258 2147 367 2196 quod
388 2160 543 2185 mecum
569 2146 861 2186 communicare
882 2146 990 2193 velis,
1012 2159 1084 2196 ego
1105 2153 1143 2184 te
1164 2145 1425 2195 exspectab03
1455 2152 1510 2191 tu,

180 2212 288 2260 quod
318 2219 386 2250 tuo
413 2213 627 2260 commodo
655 2213 734 2259 fiat,
756 2225 875 2262 quam
905 2211 1074 2262 primum
1099 2210 1215 2248 velim
1237 2209 1383 2258 venias,
1410 2208 1510 2247 sicut

180 2273 350 2315 intellexi
372 2284 409 2315 et
430 2276 563 2316 Servio
585 2284 623 2316 et
644 2276 870 2316 Postumiae
891 2278 1054 2326 placere.
1115 2277 1223 2314 Vale.

659 2392 702 2412 20
725 2392 864 2420 quarum
882 2381 918 2412 N
934 2381 1019 2412 Crat.
