1791 2796
141 890 179 912 10

562 172 673 208 EPP.
708 171 784 207 AD
817 170 1164 207 FAMILIARES
1491 169 1601 208 XVI.
1621 168 1678 206 xii

197 283 375 335 opprimi,
413 283 535 322 modo
568 289 609 320 ut
641 281 737 320 urbe
771 281 885 319 salva.
960 280 1175 319 Maximam
1210 288 1341 318 autem
1377 280 1529 330 plagam

196 349 347 400 accepit
380 350 498 399 quod,
532 348 562 386 is
592 347 658 397 qui
690 360 883 384 summam
915 346 1186 385 auctoritatem
1223 345 1261 383 in
1295 344 1396 383 illius
1428 359 1531 383 exer-

196 415 275 454 citu
306 415 487 461 habebat,
511 415 556 451 T.
583 412 781 452 Labienus
809 411 939 450 socius
968 411 1123 450 sceleris
1145 425 1229 450 esse
1258 410 1392 449 noluit.
1457 412 1531 449 Re-

197 479 310 531 liquit
342 479 450 518 illum
487 487 524 517 et
559 484 613 517 est
650 477 857 516 nobiscum
900 477 1090 527 multique
1130 476 1235 515 idem
1273 475 1407 514 facturi
1444 490 1529 514 esse

197 545 390 585 dicuntur.

252 613 337 662 Ego
357 612 487 650 adbuc
516 624 605 649 orae
631 611 847 649 maritimae
869 622 1048 661 praesum
1077 622 1099 646 a
1126 607 1301 647 Formiis.
1364 607 1526 645 Nullum
1547 612 1571 650 5

199 677 322 715 maius
344 676 544 727 negotium
571 676 767 727 suscipere
788 677 903 723 volui,
929 689 1008 726 quo
1035 675 1122 725 plus
1149 674 1255 723 apud
1281 672 1388 711 illum
1419 685 1529 710 meae

197 742 346 781 litterae
385 741 758 793 cohortationesque
788 744 839 781 ad
874 755 1011 792 pacem
1046 741 1228 777 valerent.
1300 737 1367 776 sin
1397 744 1529 776 autem

198 807 267 846 erit
298 808 455 853 bellum,
480 807 596 845 video
622 821 683 846 me
711 807 844 846 eastris
875 815 912 846 et
944 805 1057 845 certis
1086 804 1307 855 legionibus
1338 803 1531 853 praefutu-

199 887 293 912 rum.
357 873 502 911 Habeo
524 872 640 911 etiam
664 873 768 912 illam
791 872 1024 918 molestiam,
1043 871 1151 921 quod
1170 870 1379 908 Dolabella
1399 875 1531 907 noster

197 939 304 989 apud
325 939 533 989 Caesarem
556 947 623 976 est.

254 1005 367 1041 Haec
389 1002 459 1041 tibi
481 1011 574 1041 nota
594 1017 678 1042 esse
700 1003 804 1042 volui
822 1018 830 1051 ;
859 1016 959 1053 quae
985 1016 1078 1040 cave
1104 1014 1152 1039 ne
1179 1008 1215 1039 te
1244 999 1470 1051 perturbent
1492 1006 1529 1037 et

199 1068 416 1119 impediant
436 1068 702 1107 valetudinem
725 1077 841 1107 tuam.
900 1070 985 1117 Ego
1007 1069 1052 1105 A.
1071 1065 1247 1112 Varroni⁷
1267 1079 1386 1116 quem
1407 1078 1527 1115 quom
1548 1070 1575 1107 6

198 1133 512 1172 amantissimum
538 1133 613 1172 mei
639 1133 805 1184 cognovi
827 1141 909 1171 tum
932 1132 1049 1172 etiam
1071 1132 1184 1170 valde
1213 1130 1267 1169 tui
1295 1130 1527 1175 studiosum,

201 1193 496 1248 diligentissime
524 1207 561 1237 te
588 1197 874 1244 commendavi,
906 1205 947 1236 ut
977 1205 1014 1235 et
1040 1195 1275 1235 valetudinis
1303 1202 1393 1234 tuae
1419 1194 1530 1232 ratio-

200 1278 292 1302 nem
314 1265 474 1303 haberet
495 1272 532 1302 et
554 1263 810 1314 navigationis
831 1271 869 1301 et
891 1271 1017 1301 totum
1046 1270 1082 1300 te
1110 1260 1323 1311 susciperet
1343 1274 1388 1298 ac
1410 1268 1531 1298 tuere-

201 1337 271 1367 tur.
346 1330 476 1378 Quem
526 1328 659 1367 omnia
698 1330 889 1367 facturum
929 1328 1115 1373 consido:
1164 1325 1309 1376 recepit
1348 1325 1453 1364 enim
1493 1332 1532 1363 et

202 1407 358 1432 mecum
389 1396 542 1432 locutus
574 1402 631 1433 est
667 1393 905 1432 suavissime.
965 1394 1028 1430 Tu
1059 1391 1247 1442 quoniam
1278 1405 1326 1429 eo
1356 1398 1532 1440 tempore

203 1473 359 1497 mecum
399 1473 482 1498 esse
522 1473 601 1497 non
642 1459 813 1509 potuisti,
856 1467 935 1508 qno
978 1471 1050 1508 ego
1091 1456 1258 1495 maxime
1297 1469 1455 1506 operam
1495 1463 1534 1494 et

146 1543 159 1564 2
204 1524 431 1563 fidelitatem
460 1524 677 1564 desideravi
703 1533 820 1571 tuam,
845 1538 938 1562 cave
965 1522 1124 1561 festines
1149 1530 1215 1560 aut
1239 1521 1461 1560 committas
1492 1531 1533 1559 ut

201 1596 268 1627 aut
301 1602 415 1639 aeger
447 1597 514 1627 aut
549 1588 677 1628 hieme
712 1589 879 1639 naviges.
940 1589 1170 1638 Numquam
1201 1600 1286 1625 sero
1316 1595 1353 1625 te
1382 1585 1533 1624 venisse

202 1654 360 1704 putabo,
396 1652 426 1691 si
461 1655 588 1692 salvus
623 1653 783 1693 veneris.
854 1654 999 1691 Adhuc
1034 1651 1233 1691 neminem
1263 1651 1435 1690 videram
1467 1650 1532 1700 qui

204 1727 240 1757 te
275 1727 411 1769 postea
446 1718 605 1758 vidisset
639 1732 757 1769 quam
793 1720 848 1756 M.
883 1717 1081 1765 Volusius,
1113 1732 1135 1755 a
1165 1730 1244 1767 quo
1275 1724 1359 1754 tuas
1390 1715 1533 1754 litteras

203 1784 348 1834 accepi.
410 1785 530 1833 Quod
558 1798 638 1823 non
666 1784 859 1830 mirabar:
890 1797 1019 1833 neque
1041 1782 1145 1821 enim
1169 1796 1275 1820 meas
1299 1789 1395 1832 puto
1421 1782 1471 1819 ad
1497 1788 1533 1819 te

204 1848 350 1887 litteras
378 1844 484 1887 tanta
509 1849 638 1888 hieme
665 1848 833 1899 perferri.
893 1849 971 1887 Sed
999 1849 1050 1886 da
1077 1861 1236 1897 operam
1262 1855 1304 1884 ut
1328 1847 1456 1884 valeas
1482 1853 1531 1892 et,

205 1914 235 1953 si
256 1914 414 1961 valebis,
438 1929 527 1953 cum
557 1925 658 1953 recte
684 1914 854 1964 navigari
880 1913 1032 1964 poterit,
1058 1921 1139 1951 tum
1165 1911 1332 1962 naviges.
1393 1910 1533 1951 Cicero

206 1993 315 2018 meus
346 1979 383 2017 in
418 1979 627 2019 Formiano
655 1988 745 2026 erat,
770 1978 956 2017 Terentia
982 1987 1020 2017 et
1048 1977 1178 2016 Tullia
1206 1979 1368 2016 Romae.
1430 1977 1534 2015 Cura

205 2052 247 2082 ut
267 2046 404 2083 valeas.
466 2057 527 2082 1111
554 2047 601 2082 K.
627 2045 736 2083 Febr.
762 2046 910 2094 Capua.

253 2153 329 2222 {sut
357 2147 448 2179 MD:
488 2158 553 2178 om.
586 2147 659 2178 HF
787 2157 805 2185 4
830 2151 882 2177 est
913 2145 989 2177 adel.
1022 2149 1107 2185 velt„
1137 2145 1198 2176 alii
1219 2149 1292 2186 post
1315 2149 1358 2184 et,
1386 2144 1445 2174 alit
1462 2147 1535 2185 post

206 2202 250 2222 no
278 2200 382 2222 iseum
