<?xml version="1.0" encoding="UTF-8"?>
<!DOCTYPE html PUBLIC "-//W3C//DTD XHTML 1.0 Transitional//EN"
    "http://www.w3.org/TR/xhtml1/DTD/xhtml1-transitional.dtd">
<html xmlns="http://www.w3.org/1999/xhtml" xml:lang="en" lang="en">
 <head>
  <title>
</title>
<meta http-equiv="Content-Type" content="text/html;charset=utf-8" />
  <meta name='ocr-system' content='tesseract 3.04.00' />
  <meta name='ocr-capabilities' content='ocr_page ocr_carea ocr_par ocr_line ocrx_word'/>
</head>
<body>
  <div class='ocr_page' id='page_1' title='image "./epistulaerecogno01ciceuoft_0192.png"; bbox 0 0 1791 2796; ppageno 0'>
   <div class='ocr_carea' id='block_1_1' title="bbox 132 134 1226 174">
    <p class='ocr_par' dir='ltr' id='par_1_1' title="bbox 132 134 1226 174">
     <span class='ocr_line' id='line_1_1' title="bbox 132 134 1226 174; baseline 0 -1"><span class='ocrx_word' id='word_1_1' title='bbox 132 136 202 173; x_wconf 86' lang='lat' dir='ltr'>VI.</span> <span class='ocrx_word' id='word_1_2' title='bbox 227 135 304 171; x_wconf 87' lang='lat' dir='ltr'>xix</span> <span class='ocrx_word' id='word_1_3' title='bbox 628 135 683 172; x_wconf 89' lang='lat' dir='ltr'>M.</span> <span class='ocrx_word' id='word_1_4' title='bbox 717 135 886 173; x_wconf 72' lang='lat' dir='ltr'>TVLLI</span> <span class='ocrx_word' id='word_1_5' title='bbox 918 134 1226 174; x_wconf 85' lang='lat' dir='ltr'>CICERONIS</span> 
     </span>
    </p>
   </div>
   <div class='ocr_carea' id='block_1_2' title="bbox 222 442 238 468">
    <p class='ocr_par' dir='ltr' id='par_1_2' title="bbox 222 442 238 468">
     <span class='ocr_line' id='line_1_2' title="bbox 222 442 238 468; baseline 0 0"><span class='ocrx_word' id='word_1_6' title='bbox 222 442 238 468; x_wconf 95' lang='lat'>1</span> 
     </span>
    </p>
   </div>
   <div class='ocr_carea' id='block_1_3' title="bbox 213 832 238 860">
    <p class='ocr_par' dir='ltr' id='par_1_3' title="bbox 213 832 238 860">
     <span class='ocr_line' id='line_1_3' title="bbox 213 832 238 860; baseline 0 0"><span class='ocrx_word' id='word_1_7' title='bbox 213 832 238 860; x_wconf 88' lang='lat'><em>2</em></span> 
     </span>
    </p>
   </div>
   <div class='ocr_carea' id='block_1_4' title="bbox 221 1939 238 1966">
    <p class='ocr_par' dir='ltr' id='par_1_4' title="bbox 221 1939 238 1966">
     <span class='ocr_line' id='line_1_4' title="bbox 221 1939 238 1966; baseline 0 0"><span class='ocrx_word' id='word_1_8' title='bbox 221 1939 238 1966; x_wconf 94' lang='lat'>1</span> 
     </span>
    </p>
   </div>
   <div class='ocr_carea' id='block_1_5' title="bbox 301 257 1273 376">
    <p class='ocr_par' dir='ltr' id='par_1_5' title="bbox 301 257 1273 376">
     <span class='ocr_line' id='line_1_5' title="bbox 301 257 1273 302; baseline -0.002 -8"><span class='ocrx_word' id='word_1_9' title='bbox 301 257 413 294; x_wconf 85' lang='lat' dir='ltr'>XIX</span> <span class='ocrx_word' id='word_1_10' title='bbox 572 261 642 294; x_wconf 86' lang='lat' dir='ltr'>Scr.</span> <span class='ocrx_word' id='word_1_11' title='bbox 664 261 811 293; x_wconf 73' lang='lat' dir='ltr'>Asturae</span> <span class='ocrx_word' id='word_1_12' title='bbox 827 273 871 293; x_wconf 80' lang='lat' dir='ltr'>ex.</span> <span class='ocrx_word' id='word_1_13' title='bbox 896 273 939 293; x_wconf 84' lang='lat' dir='ltr'>m.</span> <span class='ocrx_word' id='word_1_14' title='bbox 955 260 1042 293; x_wconf 74' lang='lat' dir='ltr'>Sext.</span> <span class='ocrx_word' id='word_1_15' title='bbox 1064 272 1094 293; x_wconf 85' lang='lat' dir='ltr'>a.</span> <span class='ocrx_word' id='word_1_16' title='bbox 1116 271 1174 302; x_wconf 86' lang='lat'>709</span> <span class='ocrx_word' id='word_1_17' title='bbox 1195 261 1273 302; x_wconf 75' lang='lat'><em>(45).</em></span> 
     </span>
     <span class='ocr_line' id='line_1_6' title="bbox 725 344 1117 376; baseline -0.003 0"><span class='ocrx_word' id='word_1_18' title='bbox 725 344 901 376; x_wconf 79' lang='lat' dir='ltr'>CICERO</span> <span class='ocrx_word' id='word_1_19' title='bbox 928 344 1117 376; x_wconf 73' lang='lat' dir='ltr'>LEPTAE.</span> 
     </span>
    </p>
   </div>
   <div class='ocr_carea' id='block_1_6' title="bbox 255 428 1651 1657">
    <p class='ocr_par' dir='ltr' id='par_1_6' title="bbox 256 428 1628 804">
     <span class='ocr_line' id='line_1_7' title="bbox 313 428 1591 478; baseline -0.002 -10"><span class='ocrx_word' id='word_1_20' title='bbox 313 430 514 469; x_wconf 80' lang='lat' dir='ltr'><strong>Maculam</strong></span> <span class='ocrx_word' id='word_1_21' title='bbox 545 428 674 468; x_wconf 85' lang='lat' dir='ltr'>officio</span> <span class='ocrx_word' id='word_1_22' title='bbox 705 429 883 467; x_wconf 83' lang='lat' dir='ltr'>functum</span> <span class='ocrx_word' id='word_1_23' title='bbox 914 441 999 466; x_wconf 89' lang='lat' dir='ltr'>esse</span> <span class='ocrx_word' id='word_1_24' title='bbox 1028 429 1192 478; x_wconf 80' lang='lat' dir='ltr'>gaudeo.</span> <span class='ocrx_word' id='word_1_25' title='bbox 1255 428 1351 467; x_wconf 90' lang='lat' dir='ltr'>Eius</span> <span class='ocrx_word' id='word_1_26' title='bbox 1382 429 1591 467; x_wconf 85' lang='lat' dir='ltr'>Falernum</span> 
     </span>
     <span class='ocr_line' id='line_1_8' title="bbox 257 493 1591 544; baseline -0.001 -11"><span class='ocrx_word' id='word_1_27' title='bbox 257 495 352 533; x_wconf 78' lang='lat' dir='ltr'>mihi</span> <span class='ocrx_word' id='word_1_28' title='bbox 383 508 537 544; x_wconf 81' lang='lat' dir='ltr'>semper</span> <span class='ocrx_word' id='word_1_29' title='bbox 566 494 755 533; x_wconf 86' lang='lat' dir='ltr'>idoneum</span> <span class='ocrx_word' id='word_1_30' title='bbox 781 493 907 531; x_wconf 83' lang='lat' dir='ltr'>visum</span> <span class='ocrx_word' id='word_1_31' title='bbox 938 501 996 531; x_wconf 87' lang='lat' dir='ltr'>est</span> <span class='ocrx_word' id='word_1_32' title='bbox 1025 493 1261 540; x_wconf 69' lang='lat' dir='ltr'>dex-orsorio,</span> <span class='ocrx_word' id='word_1_33' title='bbox 1290 493 1320 531; x_wconf 91' lang='lat' dir='ltr'>si</span> <span class='ocrx_word' id='word_1_34' title='bbox 1348 494 1470 532; x_wconf 93' lang='lat' dir='ltr'>modo</span> <span class='ocrx_word' id='word_1_35' title='bbox 1499 493 1591 532; x_wconf 89' lang='lat' dir='ltr'>tecti</span> 
     </span>
     <span class='ocr_line' id='line_1_9' title="bbox 256 559 1628 610; baseline -0.001 -11"><span class='ocrx_word' id='word_1_36' title='bbox 256 561 348 600; x_wconf 89' lang='lat' dir='ltr'>satis</span> <span class='ocrx_word' id='word_1_37' title='bbox 383 568 441 599; x_wconf 92' lang='lat' dir='ltr'>est</span> <span class='ocrx_word' id='word_1_38' title='bbox 471 561 522 599; x_wconf 88' lang='lat' dir='ltr'>ad</span> <span class='ocrx_word' id='word_1_39' title='bbox 554 560 786 599; x_wconf 89' lang='lat' dir='ltr'>comitatum</span> <span class='ocrx_word' id='word_1_40' title='bbox 823 567 1000 598; x_wconf 84' lang='lat' dir='ltr'>nostrum</span> <span class='ocrx_word' id='word_1_41' title='bbox 1036 559 1318 610; x_wconf 89' lang='lat' dir='ltr'>recipiendum.</span> <span class='ocrx_word' id='word_1_42' title='bbox 1379 559 1628 610; x_wconf 86' lang='lat' dir='ltr'>Ceteroqui5</span> 
     </span>
     <span class='ocr_line' id='line_1_10' title="bbox 256 623 1591 675; baseline -0.001 -11"><span class='ocrx_word' id='word_1_43' title='bbox 256 625 353 664; x_wconf 89' lang='lat' dir='ltr'>mihi</span> <span class='ocrx_word' id='word_1_44' title='bbox 401 627 511 665; x_wconf 91' lang='lat' dir='ltr'>locus</span> <span class='ocrx_word' id='word_1_45' title='bbox 550 639 632 664; x_wconf 90' lang='lat' dir='ltr'>non</span> <span class='ocrx_word' id='word_1_46' title='bbox 677 623 869 675; x_wconf 87' lang='lat' dir='ltr'>displicet.</span> <span class='ocrx_word' id='word_1_47' title='bbox 950 625 1035 662; x_wconf 91' lang='lat' dir='ltr'>Nec</span> <span class='ocrx_word' id='word_1_48' title='bbox 1074 637 1120 662; x_wconf 88' lang='lat' dir='ltr'>ea</span> <span class='ocrx_word' id='word_1_49' title='bbox 1158 638 1197 663; x_wconf 88' lang='lat' dir='ltr'>re</span> <span class='ocrx_word' id='word_1_50' title='bbox 1238 623 1439 663; x_wconf 82' lang='lat' dir='ltr'>Petrinum</span> <span class='ocrx_word' id='word_1_51' title='bbox 1479 632 1591 662; x_wconf 89' lang='lat' dir='ltr'>tuum</span> 
     </span>
     <span class='ocr_line' id='line_1_11' title="bbox 256 689 1591 739; baseline -0.002 -9"><span class='ocrx_word' id='word_1_52' title='bbox 256 693 460 739; x_wconf 71' lang='lat' dir='ltr'>deseram3</span> <span class='ocrx_word' id='word_1_53' title='bbox 503 704 595 729; x_wconf 84' lang='lat' dir='ltr'>nam</span> <span class='ocrx_word' id='word_1_54' title='bbox 634 698 672 729; x_wconf 91' lang='lat' dir='ltr'>et</span> <span class='ocrx_word' id='word_1_55' title='bbox 711 690 802 728; x_wconf 83' lang='lat' dir='ltr'>villa</span> <span class='ocrx_word' id='word_1_56' title='bbox 840 697 878 728; x_wconf 92' lang='lat' dir='ltr'>et</span> <span class='ocrx_word' id='word_1_57' title='bbox 917 689 1136 728; x_wconf 79' lang='lat' dir='ltr'>amoenitas</span> <span class='ocrx_word' id='word_1_58' title='bbox 1171 690 1236 728; x_wconf 87' lang='lat' dir='ltr'>illa</span> <span class='ocrx_word' id='word_1_59' title='bbox 1269 689 1591 728; x_wconf 85' lang='lat' dir='ltr'>commorationis</span> 
     </span>
     <span class='ocr_line' id='line_1_12' title="bbox 256 756 678 804; baseline -0.007 -8"><span class='ocrx_word' id='word_1_60' title='bbox 256 765 326 804; x_wconf 86' lang='lat' dir='ltr'>est,</span> <span class='ocrx_word' id='word_1_61' title='bbox 358 770 438 795; x_wconf 89' lang='lat' dir='ltr'>non</span> <span class='ocrx_word' id='word_1_62' title='bbox 468 756 678 795; x_wconf 87' lang='lat' dir='ltr'>devorsori.</span> 
     </span>
    </p>

    <p class='ocr_par' dir='ltr' id='par_1_7' title="bbox 255 820 1651 1657">
     <span class='ocr_line' id='line_1_13' title="bbox 313 820 1590 871; baseline -0.001 -11"><span class='ocrx_word' id='word_1_63' title='bbox 313 823 374 860; x_wconf 88' lang='lat' dir='ltr'>De</span> <span class='ocrx_word' id='word_1_64' title='bbox 421 821 624 860; x_wconf 84' lang='lat' dir='ltr'>curatione</span> <span class='ocrx_word' id='word_1_65' title='bbox 665 820 798 871; x_wconf 87' lang='lat' dir='ltr'>aliqua</span> <span class='ocrx_word' id='word_1_66' title='bbox 840 834 1049 860; x_wconf 90' lang='lat' dir='ltr'>munerum</span> <span class='ocrx_word' id='word_1_67' title='bbox 1088 821 1282 871; x_wconf 83' lang='lat' dir='ltr'>regiorum</span> <span class='ocrx_word' id='word_1_68' title='bbox 1322 834 1412 859; x_wconf 90' lang='lat' dir='ltr'>cum</span> <span class='ocrx_word' id='word_1_69' title='bbox 1457 820 1590 871; x_wconf 88' lang='lat' dir='ltr'>Oppio</span> 
     </span>
     <span class='ocr_line' id='line_1_14' title="bbox 256 887 1651 938; baseline -0.001 -12"><span class='ocrx_word' id='word_1_70' title='bbox 256 889 411 926; x_wconf 89' lang='lat' dir='ltr'>locutus</span> <span class='ocrx_word' id='word_1_71' title='bbox 438 900 524 926; x_wconf 87' lang='lat' dir='ltr'>sum</span> <span class='ocrx_word' id='word_1_72' title='bbox 540 902 550 934; x_wconf 84' lang='grc'><strong>;</strong></span> <span class='ocrx_word' id='word_1_73' title='bbox 593 899 685 925; x_wconf 85' lang='lat' dir='ltr'>nam</span> <span class='ocrx_word' id='word_1_74' title='bbox 712 887 893 934; x_wconf 83' lang='lat' dir='ltr'>Balbum,</span> <span class='ocrx_word' id='word_1_75' title='bbox 925 894 1063 938; x_wconf 87' lang='lat' dir='ltr'>postea</span> <span class='ocrx_word' id='word_1_76' title='bbox 1092 900 1211 937; x_wconf 87' lang='lat' dir='ltr'>quam</span> <span class='ocrx_word' id='word_1_77' title='bbox 1239 895 1281 925; x_wconf 90' lang='lat' dir='ltr'>tu</span> <span class='ocrx_word' id='word_1_78' title='bbox 1309 900 1349 925; x_wconf 86' lang='lat' dir='ltr'>es</span> <span class='ocrx_word' id='word_1_79' title='bbox 1379 887 1586 937; x_wconf 86' lang='lat' dir='ltr'>profectus,</span> <span class='ocrx_word' id='word_1_80' title='bbox 1612 897 1651 920; x_wconf 92' lang='lat'>10</span> 
     </span>
     <span class='ocr_line' id='line_1_15' title="bbox 258 952 1590 1003; baseline -0.001 -12"><span class='ocrx_word' id='word_1_81' title='bbox 258 967 337 992; x_wconf 86' lang='lat' dir='ltr'>non</span> <span class='ocrx_word' id='word_1_82' title='bbox 372 953 461 992; x_wconf 83' lang='lat' dir='ltr'>vidi.</span> <span class='ocrx_word' id='word_1_83' title='bbox 522 952 661 991; x_wconf 88' lang='lat' dir='ltr'>Tantis</span> <span class='ocrx_word' id='word_1_84' title='bbox 700 953 849 1003; x_wconf 88' lang='lat' dir='ltr'>pedum</span> <span class='ocrx_word' id='word_1_85' title='bbox 889 952 1093 991; x_wconf 87' lang='lat' dir='ltr'>doloribus</span> <span class='ocrx_word' id='word_1_86' title='bbox 1124 952 1314 999; x_wconf 81' lang='lat' dir='ltr'>adficitur,</span> <span class='ocrx_word' id='word_1_87' title='bbox 1352 961 1394 990; x_wconf 89' lang='lat' dir='ltr'>ut</span> <span class='ocrx_word' id='word_1_88' title='bbox 1426 966 1466 990; x_wconf 88' lang='lat' dir='ltr'>se</span> <span class='ocrx_word' id='word_1_89' title='bbox 1500 965 1590 990; x_wconf 90' lang='lat' dir='ltr'>con-</span> 
     </span>
     <span class='ocr_line' id='line_1_16' title="bbox 257 1017 1591 1068; baseline -0.002 -10"><span class='ocrx_word' id='word_1_90' title='bbox 257 1019 378 1058; x_wconf 78' lang='lat' dir='ltr'>veniri</span> <span class='ocrx_word' id='word_1_91' title='bbox 410 1018 517 1057; x_wconf 86' lang='lat' dir='ltr'>nolit.</span> <span class='ocrx_word' id='word_1_92' title='bbox 579 1017 758 1057; x_wconf 90' lang='lat' dir='ltr'>Omnino</span> <span class='ocrx_word' id='word_1_93' title='bbox 789 1019 840 1056; x_wconf 93' lang='lat' dir='ltr'>de</span> <span class='ocrx_word' id='word_1_94' title='bbox 867 1026 949 1056; x_wconf 87' lang='lat' dir='ltr'>tota</span> <span class='ocrx_word' id='word_1_95' title='bbox 980 1031 1031 1065; x_wconf 88' lang='lat' dir='ltr'>re,</span> <span class='ocrx_word' id='word_1_96' title='bbox 1061 1026 1103 1056; x_wconf 87' lang='lat' dir='ltr'>ut</span> <span class='ocrx_word' id='word_1_97' title='bbox 1131 1018 1226 1056; x_wconf 81' lang='lat' dir='ltr'>mihi</span> <span class='ocrx_word' id='word_1_98' title='bbox 1257 1017 1408 1064; x_wconf 82' lang='lat' dir='ltr'>videris,</span> <span class='ocrx_word' id='word_1_99' title='bbox 1442 1017 1591 1068; x_wconf 87' lang='lat' dir='ltr'>sapien-</span> 
     </span>
     <span class='ocr_line' id='line_1_17' title="bbox 258 1082 1589 1132; baseline -0.002 -9"><span class='ocrx_word' id='word_1_100' title='bbox 258 1085 333 1123; x_wconf 88' lang='lat' dir='ltr'>tius</span> <span class='ocrx_word' id='word_1_101' title='bbox 353 1086 510 1131; x_wconf 85' lang='lat' dir='ltr'>faceres,</span> <span class='ocrx_word' id='word_1_102' title='bbox 535 1084 564 1122; x_wconf 83' lang='lat' dir='ltr'>si</span> <span class='ocrx_word' id='word_1_103' title='bbox 587 1097 667 1122; x_wconf 85' lang='lat' dir='ltr'>non</span> <span class='ocrx_word' id='word_1_104' title='bbox 689 1096 852 1122; x_wconf 84' lang='lat' dir='ltr'>curares.</span> <span class='ocrx_word' id='word_1_105' title='bbox 915 1084 1036 1132; x_wconf 87' lang='lat' dir='ltr'>Quod</span> <span class='ocrx_word' id='word_1_106' title='bbox 1061 1083 1165 1122; x_wconf 85' lang='lat' dir='ltr'>enim</span> <span class='ocrx_word' id='word_1_107' title='bbox 1191 1097 1239 1122; x_wconf 91' lang='lat' dir='ltr'>eo</span> <span class='ocrx_word' id='word_1_108' title='bbox 1266 1083 1399 1122; x_wconf 87' lang='lat' dir='ltr'>labore</span> <span class='ocrx_word' id='word_1_109' title='bbox 1425 1082 1589 1132; x_wconf 87' lang='lat' dir='ltr'>adsequi</span> 
     </span>
     <span class='ocr_line' id='line_1_18' title="bbox 259 1148 1588 1199; baseline -0.002 -10"><span class='ocrx_word' id='word_1_110' title='bbox 259 1151 324 1198; x_wconf 87' lang='lat' dir='ltr'>vis,</span> <span class='ocrx_word' id='word_1_111' title='bbox 366 1152 476 1189; x_wconf 91' lang='lat' dir='ltr'>nullo</span> <span class='ocrx_word' id='word_1_112' title='bbox 514 1151 637 1188; x_wconf 94' lang='lat' dir='ltr'>modo</span> <span class='ocrx_word' id='word_1_113' title='bbox 671 1151 899 1199; x_wconf 82' lang='lat' dir='ltr'>adsequere.</span> <span class='ocrx_word' id='word_1_114' title='bbox 959 1151 1089 1188; x_wconf 84' lang='lat' dir='ltr'>Tanta</span> <span class='ocrx_word' id='word_1_115' title='bbox 1127 1157 1185 1187; x_wconf 88' lang='lat' dir='ltr'>est</span> <span class='ocrx_word' id='word_1_116' title='bbox 1220 1149 1325 1188; x_wconf 88' lang='lat' dir='ltr'>enim</span> <span class='ocrx_word' id='word_1_117' title='bbox 1362 1148 1588 1187; x_wconf 82' lang='lat' dir='ltr'>intimorum</span> 
     </span>
     <span class='ocr_line' id='line_1_19' title="bbox 257 1214 1647 1265; baseline 0.001 -11"><span class='ocrx_word' id='word_1_118' title='bbox 257 1216 481 1262; x_wconf 89' lang='lat' dir='ltr'>multitudo,</span> <span class='ocrx_word' id='word_1_119' title='bbox 517 1223 559 1254; x_wconf 88' lang='lat' dir='ltr'>ut</span> <span class='ocrx_word' id='word_1_120' title='bbox 595 1229 641 1254; x_wconf 78' lang='lat' dir='ltr'>ex</span> <span class='ocrx_word' id='word_1_121' title='bbox 676 1215 721 1253; x_wconf 86' lang='lat' dir='ltr'>iis</span> <span class='ocrx_word' id='word_1_122' title='bbox 753 1215 895 1265; x_wconf 86' lang='lat' dir='ltr'>aliquis</span> <span class='ocrx_word' id='word_1_123' title='bbox 929 1214 1061 1265; x_wconf 87' lang='lat' dir='ltr'>potius</span> <span class='ocrx_word' id='word_1_124' title='bbox 1095 1215 1226 1253; x_wconf 84' lang='lat' dir='ltr'>effluat</span> <span class='ocrx_word' id='word_1_125' title='bbox 1258 1228 1376 1264; x_wconf 91' lang='lat' dir='ltr'>quam</span> <span class='ocrx_word' id='word_1_126' title='bbox 1407 1227 1511 1253; x_wconf 82' lang='lat' dir='ltr'>novo</span> <span class='ocrx_word' id='word_1_127' title='bbox 1541 1214 1589 1252; x_wconf 91' lang='lat' dir='ltr'>sit</span> <span class='ocrx_word' id='word_1_128' title='bbox 1610 1224 1647 1255; x_wconf 88' lang='lat'>15</span> 
     </span>
     <span class='ocr_line' id='line_1_20' title="bbox 255 1279 1589 1332; baseline -0.002 -12"><span class='ocrx_word' id='word_1_129' title='bbox 255 1282 396 1328; x_wconf 85' lang='lat' dir='ltr'>aditus,</span> <span class='ocrx_word' id='word_1_130' title='bbox 438 1280 664 1332; x_wconf 86' lang='lat' dir='ltr'>praesertim</span> <span class='ocrx_word' id='word_1_131' title='bbox 709 1280 776 1330; x_wconf 86' lang='lat' dir='ltr'>qui</span> <span class='ocrx_word' id='word_1_132' title='bbox 822 1280 918 1318; x_wconf 88' lang='lat' dir='ltr'>nihil</span> <span class='ocrx_word' id='word_1_133' title='bbox 959 1281 1109 1318; x_wconf 86' lang='lat' dir='ltr'>adferat</span> <span class='ocrx_word' id='word_1_134' title='bbox 1148 1288 1299 1330; x_wconf 89' lang='lat' dir='ltr'>praeter</span> <span class='ocrx_word' id='word_1_135' title='bbox 1337 1293 1507 1330; x_wconf 86' lang='lat' dir='ltr'>operam,</span> <span class='ocrx_word' id='word_1_136' title='bbox 1550 1279 1589 1318; x_wconf 89' lang='lat' dir='ltr'>in</span> 
     </span>
     <span class='ocr_line' id='line_1_21' title="bbox 256 1345 1589 1398; baseline -0.002 -12"><span class='ocrx_word' id='word_1_137' title='bbox 256 1361 335 1398; x_wconf 87' lang='lat' dir='ltr'>qua</span> <span class='ocrx_word' id='word_1_138' title='bbox 373 1347 437 1386; x_wconf 91' lang='lat' dir='ltr'>ille</span> <span class='ocrx_word' id='word_1_139' title='bbox 475 1361 516 1385; x_wconf 90' lang='lat' dir='ltr'>se</span> <span class='ocrx_word' id='word_1_140' title='bbox 555 1347 713 1385; x_wconf 84' lang='lat' dir='ltr'>dedisse</span> <span class='ocrx_word' id='word_1_141' title='bbox 752 1346 989 1385; x_wconf 85' lang='lat' dir='ltr'>beneficium</span> <span class='ocrx_word' id='word_1_142' title='bbox 1029 1345 1182 1396; x_wconf 85' lang='lat' dir='ltr'>putabit</span> <span class='ocrx_word' id='word_1_143' title='bbox 1215 1345 1262 1397; x_wconf 87' lang='lat' dir='ltr'>(si</span> <span class='ocrx_word' id='word_1_144' title='bbox 1301 1346 1423 1384; x_wconf 92' lang='lat' dir='ltr'>modo</span> <span class='ocrx_word' id='word_1_145' title='bbox 1461 1345 1589 1395; x_wconf 86' lang='lat' dir='ltr'>ipsum</span> 
     </span>
     <span class='ocr_line' id='line_1_22' title="bbox 256 1410 1590 1462; baseline -0.002 -11"><span class='ocrx_word' id='word_1_146' title='bbox 256 1413 380 1461; x_wconf 85' lang='lat' dir='ltr'>sciet),</span> <span class='ocrx_word' id='word_1_147' title='bbox 417 1426 498 1451; x_wconf 85' lang='lat' dir='ltr'>non</span> <span class='ocrx_word' id='word_1_148' title='bbox 537 1412 745 1462; x_wconf 81' lang='lat' dir='ltr'>accepisse.</span> <span class='ocrx_word' id='word_1_149' title='bbox 808 1413 885 1450; x_wconf 88' lang='lat' dir='ltr'>Sed</span> <span class='ocrx_word' id='word_1_150' title='bbox 925 1419 1057 1449; x_wconf 86' lang='lat' dir='ltr'>tamen</span> <span class='ocrx_word' id='word_1_151' title='bbox 1096 1410 1246 1461; x_wconf 83' lang='lat' dir='ltr'>aliquid</span> <span class='ocrx_word' id='word_1_152' title='bbox 1280 1410 1513 1457; x_wconf 80' lang='lat' dir='ltr'>videbimus,</span> <span class='ocrx_word' id='word_1_153' title='bbox 1550 1410 1590 1448; x_wconf 88' lang='lat' dir='ltr'>in</span> 
     </span>
     <span class='ocr_line' id='line_1_23' title="bbox 256 1477 1588 1529; baseline -0.003 -12"><span class='ocrx_word' id='word_1_154' title='bbox 256 1491 336 1529; x_wconf 92' lang='lat' dir='ltr'>quo</span> <span class='ocrx_word' id='word_1_155' title='bbox 365 1478 414 1516; x_wconf 90' lang='lat' dir='ltr'>sit</span> <span class='ocrx_word' id='word_1_156' title='bbox 444 1477 619 1528; x_wconf 80' lang='lat' dir='ltr'>spccies;</span> <span class='ocrx_word' id='word_1_157' title='bbox 647 1477 758 1515; x_wconf 85' lang='lat' dir='ltr'>aliter</span> <span class='ocrx_word' id='word_1_158' title='bbox 779 1477 942 1526; x_wconf 87' lang='lat' dir='ltr'>quidem</span> <span class='ocrx_word' id='word_1_159' title='bbox 963 1490 1044 1515; x_wconf 84' lang='lat' dir='ltr'>non</span> <span class='ocrx_word' id='word_1_160' title='bbox 1065 1477 1187 1515; x_wconf 93' lang='lat' dir='ltr'>modo</span> <span class='ocrx_word' id='word_1_161' title='bbox 1212 1490 1292 1514; x_wconf 87' lang='lat' dir='ltr'>non</span> <span class='ocrx_word' id='word_1_162' title='bbox 1318 1477 1588 1526; x_wconf 83' lang='lat' dir='ltr'>adpetendum</span> 
     </span>
     <span class='ocr_line' id='line_1_24' title="bbox 257 1540 1648 1592; baseline -0.003 -10"><span class='ocrx_word' id='word_1_163' title='bbox 257 1545 325 1582; x_wconf 82' lang='lat' dir='ltr'>sed</span> <span class='ocrx_word' id='word_1_164' title='bbox 347 1543 464 1582; x_wconf 88' lang='lat' dir='ltr'>etiam</span> <span class='ocrx_word' id='word_1_165' title='bbox 489 1542 720 1592; x_wconf 85' lang='lat' dir='ltr'>fugiendum</span> <span class='ocrx_word' id='word_1_166' title='bbox 751 1550 856 1591; x_wconf 86' lang='lat' dir='ltr'>puto.</span> <span class='ocrx_word' id='word_1_167' title='bbox 920 1543 1004 1591; x_wconf 81' lang='lat' dir='ltr'>Ego</span> <span class='ocrx_word' id='word_1_168' title='bbox 1035 1554 1097 1579; x_wconf 89' lang='lat' dir='ltr'>me</span> <span class='ocrx_word' id='word_1_169' title='bbox 1127 1544 1294 1579; x_wconf 79' lang='lat' dir='ltr'>Asturae</span> <span class='ocrx_word' id='word_1_170' title='bbox 1318 1540 1465 1579; x_wconf 87' lang='lat' dir='ltr'>diutius</span> <span class='ocrx_word' id='word_1_171' title='bbox 1491 1540 1588 1579; x_wconf 87' lang='lat' dir='ltr'>arbi·</span> <span class='ocrx_word' id='word_1_172' title='bbox 1609 1549 1648 1570; x_wconf 89' lang='lat'>20</span> 
     </span>
     <span class='ocr_line' id='line_1_25' title="bbox 256 1606 1530 1657; baseline -0.003 -9"><span class='ocrx_word' id='word_1_173' title='bbox 256 1619 333 1648; x_wconf 83' lang='lat' dir='ltr'>tror</span> <span class='ocrx_word' id='word_1_174' title='bbox 353 1617 699 1653; x_wconf 84' lang='lat' dir='ltr'>commoraturum,</span> <span class='ocrx_word' id='word_1_175' title='bbox 724 1608 856 1657; x_wconf 84' lang='lat' dir='ltr'>quoad</span> <span class='ocrx_word' id='word_1_176' title='bbox 878 1606 942 1655; x_wconf 82' lang='lat' dir='ltr'>ille</span> <span class='ocrx_word' id='word_1_177' title='bbox 962 1607 1203 1657; x_wconf 84' lang='lat' dir='ltr'>quandoque</span> <span class='ocrx_word' id='word_1_178' title='bbox 1224 1606 1363 1644; x_wconf 85' lang='lat' dir='ltr'>veniat.</span> <span class='ocrx_word' id='word_1_179' title='bbox 1423 1607 1530 1644; x_wconf 77' lang='lat' dir='ltr'>Vale.</span> 
     </span>
    </p>
   </div>
   <div class='ocr_carea' id='block_1_7' title="bbox 299 1760 1279 1876">
    <p class='ocr_par' dir='ltr' id='par_1_8' title="bbox 299 1760 1279 1876">
     <span class='ocr_line' id='line_1_26' title="bbox 299 1760 1279 1803; baseline -0.001 -8"><span class='ocrx_word' id='word_1_180' title='bbox 299 1760 385 1795; x_wconf 85' lang='lat' dir='ltr'>XX</span> <span class='ocrx_word' id='word_1_181' title='bbox 552 1762 621 1795; x_wconf 83' lang='lat' dir='ltr'>Scr.</span> <span class='ocrx_word' id='word_1_182' title='bbox 641 1763 791 1794; x_wconf 77' lang='lat' dir='ltr'>Asturae</span> <span class='ocrx_word' id='word_1_183' title='bbox 804 1773 849 1794; x_wconf 78' lang='lat' dir='ltr'>ex.</span> <span class='ocrx_word' id='word_1_184' title='bbox 870 1773 914 1794; x_wconf 86' lang='lat' dir='ltr'>m.</span> <span class='ocrx_word' id='word_1_185' title='bbox 937 1762 1049 1802; x_wconf 78' lang='lat' dir='ltr'>Quint.</span> <span class='ocrx_word' id='word_1_186' title='bbox 1069 1773 1098 1794; x_wconf 80' lang='lat' dir='ltr'>a.</span> <span class='ocrx_word' id='word_1_187' title='bbox 1123 1773 1181 1803; x_wconf 85' lang='lat'>709</span> <span class='ocrx_word' id='word_1_188' title='bbox 1199 1762 1279 1802; x_wconf 77' lang='lat'><em>(45).</em></span> 
     </span>
     <span class='ocr_line' id='line_1_27' title="bbox 680 1844 1161 1876; baseline 0.002 -1"><span class='ocrx_word' id='word_1_189' title='bbox 680 1845 856 1876; x_wconf 80' lang='lat' dir='ltr'>CICERO</span> <span class='ocrx_word' id='word_1_190' title='bbox 881 1844 1100 1876; x_wconf 82' lang='lat' dir='ltr'><strong>TORANIO</strong></span> <span class='ocrx_word' id='word_1_191' title='bbox 1127 1845 1161 1876; x_wconf 87' lang='lat' dir='ltr'>S.</span> 
     </span>
    </p>
   </div>
   <div class='ocr_carea' id='block_1_8' title="bbox 256 1921 1643 2306">
    <p class='ocr_par' dir='ltr' id='par_1_9' title="bbox 256 1921 1643 2306">
     <span class='ocr_line' id='line_1_28' title="bbox 312 1921 1586 1978; baseline -0.001 -11"><span class='ocrx_word' id='word_1_192' title='bbox 312 1930 510 1967; x_wconf 87' lang='lat' dir='ltr'>Dederam</span> <span class='ocrx_word' id='word_1_193' title='bbox 531 1929 663 1967; x_wconf 89' lang='lat' dir='ltr'>triduo</span> <span class='ocrx_word' id='word_1_194' title='bbox 689 1936 780 1966; x_wconf 84' lang='lat' dir='ltr'>ante</span> <span class='ocrx_word' id='word_1_195' title='bbox 807 1928 936 1978; x_wconf 84' lang='lat' dir='ltr'>pueris</span> <span class='ocrx_word' id='word_1_196' title='bbox 958 1928 1030 1966; x_wconf 89' lang='lat' dir='ltr'>Cn.</span> <span class='ocrx_word' id='word_1_197' title='bbox 1056 1921 1190 1967; x_wconf 69' lang='lat' dir='ltr'>Planci</span> <span class='ocrx_word' id='word_1_198' title='bbox 1210 1928 1355 1967; x_wconf 89' lang='lat' dir='ltr'>litteras</span> <span class='ocrx_word' id='word_1_199' title='bbox 1375 1928 1426 1967; x_wconf 86' lang='lat' dir='ltr'>ad</span> <span class='ocrx_word' id='word_1_200' title='bbox 1446 1935 1509 1976; x_wconf 84' lang='lat' dir='ltr'>te;</span> <span class='ocrx_word' id='word_1_201' title='bbox 1537 1940 1586 1966; x_wconf 90' lang='lat' dir='ltr'>eo</span> 
     </span>
     <span class='ocr_line' id='line_1_29' title="bbox 256 1993 1643 2043; baseline 0 -10"><span class='ocrx_word' id='word_1_202' title='bbox 256 2008 362 2033; x_wconf 87' lang='lat' dir='ltr'>nunc</span> <span class='ocrx_word' id='word_1_203' title='bbox 391 2008 458 2032; x_wconf 82' lang='lat' dir='ltr'>cro</span> <span class='ocrx_word' id='word_1_204' title='bbox 487 1994 641 2033; x_wconf 85' lang='lat' dir='ltr'>brevior</span> <span class='ocrx_word' id='word_1_205' title='bbox 670 2002 797 2043; x_wconf 86' lang='lat' dir='ltr'>teque,</span> <span class='ocrx_word' id='word_1_206' title='bbox 822 2002 863 2032; x_wconf 91' lang='lat' dir='ltr'>ut</span> <span class='ocrx_word' id='word_1_207' title='bbox 893 2002 1007 2031; x_wconf 85' lang='lat' dir='ltr'>antea</span> <span class='ocrx_word' id='word_1_208' title='bbox 1037 1993 1280 2040; x_wconf 82' lang='lat' dir='ltr'>consolabar,</span> <span class='ocrx_word' id='word_1_209' title='bbox 1303 1995 1380 2031; x_wconf 92' lang='lat' dir='ltr'>hoc</span> <span class='ocrx_word' id='word_1_210' title='bbox 1409 2001 1586 2043; x_wconf 86' lang='lat' dir='ltr'>tempore</span> <span class='ocrx_word' id='word_1_211' title='bbox 1607 2002 1643 2033; x_wconf 86' lang='lat'>25</span> 
     </span>
     <span class='ocr_line' id='line_1_30' title="bbox 256 2058 1582 2110; baseline -0.002 -12"><span class='ocrx_word' id='word_1_212' title='bbox 256 2060 438 2098; x_wconf 87' lang='lat' dir='ltr'>monebo.</span> <span class='ocrx_word' id='word_1_213' title='bbox 500 2060 608 2098; x_wconf 81' lang='lat' dir='ltr'>Nihil</span> <span class='ocrx_word' id='word_1_214' title='bbox 629 2068 726 2110; x_wconf 91' lang='lat' dir='ltr'>puto</span> <span class='ocrx_word' id='word_1_215' title='bbox 747 2059 817 2097; x_wconf 88' lang='lat' dir='ltr'>tibi</span> <span class='ocrx_word' id='word_1_216' title='bbox 839 2072 923 2097; x_wconf 82' lang='lat' dir='ltr'>csse</span> <span class='ocrx_word' id='word_1_217' title='bbox 944 2058 1075 2097; x_wconf 84' lang='lat' dir='ltr'>utilius</span> <span class='ocrx_word' id='word_1_218' title='bbox 1096 2072 1215 2109; x_wconf 89' lang='lat' dir='ltr'>quam</span> <span class='ocrx_word' id='word_1_219' title='bbox 1236 2058 1384 2098; x_wconf 90' lang='lat' dir='ltr'>ibidem</span> <span class='ocrx_word' id='word_1_220' title='bbox 1405 2058 1582 2109; x_wconf 89' lang='lat' dir='ltr'>opperiri,</span> 
     </span>
     <span class='ocr_line' id='line_1_31' title="bbox 256 2125 1587 2176; baseline -0.002 -12"><span class='ocrx_word' id='word_1_221' title='bbox 256 2126 389 2176; x_wconf 87' lang='lat' dir='ltr'>quoad</span> <span class='ocrx_word' id='word_1_222' title='bbox 423 2125 519 2163; x_wconf 87' lang='lat' dir='ltr'>scire</span> <span class='ocrx_word' id='word_1_223' title='bbox 554 2125 679 2175; x_wconf 85' lang='lat' dir='ltr'>possis</span> <span class='ocrx_word' id='word_1_224' title='bbox 709 2125 804 2174; x_wconf 81' lang='lat' dir='ltr'>quid</span> <span class='ocrx_word' id='word_1_225' title='bbox 840 2125 910 2163; x_wconf 87' lang='lat' dir='ltr'>tibi</span> <span class='ocrx_word' id='word_1_226' title='bbox 943 2127 1141 2175; x_wconf 82' lang='lat' dir='ltr'>agendum</span> <span class='ocrx_word' id='word_1_227' title='bbox 1172 2125 1230 2163; x_wconf 93' lang='lat' dir='ltr'>sit.</span> <span class='ocrx_word' id='word_1_228' title='bbox 1303 2126 1407 2162; x_wconf 91' lang='lat' dir='ltr'>Nam</span> <span class='ocrx_word' id='word_1_229' title='bbox 1437 2131 1587 2174; x_wconf 85' lang='lat' dir='ltr'>praeter</span> 
     </span>
     <span class='ocr_line' id='line_1_32' title="bbox 256 2189 1588 2240; baseline -0.002 -12"><span class='ocrx_word' id='word_1_230' title='bbox 256 2190 514 2240; x_wconf 84' lang='lat' dir='ltr'>navigationis</span> <span class='ocrx_word' id='word_1_231' title='bbox 547 2191 686 2239; x_wconf 81' lang='lat' dir='ltr'>longae</span> <span class='ocrx_word' id='word_1_232' title='bbox 716 2198 753 2227; x_wconf 81' lang='lat' dir='ltr'>et</span> <span class='ocrx_word' id='word_1_233' title='bbox 785 2189 963 2227; x_wconf 84' lang='lat' dir='ltr'>hiemalis</span> <span class='ocrx_word' id='word_1_234' title='bbox 995 2198 1032 2228; x_wconf 88' lang='lat' dir='ltr'>et</span> <span class='ocrx_word' id='word_1_235' title='bbox 1063 2189 1224 2228; x_wconf 88' lang='lat' dir='ltr'>minime</span> <span class='ocrx_word' id='word_1_236' title='bbox 1253 2197 1462 2240; x_wconf 88' lang='lat' dir='ltr'>portuosae</span> <span class='ocrx_word' id='word_1_237' title='bbox 1492 2189 1588 2239; x_wconf 90' lang='lat' dir='ltr'>peri-</span> 
     </span>
     <span class='ocr_line' id='line_1_33' title="bbox 256 2254 1583 2306; baseline -0.002 -12"><span class='ocrx_word' id='word_1_238' title='bbox 256 2257 389 2295; x_wconf 89' lang='lat' dir='ltr'>culum</span> <span class='ocrx_word' id='word_1_239' title='bbox 406 2256 514 2306; x_wconf 91' lang='lat' dir='ltr'>quod</span> <span class='ocrx_word' id='word_1_240' title='bbox 536 2254 724 2301; x_wconf 80' lang='lat' dir='ltr'>vitaveris,</span> <span class='ocrx_word' id='word_1_241' title='bbox 749 2268 797 2293; x_wconf 85' lang='lat' dir='ltr'>ne</span> <span class='ocrx_word' id='word_1_242' title='bbox 819 2255 914 2293; x_wconf 90' lang='lat' dir='ltr'>illud</span> <span class='ocrx_word' id='word_1_243' title='bbox 928 2255 1088 2304; x_wconf 89' lang='lat' dir='ltr'>quidem</span> <span class='ocrx_word' id='word_1_244' title='bbox 1111 2268 1191 2293; x_wconf 87' lang='lat' dir='ltr'>non</span> <span class='ocrx_word' id='word_1_245' title='bbox 1212 2254 1418 2305; x_wconf 86' lang='lat' dir='ltr'>quantivis,</span> <span class='ocrx_word' id='word_1_246' title='bbox 1441 2254 1583 2301; x_wconf 87' lang='lat' dir='ltr'>subito,</span> 
     </span>
    </p>
   </div>
   <div class='ocr_carea' id='block_1_9' title="bbox 256 2358 1585 2445">
    <p class='ocr_par' dir='ltr' id='par_1_10' title="bbox 256 2358 1585 2445">
     <span class='ocr_line' id='line_1_34' title="bbox 301 2358 1585 2399; baseline -0.002 -9"><span class='ocrx_word' id='word_1_247' title='bbox 301 2371 319 2399; x_wconf 89' lang='lat'>4</span> <span class='ocrx_word' id='word_1_248' title='bbox 345 2359 540 2391; x_wconf 75' lang='lat' dir='ltr'>deversorio</span> <span class='ocrx_word' id='word_1_249' title='bbox 560 2359 588 2390; x_wconf 86' lang='lat' dir='ltr'><em>G</em></span> <span class='ocrx_word' id='word_1_250' title='bbox 601 2372 610 2390; x_wconf 89' lang='lat'><em>:</em></span> <span class='ocrx_word' id='word_1_251' title='bbox 642 2360 761 2390; x_wconf 87' lang='lat' dir='ltr'>-orium</span> <span class='ocrx_word' id='word_1_252' title='bbox 781 2359 857 2389; x_wconf 71' lang='grc' dir='ltr'><em>τουτ’.</em></span> <span class='ocrx_word' id='word_1_253' title='bbox 885 2358 1075 2398; x_wconf 68' lang='lat' dir='ltr'>lVesenbmg</span> <span class='ocrx_word' id='word_1_254' title='bbox 1204 2369 1240 2398; x_wconf 93' lang='lat'>17</span> <span class='ocrx_word' id='word_1_255' title='bbox 1267 2359 1298 2389; x_wconf 90' lang='lat' dir='ltr'>id</span> <span class='ocrx_word' id='word_1_256' title='bbox 1318 2359 1426 2398; x_wconf 86' lang='lat' dir='ltr'>ipsum</span> <span class='ocrx_word' id='word_1_257' title='bbox 1443 2358 1585 2398; x_wconf 76' lang='lat' dir='ltr'>Ernesti,</span> 
     </span>
     <span class='ocr_line' id='line_1_35' title="bbox 256 2401 1425 2445; baseline 0 -11"><span class='ocrx_word' id='word_1_258' title='bbox 256 2404 293 2443; x_wconf 57' lang='lat' dir='ltr'>cs:</span> <span class='ocrx_word' id='word_1_259' title='bbox 315 2404 454 2445; x_wconf 80' lang='lat' dir='ltr'>Madvig</span> <span class='ocrx_word' id='word_1_260' title='bbox 469 2403 541 2434; x_wconf 84' lang='lat' dir='ltr'>Fin.</span> <span class='ocrx_word' id='word_1_261' title='bbox 563 2404 593 2434; x_wconf 86' lang='lat' dir='ltr'>ii.</span> <span class='ocrx_word' id='word_1_262' title='bbox 615 2413 657 2444; x_wconf 82' lang='lat'>93</span> <span class='ocrx_word' id='word_1_263' title='bbox 790 2412 832 2441; x_wconf 84' lang='lat'>29</span> <span class='ocrx_word' id='word_1_264' title='bbox 855 2403 1024 2441; x_wconf 83' lang='lat' dir='ltr'>quantivis</span> <span class='ocrx_word' id='word_1_265' title='bbox 1046 2401 1118 2433; x_wconf 78' lang='lat' dir='ltr'><em>Vict.</em></span> <span class='ocrx_word' id='word_1_266' title='bbox 1136 2414 1142 2434; x_wconf 87' lang='lat'>:</span> <span class='ocrx_word' id='word_1_267' title='bbox 1168 2402 1320 2441; x_wconf 87' lang='lat' dir='ltr'>quamvis</span> <span class='ocrx_word' id='word_1_268' title='bbox 1335 2401 1425 2434; x_wconf 85' lang='lat' dir='ltr'>codd.</span> 
     </span>
    </p>
   </div>
  </div>
 </body>
</html>
