1791 2796
590 155 701 193 EPP.
735 156 811 192 AD
844 155 1190 193 FAMILIARES
1512 154 1581 192 IX.
1601 153 1678 192 xiii

270 289 386 325 XIII
449 292 519 324 Ser.
541 292 670 324 Romae
685 303 729 324 ex.
750 303 780 324 a.
803 294 865 333 708
883 292 956 333 (46)
976 296 1035 323 aut
1051 293 1093 323 fn.
1115 303 1144 323 a.
1168 303 1226 332 7โฐ9
1246 292 1327 333 (455.

603 371 777 402 CICERO
805 370 1116 402 DOLABELLAE
1143 371 1176 401 S.

281 451 325 489 C.
358 450 571 489 Subernius
602 452 773 490 Calenus
805 458 843 489 et
876 464 986 489 meus
1025 458 1083 489 est
1115 449 1311 488 familiaris
1342 458 1379 488 et
1410 451 1558 500 Leptae
1577 460 1593 487 1

228 515 350 554 nostri
379 515 667 554 familiarissimi
696 515 1018 567 pernecessarius.
1095 517 1133 553 Is
1163 529 1253 553 cum
1288 515 1437 553 vitandi
1466 515 1559 554 belli

190 600 206 630 5
228 592 345 618 causa
374 583 571 631 profectus
599 588 700 620 esset
729 580 767 619 in
795 580 1032 631 Hispaniam
1061 593 1150 618 cum
1184 581 1239 617 M.
1262 581 1439 618 Varrone
1468 587 1559 618 ante

228 645 387 691 bellum,
412 654 452 684 ut
474 646 513 684 in
534 660 580 685 ea
599 645 800 697 provincia
821 654 933 692 esset,
957 645 996 683 in
1021 658 1099 696 qua
1128 658 1245 683 nemo
1269 653 1445 682 nostrum
1471 652 1560 695 post

227 710 433 748 Afranium
464 720 689 762 superatum
716 712 862 750 bellum
893 713 1016 749 ullum
1047 712 1128 750 fore
1158 718 1321 761 putaret,
1348 710 1485 748 incidit
1520 710 1559 748 in

227 789 272 813 ea
303 776 386 825 ipsa
415 778 525 823 mala,
554 790 654 826 quae
680 790 835 815 summo
865 777 996 815 studio
1024 776 1233 823 vitaverat3
1263 788 1471 826 oppressus
1502 783 1559 814 est

226 840 332 879 enirn
365 842 468 879 bello
500 841 719 891 repentino,
746 843 854 891 quod
886 843 1034 880 bellum
1062 848 1307 880 commotum
1338 854 1360 878 a
1392 842 1559 891 Scapula

169 924 207 945 10
227 906 279 944 ita
303 914 439 956 postea
467 907 741 944 confirmatum
770 915 827 945 est
855 920 877 944 a
906 906 1111 956 Pompeio,
1133 914 1174 944 ut
1201 907 1308 944 nulla
1332 905 1481 944 ratione
1507 907 1558 944 ab

228 971 292 1008 illa
340 971 493 1010 miseria
533 985 574 1009 se
614 971 761 1021 eripere
810 979 954 1021 posset.
1034 972 1184 1010 Eadem
1229 984 1347 1009 causa
1384 972 1462 1009 fere
1501 979 1600 1009 est2

230 1038 283 1074 M.
323 1035 433 1073 Plani
474 1036 659 1083 Heredis,
694 1037 761 1086 qui
800 1045 857 1075 est
896 1037 990 1076 item
1031 1038 1213 1083 Calenus,
1251 1037 1400 1086 Leptae
1438 1036 1559 1074 nostri

228 1100 558 1139 familiarissimus.
621 1103 757 1140 Hosce
779 1102 893 1152 igitur
913 1103 1052 1140 ambos
1073 1101 1143 1140 tibi
1169 1102 1223 1139 sic
1244 1103 1495 1148 commendo,
1519 1108 1560 1139 ut

228 1166 374 1204 maiore
408 1179 508 1212 cura,
542 1167 684 1213 studio,
715 1167 978 1206 sollicitudine
1009 1167 1131 1205 animi
1166 1167 1444 1205 commendare
1478 1180 1559 1204 non

172 1245 207 1276 ยน5
229 1231 387 1281 possim.
447 1233 550 1270 Volo
578 1231 750 1282 ipsorum
780 1246 906 1278 causa,
931 1244 1073 1281 meque
1100 1231 1139 1269 in
1168 1245 1215 1269 eo
1241 1232 1495 1270 vehementer
1520 1239 1558 1269 et

227 1297 400 1335 amicitia
429 1305 560 1336 movet
588 1306 625 1336 et
653 1297 900 1343 humanitas:
932 1298 1056 1347 Lepta
1083 1310 1174 1335 vero
1201 1309 1291 1334 cum
1316 1296 1369 1334 ita
1395 1297 1556 1342 laboret,

229 1370 269 1400 ut
297 1362 379 1401 eius
407 1363 584 1401 fortunae
606 1363 810 1401 videantur
831 1362 869 1400 in
893 1362 1103 1401 discrimen
1124 1361 1267 1407 venire,
1289 1374 1369 1399 non
1397 1374 1557 1411 possum

229 1441 301 1477 ego
328 1441 407 1465 non
435 1436 501 1466 aut
532 1427 707 1478 proxime
736 1436 854 1478 atque
883 1427 946 1466 ille
977 1435 1043 1465 aut
1073 1426 1192 1465 etiam
1220 1439 1346 1476 aeque
1370 1427 1556 1465 laborare.

230 1494 487 1543 Quapropter,
517 1493 586 1531 etsi
619 1506 735 1543 saepe
765 1501 945 1543 expertus
976 1505 1061 1530 sum
1083 1499 1274 1542 quantum
1306 1505 1369 1530 me
1397 1504 1561 1535 amares,

171 1572 209 1593 20
229 1566 360 1596 tamen
391 1558 445 1596 sic
472 1558 588 1596 velim
622 1558 692 1597 tibi
721 1559 967 1608 persuadeas
1000 1557 1039 1596 id
1067 1571 1130 1596 me
1157 1557 1197 1594 in
1224 1557 1297 1595 hac
1329 1570 1369 1594 re
1393 1556 1562 1594 maxime

229 1623 502 1662 iudicaturum.
563 1625 659 1662 Peto
691 1623 804 1673 igitur
835 1637 857 1661 a
897 1631 933 1661 te
966 1624 1040 1665 vel,
1072 1622 1101 1660 si
1134 1622 1287 1672 pateris,
1322 1635 1390 1660 oro
1424 1629 1466 1660 ut
1495 1622 1605 1664 ho-3

229 1688 353 1727 mines
385 1688 545 1727 miseros
570 1697 607 1726 et
637 1689 802 1735 fortuna,
833 1701 952 1738 quam
981 1687 1100 1725 vitare
1130 1701 1248 1725 nemo
1275 1694 1415 1736 potest,
1439 1686 1561 1736 magis

228 1767 346 1804 quam
368 1754 483 1804 culpa
503 1753 752 1792 calamitosos
775 1766 982 1792 conserves
1011 1751 1220 1790 incolumis
1240 1751 1414 1801 velisque
1434 1764 1502 1801 per
1523 1759 1560 1790 te

229 1833 291 1857 me
312 1820 388 1857 hoc
410 1818 580 1857 muneris
596 1832 686 1857 cum
708 1819 800 1869 ipsis
821 1818 956 1857 amicis
978 1817 1216 1863 hominibus,
1232 1830 1321 1855 cum
1344 1816 1559 1866 municipio

174 1893 209 1924 25
230 1885 391 1927 Caleno,
415 1897 587 1933 quocum
619 1883 713 1921 mihi
745 1897 885 1934 magna
916 1883 1166 1922 necessitudo
1194 1891 1262 1929 est,
1286 1890 1369 1920 turn
1398 1883 1555 1932 Leptae,

230 1962 348 1997 quem
376 1949 560 1986 omnibus
590 1956 799 1998 antepono,
830 1950 932 1986 dare.
993 1949 1113 1997 Quod
1141 1948 1314 1986 dicturus
1342 1960 1439 1993 sum,
1462 1955 1558 1997 puto
1576 1960 1602 1997 4

230 2013 414 2063 equidem
437 2026 515 2051 non
538 2014 650 2051 valde
677 2014 727 2051 ad
756 2027 835 2051 rem
857 2014 1061 2063 pertinere,
1085 2015 1154 2052 sed
1176 2022 1308 2051 tamen
1329 2012 1425 2050 nihil
1446 2013 1559 2051 obest

230 2078 383 2117 dicere:
416 2079 495 2116 Res
522 2078 719 2116 familiaris
743 2078 852 2116 alteri
883 2092 1018 2117 eorum
1048 2079 1160 2117 valde
1191 2077 1327 2128 exigua
1359 2085 1427 2122 est,
1450 2078 1557 2116 alteri

230 2143 292 2180 vix
322 2143 520 2194 equestris.
582 2144 843 2193 Quapropter,
871 2143 1059 2194 quoniam
1090 2143 1136 2182 iis
1170 2144 1315 2183 Caesar
1341 2142 1459 2180 vitam
1491 2156 1559 2180 sua

173 2217 210 2247 30
231 2208 460 2246 liberalitate
481 2208 675 2246 concessit
696 2221 768 2246 nec
790 2216 847 2246 est
864 2210 970 2259 quod
993 2209 1037 2246 iis
1059 2216 1256 2259 praeterea
1278 2220 1420 2257 magno
1441 2220 1558 2257 opere

230 2273 353 2323 possit
386 2272 517 2318 adimi,
548 2272 728 2318 reditum,
757 2270 882 2311 sime
911 2281 1063 2311 tantum
1095 2286 1203 2311 amas
1235 2280 1426 2322 quantum
1454 2280 1558 2310 certe

276 2389 292 2417 7
319 2383 452 2417 putaret
470 2377 562 2408 HD:
590 2387 660 2408 -are
678 2378 734 2408 M:
763 2384 846 2409 -arat
864 2379 950 2418 vulg.
1074 2388 1113 2417 24
1139 2383 1207 2409 tum
1227 2376 1409 2415 municipio
1427 2375 1558 2409 Baiter:

231 2421 287 2451 sed
301 2432 374 2451 cum
393 2446 400 2452 .
422 2446 427 2452 .
449 2446 455 2452 .
477 2432 551 2452 cum
569 2445 576 2452 .
597 2446 603 2452 .
624 2445 632 2452 .
654 2426 721 2452 tum
740 2422 829 2453 Petit.
849 2433 932 2453 cons.
953 2433 994 2461 55
