1791 2796
203 115 279 152 ΙΠ.
301 125 331 151 ν
640 114 694 151 Μ.
728 114 896 150 TVLLI
929 113 1237 150 C1('13RON1s

270 234 381 264 tuum
412 225 583 263 officinm
616 238 705 262 cum
738 224 832 262 nii'ni
863 223 1125 273 gratissimum
1157 237 1242 262 esse
1267 223 1408 271 dicam,
1431 224 1605 274 sequitur

270 291 380 333 illud,
401 300 441 329 ut
470 300 507 329 te
535 290 755 328 existimare
776 290 890 327 velini
925 289 1017 327 milii
1051 303 1214 338 magnae
1239 302 1354 327 curae
1382 290 1463 327 sore
1487 297 1605 339 atque

269 369 356 395 esse
378 356 465 403 iam,
484 356 652 405 primum
677 364 717 393 ut
744 355 825 405 ipse
853 363 894 393 tu
922 355 1058 404 tuique
1085 367 1238 402 omnes,
1258 354 1404 392 deinde
1425 361 1466 392 ut
1487 353 1603 392 etiam

269 421 406 472 reliqui
456 421 553 459 scire
602 419 753 470 possint
793 433 855 458 me
894 419 964 457 tibi
1005 433 1090 457 esse
1128 419 1423 458 amicissimum.
1483 419 1605 468 Quod

269 487 413 538 quibus
433 487 565 524 adhuc
586 499 665 523 non
689 484 780 523 satis
805 493 862 523 est
890 492 1151 535 perspectum,
1175 484 1200 522 ii
1227 483 1322 523 mihi
1347 485 1453 523 nolle
1481 483 1604 533 magis
1626 497 1644 528 5

268 566 342 591 nos
375 554 449 590 hoc
481 551 614 589 animo
646 564 732 589 esse
765 564 884 600 quam
920 563 1001 588 non
1034 549 1259 600 intellegere
1288 550 1495 597 videntum
1534 551 1603 588 sed

269 619 445 668 profecto
466 617 707 665 intellegent.
721 628 850 665 neque
870 615 976 653 enim
997 615 1175 652 obscuris
1191 613 1368 665 personis
1388 628 1461 653 nec
1477 615 1604 664 parvis

269 683 307 721 in
330 682 456 721 causis
478 696 536 720 res
557 690 702 729 agetur.
763 681 841 718 Sed
872 682 968 719 haec
1000 680 1081 718 sieri
1112 679 1251 718 melius
1280 693 1398 730 quani
1431 679 1506 717 dici
1537 687 1603 718 aut

268 748 384 787 scribi
407 749 506 785 volo.

226 825 251 862 3
323 815 445 864 Quod
475 813 658 851 itinerum
689 825 867 851 meorum
898 811 996 851 ratio
1025 820 1064 851 te
1094 825 1175 850 non
1205 813 1351 850 nullam
1384 811 1422 849 in
1453 811 1604 850 dubita·
1627 823 1665 846 10

267 881 416 919 tionem
437 880 591 918 videtur
611 880 822 927 adducere,
843 869 1048 917 risurusne
1076 892 1139 917 me
1168 877 1219 916 sis
1249 878 1288 916 in
1319 876 1528 927 provincia,
1558 891 1603 916 ea

269 960 327 984 res
367 945 421 984 sic
461 959 502 983 se
541 945 684 983 habet:
747 944 915 982 {rundisi
955 957 1046 983 cum
1085 946 1266 994 loquerer
1303 956 1394 981 cum
1440 943 1603 991 Phania,

268 1011 407 1050 liberto
434 1019 514 1057 tuo,
537 1010 626 1048 veni
647 1010 685 1048 in
707 1023 797 1048 eum
821 1023 1055 1056 sermonem,
1079 1016 1120 1047 ut
1148 1007 1319 1047 dicerem
1347 1021 1410 1046 me
1437 1008 1603 1047 libenter

266 1077 318 1115 ad
345 1089 431 1114 eam
461 1084 610 1126 partem
641 1074 867 1125 provinciae
896 1074 1065 1124 primum
1097 1087 1182 1113 esse
1210 1081 1431 1121 venturum,
1453 1087 1532 1124 quo
1564 1081 1602 1112 te

267 1141 436 1181 maxime
479 1142 578 1179 velle
629 1140 843 1179 arbitrarer.
912 1141 1030 1178 Tune
1084 1138 1181 1177 mihi
1228 1138 1292 1177 ille
1334 1138 1444 1186 dixit,
1492 1140 1601 1188 quod
1624 1150 1661 1181 15

267 1209 391 1247 classe
421 1215 462 1246 tu
493 1207 612 1245 velles
642 1206 848 1253 decedere,
876 1218 944 1255 per
974 1206 1056 1243 fore
1085 1205 1432 1243 accommodatum
1461 1203 1541 1250 tibi,
1570 1204 1599 1242 si

266 1275 318 1312 ad
339 1273 443 1311 illam
466 1271 700 1310 maritimam
723 1278 872 1323 partem
895 1270 1119 1321 provinciae
1140 1269 1306 1308 navibus
1335 1269 1599 1308 accessissem.

269 1338 359 1376 Dixi
390 1352 453 1376 me
483 1352 567 1376 esse
598 1339 790 1376 facturum
823 1337 954 1387 itaque
984 1336 1176 1383 fecissem,
1200 1335 1273 1374 nisi
1294 1334 1347 1373 mi
1369 1336 1411 1373 L.
1428 1335 1601 1375 Clodius

266 1412 398 1442 noster
438 1404 632 1452 Corcyrae
671 1402 830 1441 dixisset
870 1401 1032 1440 minime
1071 1401 1110 1440 id
1150 1414 1235 1439 esse
1274 1400 1523 1449 faciendunr:
1563 1408 1602 1440 te

268 1468 491 1507 Laudiceae
518 1470 600 1506 fore
626 1469 676 1507 ad
704 1481 834 1506 meum
864 1468 1091 1506 adventum.
1153 1468 1245 1504 Erat
1274 1465 1315 1504 id
1345 1465 1439 1503 mihi
1476 1467 1600 1505 multo
1622 1480 1662 1502 20

268 1534 422 1574 brevius
453 1536 658 1584 multoque
687 1533 951 1579 commodius,
972 1543 1062 1571 cum
1093 1531 1318 1582 praesertim
1345 1539 1382 1569 te
1409 1531 1461 1570 ita
1487 1533 1602 1571 malle

223 1611 248 1648 4
268 1600 481 1638 arbitrarer.
540 1601 629 1637 Tua
660 1599 758 1637 ratio
787 1607 925 1649 postea
956 1606 1013 1637 est
1044 1605 1296 1635 commutata.
1358 1598 1476 1635 Nunc
1506 1597 1601 1646 quid

269 1665 349 1702 sieri
382 1665 516 1714 possit,
550 1673 591 1703 tu
623 1664 807 1703 facillime
839 1672 1010 1711 statue83
1040 1676 1113 1713 ego
1141 1662 1211 1701 tibi
1237 1675 1369 1701 meum
1391 1661 1599 1700 consilium

267 1744 485 1780 exponam:
518 1732 576 1768 Pr.
614 1731 662 1767 K.
694 1729 847 1767 Sextilis
883 1737 978 1779 puto
1012 1742 1075 1767 me
1108 1727 1331 1766 Laudiceae
1361 1728 1452 1765 fore.
1515 1729 1600 1765 Per-

267 1809 414 1846 paucos
436 1795 532 1841 dies,
553 1796 648 1833 dum
680 1794 847 1844 pecunia
877 1793 1079 1844 accipitur,
1109 1806 1210 1843 quae
1241 1791 1336 1830 mihi
1366 1805 1412 1830 ex
1441 1791 1598 1842 publica
1621 1804 1658 1836 25

267 1861 555 1911 permutatione
575 1860 755 1907 debetur,
776 1848 1062 1899 commorabor.v
1121 1858 1277 1897 Deinde
1297 1857 1368 1896 iter
1388 1857 1527 1895 faciam
1548 1858 1599 1896 ad

266 1926 493 1972 exereitum,
514 1935 555 1964 ut
581 1925 731 1964 circiter
760 1927 818 1964 Id.
844 1927 944 1965 Sext.
969 1926 1103 1975 putem
1126 1908 1261 1963 me‘ad
1291 1922 1472 1961 Iconium
1505 1923 1595 1960 sore.

267 1993 358 2039 Sed,
380 1991 409 2029 si
431 1991 527 2040 quid
549 2005 653 2029 nunc
672 2005 733 2029 me
750 1991 845 2029 fallit
869 1991 905 2028 in
928 1990 1138 2029 scribendo
1152 1988 1305 2040 (procul
1319 1987 1423 2026 enim
1439 1987 1598 2026 aberam

266 2058 316 2095 ab
356 2070 395 2095 re
435 2057 517 2106 ipsa
556 2065 593 2095 et
624 2071 647 2095 a
681 2057 807 2107 locis),
839 2056 954 2094 simul
986 2069 1031 2094 ac
1067 2054 1246 2105 progredi
1272 2066 1453 2103 coepero,
1479 2066 1598 2102 quam

315 2173 326 2193 1
354 2163 470 2193 <lucam
491 2161 608 2192 Lamb.
721 2172 739 2199 5
765 2166 983 2201 perspectum
1001 2160 1111 2200 vulg:
1137 2158 1365 2198 perscriptum
1384 2156 1470 2187 codd.
1578 2157 1598 2187 8

267 2212 386 2245 agetur
403 2206 511 2236 Mle-'z
537 2207 650 2244 agitur
669 2204 744 2236 GR¹
911 2215 949 2236 12
974 2205 1021 2234 sic
1039 2215 1076 2234 se
1094 2202 1146 2233 R:
1172 2213 1209 2233 sc
1224 2202 1272 2233 sic
1293 2200 1340 2231 G:
1366 2201 1414 2231 sic
1432 2201 1459 2230 si
1479 2199 1534 2240 (ex
1550 2200 1598 2230 sic

267 2251 330 2288 sic)
347 2249 403 2280 M:
430 2251 477 2280 sic
499 2250 573 2280 Via.
736 2259 773 2287 15
798 2249 1020 2279 arbitraretur
1036 2244 1283 2287 Mat-[vni-Lag.
1440 2244 1477 2274 16
1501 2244 1527 2273 si
1556 2244 1598 2275 ad

268 2294 384 2325 Sidam
405 2293 620 2334 smaritimam
640 2298 767 2332 partem
795 2290 1006 2332 provinciae]
1026 2291 1166 2321 navibus
1191 2287 1438 2329 Marlyni-Lag.
1461 2286 1595 2324 Scln'itz,

267 2338 333 2370 coll.
360 2339 390 2368 6.
416 2348 427 2368 1
566 2348 608 2368 20
635 2337 823 2367 Laudiceae
849 2335 909 2366 M:
942 2335 1093 2366 laodiceo
1118 2333 1169 2365 R:
1207 2332 1371 2364 laodiciae
1398 2330 1433 2361 G.
1462 2329 1599 2371 Semper

269 2382 436 2413 Laudicea
448 2381 568 2422 scripsi,
583 2391 792 2420 quamquam
803 2379 919 2410 codices
933 2378 1076 2410 mullum
1093 2378 1234 2409 variant.
1248 2376 1287 2416 es.
1304 2375 1425 2406 Usener
1437 2375 1470 2404 in
1478 2373 1595 2412 Jahrb.

267 2428 328 2457 xci.
356 2426 457 2465 '1865‘
485 2436 515 2464 p.
535 2427 609 2459 228,
628 2428 656 2455 ct
679 2424 764 2455 Plin.
784 2424 864 2464 ΕΜ).
886 2424 916 2454 ii.
941 2433 988 2461 ¹4-
1008 2433 1026 2461 5
1147 2432 1187 2459 24
1214 2420 1266 2450 Pr.
1285 2419 1337 2450 N:
1357 2423 1495 2458 propter
1505 2416 1593 2449 codd.
