1791 2796
185 122 290 158 VLi
607 125 661 161 M.
695 125 861 161 TVLLI
895 125 1200 164 CICERONIS

237 241 317 272 tam
342 233 525 274 adflictus
553 234 661 286 quin,
686 235 716 274 si
738 235 835 274 nihil
856 236 964 276 aliud
992 237 1148 276 studeat
1170 236 1244 275 nisi
1272 237 1323 284 id,
1347 239 1455 288 quod
1475 238 1565 290 agit,

237 299 361 350 possit
392 314 534 339 navare
568 300 718 352 aliquid
753 308 791 339 et
826 302 988 349 efficere,
1026 316 1145 341 omne
1180 316 1314 341 meum
1347 303 1566 350 consilium,

237 379 408 415 operam,
434 365 609 405 studium
640 374 744 406 certe
774 366 891 406 velim
922 367 1120 406 existimes
1152 367 1222 406 tibi
1252 368 1408 419 tuisque
1438 365 1569 408 liberis

237 444 322 469 esse
351 431 541 470 debitum.

296 583 343 618 II
433 588 502 617 δυ’.
525 587 557 617 ιἰι
576 586 678 618 Attici
692 588 867 619 Ficuleano
884 593 959 620 autc
972 590 1021 619 ,rii
1034 589 1074 620 K.
1098 589 1177 620 Mml
1200 601 1228 621 (ι,
1252 601 1309 631 709
1330 591 1408 632 45).
1590 598 1608 630 5

532 665 575 697 M.
604 666 780 698 CICERO
807 668 841 699 S.
872 668 912 698 D.
941 668 981 699 A.
1009 668 1275 708 TORQVATO.

204 755 219 781 1
296 747 392 785 Peto
413 760 435 784 a
456 753 493 784 te
519 760 568 784 ne
597 760 659 784 me
681 753 794 797 putes
816 746 1015 786 oblivione
1037 746 1093 786 tui
1114 746 1233 786 rarius
1254 748 1305 787 ad
1326 754 1364 787 te
1388 746 1566 795 scribere,

240 824 357 860 quam
393 812 580 859 solebam,
614 813 684 850 sed
723 820 791 850 aut
829 812 1016 863 gravitate
1046 812 1292 860 valetudinis,
1324 826 1403 863 qua
1430 820 1569 852 'tamen

239 875 316 913 iam
355 877 517 927 paulum
551 876 687 915 videor
725 877 853 924 levari,
886 886 953 916 aut
987 879 1097 928 quod
1130 878 1257 916 absim
1290 878 1341 917 ab
1374 878 1481 925 urbe,
1513 885 1566 925 ut,

239 941 306 991 qui
335 942 387 981 ad
413 950 451 981 te
478 941 788 992 proficiscantur,
821 942 919 982 scire
951 957 1032 982 non
1057 942 1216 994 possim.
1275 944 1368 992 Qua
1391 957 1431 982 re
1451 942 1568 982 velim
1591 955 1632 978 10

239 1006 291 1045 ita
312 1012 500 1046 statutum
529 1009 687 1055 habeas,
711 1022 774 1047 me
805 1008 861 1047 tui
892 1008 1123 1048 memoriam
1152 1022 1243 1047 cum
1273 1021 1427 1047 summa
1454 1008 1572 1047 bene-

239 1072 411 1111 volentia
440 1081 572 1112 tenere
602 1080 769 1124 tuasque
800 1073 929 1113 omnis
959 1087 1019 1113 res
1049 1087 1130 1112 non
1161 1073 1301 1112 minori
1332 1072 1428 1112 mihi
1455 1087 1571 1113 curae

239 1151 358 1188 quam
389 1151 496 1176 meas
526 1152 623 1176 esse.

195 1211 221 1239 2
294 1204 416 1252 Quod
452 1203 599 1243 maiore
627 1203 668 1242 in
698 1203 884 1243 varietate
914 1211 1066 1244 versata
1095 1211 1153 1242 est
1187 1203 1319 1242 adhuc
1353 1210 1419 1242 tua
1452 1217 1571 1242 causa

239 1282 358 1318 quam
388 1268 569 1307 homines
599 1277 666 1308 aut
695 1269 883 1308 volebant
913 1277 981 1308 aut
1012 1269 1287 1320 opinabantur,
1316 1267 1411 1307 mihi
1440 1269 1568 1316 crede,
1592 1281 1630 1313 15

239 1346 320 1371 non
348 1340 405 1371 est
432 1347 503 1383 pro
530 1334 642 1372 malis
670 1342 894 1384 temporum
925 1335 1034 1384 quod
1062 1335 1226 1372 moleste
1254 1334 1352 1371 feras
1367 1347 1376 1380 3
1410 1346 1571 1372 necesse

240 1405 297 1435 est
318 1397 423 1436 enim
443 1406 511 1436 aut
534 1398 651 1437 armis
679 1398 804 1448 urgeri
832 1412 913 1437 rem
936 1412 971 1449 p.
996 1396 1244 1448 sempiternis
1269 1404 1336 1435 aut
1362 1396 1407 1435 iis
1433 1397 1570 1447 positis

239 1462 401 1502 recreari
421 1463 637 1513 aliquando
656 1472 724 1502 aut
745 1464 922 1503 funditus
950 1463 1116 1502 interire.
1176 1463 1215 1501 Si
1239 1475 1346 1500 arma
1370 1462 1566 1509 valebunt,

240 1541 314 1566 nec
348 1541 425 1575 eos,
459 1542 482 1566 a
516 1528 660 1579 quibus
695 1529 888 1579 reciperis,
923 1528 1044 1567 vereri
1084 1528 1206 1567 debes
1244 1540 1318 1565 nec
1355 1540 1434 1572 605,
1469 1541 1569 1577 quos

239 1591 447 1641 adiuvisti,
475 1592 507 1631 si
533 1592 651 1631 armis
678 1601 745 1632 aut
772 1591 1010 1631 condicione
1034 1592 1171 1642 positis
1197 1599 1263 1629 aut
1292 1590 1569 1641 defetigatione
1589 1608 1629 1630 20

239 1657 402 1697 abiectis
423 1665 490 1697 aut
510 1658 672 1697 victoria
692 1657 876 1697 detractis
897 1646 1032 1696 civitas
1054 1655 1308 1706 respiraverit,
1321 1663 1359 1694 et
1380 1655 1569 1707 dignitate

239 1731 307 1762 tua
326 1723 399 1762 frui
417 1723 488 1763 tibi
509 1731 546 1762 et
568 1723 733 1762 fortunis
754 1722 887 1762 licebit
906 1737 915 1768 3
942 1722 1002 1760 sin
1023 1721 1187 1760 omnino
1208 1720 1420 1760 interierint
1435 1721 1570 1761 omnia

239 1789 433 1839 fueritque
463 1789 494 1828 is
524 1789 663 1837 exitus,
687 1803 807 1840 quem
832 1788 888 1827 vir
917 1787 1257 1839 prudentissimus,
1279 1789 1334 1825 M.
1357 1787 1569 1837 Antonius,

239 1854 316 1894 iam
339 1864 421 1893 tum
444 1855 620 1903 timebat,
634 1870 725 1895 cum
747 1863 898 1894 tantum
921 1855 1063 1893 instare
1081 1855 1271 1892 malorum
1287 1853 1570 1904 suspicabatur,

240 1920 381 1958 misera
401 1927 458 1958 est
479 1920 543 1958 illa
560 1920 721 1970 quidem
743 1919 976 1966 consolatio,
990 1919 1055 1958 tali
1076 1910 1302 1969 praesertim
1323 1918 1396 1957 civi
1416 1926 1454 1957 et
1474 1919 1569 1967 viro,
1590 1931 1628 1963 ²5

241 1986 310 2024 sed
326 1993 456 2023 tamen
472 1985 703 2024 necessaria.
717 1985 813 2023 nihil
831 1999 916 2024 esse
932 1984 1141 2035 praecipue
1155 1983 1337 2035 cuiquam
1351 1985 1567 2023 dolendum

242 2050 281 2089 in
302 2064 350 2088 eo
371 2051 478 2100 quod
499 2050 653 2089 accidat
674 2050 872 2088 universis.

199 2127 224 2166 3
299 2116 412 2164 Quae
436 2114 492 2153 vis
520 2115 609 2153 insit
638 2115 675 2153 in
704 2115 763 2153 his
793 2114 927 2165 paucis
954 2114 1082 2153 verbis
1104 2114 1231 2165 (plura
1259 2114 1363 2153 enim
1393 2113 1569 2152 commit-

242 2181 363 2219 tenda
384 2180 574 2231 epistulae
595 2194 675 2219 non
698 2180 839 2226 erant),
860 2180 889 2217 si
915 2180 1109 2225 attendes,
1130 2180 1238 2228 quod
1265 2179 1372 2219 facis,
1392 2180 1568 2228 profecto

244 2246 361 2285 etiam
391 2245 475 2284 sine
505 2245 601 2284 meis
633 2245 767 2284 litteris
799 2244 999 2293 intelleges
1033 2252 1071 2282 te
1099 2243 1247 2293 aliquid
1277 2245 1433 2291 habere,
1459 2245 1569 2294 quod
1588 2259 1628 2290 30

293 2360 305 2380 1
334 2350 412 2389 quin
437 2349 510 2380 Vist.
528 2362 532 2381 ε
559 2350 612 2389 qui
632 2349 717 2380 codd,
876 2359 914 2380 xo
939 2349 1196 2389 proficiscantur
1214 2349 1300 2381 Cras.
1319 2361 1323 2379 z
1351 2355 1458 2380 -catur
1476 2349 1566 2380 MR:

247 2404 317 2425 -ear
336 2394 363 2424 G
457 2404 494 2434 ¹9
521 2394 677 2434 reciperis
695 2393 878 2435 Egnatium
906 2394 1075 2433 receperis
1093 2393 1179 2424 codd.
1198 2405 1203 2423 :
1231 2393 1404 2432 recipieris
1422 2394 1550 2432 Kayser
