1791 2796
128 145 222 182 VII.
247 155 277 180 x
618 142 672 178 M.
706 140 872 177 TVLLI
905 139 1212 177 CICERONIS

241 256 358 294 situm
388 256 438 293 ab
469 268 530 302 co,
559 255 609 292 ad
640 266 758 303 quem
789 252 907 291 ceteri
943 265 1024 290 non
1054 259 1213 303 propter
1242 250 1466 302 superbiam
1496 251 1580 290 eius

197 335 221 361 2
241 323 310 360 sed
340 328 498 371 propter
532 318 835 370 occupationem
874 317 1043 368 aspirare
1082 331 1163 356 non
1198 325 1373 367 possunt.
1433 318 1511 356 Sed
1539 325 1581 355 tu

241 387 280 424 in
314 386 387 424 ista
420 385 588 435 epistula
621 384 717 423 nibil
758 383 853 422 mihi
893 383 1078 434 scripsisti
1115 384 1164 422 de
1204 382 1279 421 tuis
1318 383 1448 427 rebus,
1480 396 1581 433 quae

242 464 304 489 me
325 452 482 489 hercule
504 450 599 488 mihi
621 463 702 488 non
724 448 865 487 minori
887 451 1114 487 curae'sunt
1135 461 1254 498 quam
1275 461 1396 486 meae.
1454 449 1581 487 Valde

242 524 376 554 metuo
406 529 456 554 ne
480 515 617 565 frigeas
646 515 684 553 in
713 513 899 553 hibernis.
961 514 1092 563 Quam
1117 515 1170 552 ob
1197 526 1279 552 rem
1300 512 1456 551 camino
1476 515 1582 551 lucu·
1601 528 1617 559 5

241 582 350 621 lento
378 582 571 620 utendum
601 594 745 619 censeo
776 581 898 632 (idem
936 579 1074 618 Mucio
1104 586 1142 617 et
1173 578 1340 617 Manilio
1369 577 1581 629 placebat),

243 647 469 698 praesertim
490 647 557 698 qui
579 646 678 696 sagis
703 660 784 685 non
815 646 1049 684 abundares.
1111 645 1364 694 Quamquam
1385 657 1454 683 vos
1475 657 1581 682 nunc

243 714 329 752 istic
359 713 451 752 satis
480 714 607 751 calere
631 711 752 750 audio
768 726 777 759 ;
807 724 887 761 quo
915 710 1077 761 quidem
1105 710 1245 748 nuntio
1269 710 1382 748 valde
1410 722 1472 748 me
1499 710 1582 748 her-

242 781 331 818 cule
351 780 401 818 de
421 786 459 817 te
479 778 695 816 timueram.
756 778 834 815 Sed
855 784 896 815 tu
918 776 958 814 in
979 790 1019 814 re
1041 775 1196 813 militari
1223 776 1347 813 multo
1367 787 1408 813 es
1432 774 1582 813 cautior

244 857 363 896 quam
408 844 448 882 in
492 842 834 889 advocationibus,
873 841 940 892 qui
985 854 1116 891 neque
1161 840 1201 878 in
1241 841 1404 879 Oceano
1449 847 1581 878 natare
1603 853 1641 876 ιο

243 909 412 949 volueris
441 907 750 947 studiosissimus
780 909 903 946 homo
932 906 1095 945 natandi
1126 919 1255 956 neque
1282 912 1457 955 spectare
1484 918 1583 944 esse-

244 976 387 1023 darios,
407 988 526 1025 quem
553 982 668 1013 antea
697 987 746 1012 ne
774 974 972 1012 andabata
992 971 1154 1023 quidem
1183 972 1413 1010 defraudare
1434 978 1582 1022 potera-

245 1054 342 1080 muS.
403 1042 481 1080 Sed
502 1040 578 1078 iam
601 1039 691 1078 satis
713 1039 830 1078 iocati
852 1052 997 1077 sumus.

203 1122 227 1158 3
301 1110 385 1158 Ego
410 1109 459 1146 de
486 1115 523 1145 te
549 1107 600 1145 ad
623 1107 831 1146 Caesarem
863 1118 981 1155 quam
1011 1104 1217 1154 diligenter
1247 1102 1480 1153 scripserim,
1500 1109 1582 1140 tute

246 1173 334 1221 seis,
350 1187 468 1224 quam
490 1186 619 1224 saepe,
641 1185 713 1222 ego
732 1187 738 1217 ;
766 1173 835 1210 sed
858 1185 920 1210 me
941 1172 1098 1209 hercule
1120 1170 1197 1208 iam
1218 1168 1516 1216 intermiseram,
1532 1182 1582 1207 ne
1603 1180 1640 1211 15

245 1239 395 1278 viderer
423 1237 683 1277 liberalissimi
713 1237 886 1276 hominis
916 1236 1074 1286 meique
1102 1235 1361 1274 amantissimi
1391 1235 1582 1273 voluntati

245 1318 333 1354 erga
373 1318 435 1342 me
474 1303 660 1342 diffidere.
732 1303 810 1342 Sed
850 1310 982 1341 tamen
1017 1301 1062 1340 iis
1097 1301 1245 1348 litteris,
1278 1314 1374 1351 quas
1408 1299 1583 1351 proxime

246 1370 352 1417 dedi,
373 1369 505 1420 putavi
527 1383 612 1408 esse
633 1369 836 1408 hominem
858 1369 1208 1408 commonendum.
1271 1368 1319 1405 Id
1347 1366 1421 1405 feci
1440 1381 1449 1414 b:
1487 1366 1584 1416 quid

247 1436 491 1488 profecerim,
512 1436 630 1475 facias
651 1449 715 1474 me
735 1435 851 1474 velim
874 1435 1078 1474 certiorem
1106 1442 1144 1473 et
1169 1434 1284 1472 simul
1305 1434 1356 1472 de
1377 1441 1460 1472 toto
1481 1440 1582 1471 statu

247 1510 316 1540 tuo
336 1502 588 1552 consiliisque
615 1501 800 1540 omnibus
819 1516 825 1543 3
856 1501 952 1539 scire
980 1500 1086 1539 enim
1107 1499 1225 1550 cupio
1246 1499 1341 1549 quid
1362 1512 1465 1549 agas,
1487 1499 1582 1549 quid
1603 1513 1643 1535 20

247 1576 461 1618 exspectes,
493 1581 611 1618 quam
652 1569 812 1617 longum
852 1566 969 1604 istum
1010 1573 1121 1604 tuum
1161 1565 1378 1603 discessum
1412 1578 1434 1602 a
1469 1564 1583 1602 nobis

201 1648 227 1685 4
248 1635 419 1672 futurum
441 1641 563 1683 putes.
626 1632 688 1671 Sic
710 1631 813 1670 enim
837 1631 908 1670 tibi·
935 1631 1170 1681 persuadeas
1192 1630 1322 1676 velim,
1343 1642 1465 1667 unum
1488 1628 1583 1666 mibi

247 1714 331 1738 csse
352 1699 540 1738 solacium
563 1712 641 1749 qua
662 1712 701 1737 re
729 1697 878 1736 facilius
906 1697 1053 1748 possim
1081 1696 1161 1747 pati
1183 1703 1220 1735 te
1245 1708 1329 1734 esse
1351 1695 1434 1734 sine
1455 1694 1584 1742 nobis,

248 1765 276 1802 si
308 1764 377 1803 tibi
408 1778 492 1803 esse
522 1764 561 1802 id
592 1765 861 1803 emolumento
892 1763 1041 1809 sciam3
1079 1762 1138 1800 sin
1168 1769 1299 1800 autem
1331 1761 1370 1799 id
1403 1774 1482 1799 non
1512 1768 1583 1808 est,

249 1830 343 1868 nibil
379 1830 535 1868 duobus
571 1829 685 1868 nobis
720 1837 776 1867 est
816 1828 984 1875 stultius,
1020 1841 1095 1870 me,
1127 1826 1193 1877 qui
1229 1834 1266 1865 te
1298 1840 1378 1864 non
1413 1827 1582 1864 Romam
1603 1840 1643 1872 25

247 1896 452 1937 attraham,
474 1903 524 1941 te,
545 1894 611 1944 qui
633 1908 714 1932 non
735 1896 812 1932 huc
839 1895 1009 1932 advoles.
1072 1894 1164 1932 Una
1185 1905 1247 1930 rne
1269 1892 1425 1930 hercule
1453 1900 1584 1930 nostra

249 1962 308 1998 vel
330 1973 461 1998 severa
482 1961 541 1997 vel
567 1959 699 1997 iocosa
726 1958 950 2008 congressio
974 1957 1093 2008 pluris
1123 1957 1192 1995 erit
1221 1969 1339 2006 quam
1361 1969 1440 1994 non
1464 1957 1584 1994 modo

250 2027 392 2072 hostes,
416 2026 485 2063 sed
506 2025 623 2062 ctiam
645 2026 777 2062 fratres
799 2023 919 2062 nostri
944 2023 1114 2062 Haedui.
1158 2023 1248 2071 Qua
1269 2035 1308 2060 re
1329 2021 1513 2060 omnibus
1534 2022 1584 2060 de

251 2090 365 2129 rebus
387 2091 445 2127 sac
468 2098 506 2126 ut
529 2102 646 2138 quam
669 2088 835 2138 primum
858 2088 989 2126 sciam.

410 2164 506 2198 'Aut
537 2160 781 2198 consolando
810 2167 875 2197 aut
906 2159 1071 2197 consilio
1100 2166 1165 2196 aut
1196 2172 1235 2196 re
1265 2158 1422 2197 iliverost
1461 2178 1465 2180 >
1603 2165 1643 2195 30

603 2273 638 2293 12
664 2263 831 2293 andabata
849 2261 1020 2293 Scliotlus:
1046 2267 1127 2293 -tam
1146 2261 1232 2293 codd.
