1791 2796
557 147 670 184 EPP.
703 147 780 182 AD
812 144 1159 182 FAMILIARES
1469 143 1548 181 ΙΙΙ.
1565 141 1644 180 viii

193 259 294 297 sario
327 259 536 308 neglegens
570 270 665 295 esse.
724 257 801 302 Tu,
829 254 867 293 si
891 253 1000 293 istius
1031 252 1140 292 modi
1169 266 1370 293 sermones
1400 253 1451 292 ad
1485 260 1523 291 te

193 323 311 362 delati
344 324 395 362 de
426 336 490 361 me
527 328 632 370 sunt,
662 334 744 360 non
781 319 954 359 debuisti
992 320 1150 358 credere
1168 334 1177 367 3
1217 318 1249 357 si
1282 326 1415 357 autem
1446 318 1523 357 hoc

192 402 334 439 genere
370 386 589 435 delectaris,
619 395 675 435 ut,
706 400 808 437 quae
841 385 911 425 tibi
943 385 983 423 in
1022 393 1195 424 mentem
1234 384 1405 433 veniant,
1438 383 1523 422 aliis

193 453 394 501 attribuas,
432 465 555 503 genus
597 451 789 491 sermonis
829 451 984 490 inducis
1025 450 1063 489 in
1102 449 1316 488 amicitiam
1359 448 1523 488 minime

157 527 174 560 5
194 518 362 557 liberale.
404 519 503 568 Ego,
518 517 550 556 si
566 516 606 555 in
626 516 827 567 provincia
842 518 892 555 de
913 524 979 555 tua
995 517 1098 554 fama
1113 516 1316 554 detrahere
1332 527 1522 565 umquam

194 582 440 633 cogitassem,
469 596 550 622 non
577 586 789 632 †generum
819 589 931 620 tuum
966 581 1149 620 libertum
1178 579 1362 619 Brundisi
1392 593 1522 630 neque

193 650 244 688 ad
273 650 512 699 praefectum
544 649 699 687 fabrum
721 649 928 698 Corcyrae,
950 661 1069 698 quern
1094 647 1133 685 in
1154 648 1286 686 locum
1308 660 1370 684 me
1390 645 1522 684 venire

193 716 324 762 velles,
356 714 601 753 rettulissem.
665 715 756 763 Qua
793 727 833 752 re
872 720 984 763 potes
1022 711 1260 751 doctissimis
1294 710 1522 750 horninibus

192 780 430 828 auctoribus,
450 794 618 831 quorum
638 787 729 818 sunt
749 780 799 818 de
825 778 996 817 amicitia
1019 778 1191 828 gerenda
1216 776 1522 828 praeclarissime

139 862 175 883 10
194 845 324 896 scripti
340 845 439 895 libri,
453 859 577 896 genus
593 846 670 884 hoc
685 853 812 884 totum
829 843 1015 883 orationis
1032 845 1167 883 tollere
1186 859 1193 882 z
1224 842 1522 893 ‘Disputabant‚

194 925 266 962 ego
282 919 417 950 contra
431 911 672 951 disserebam
687 925 697 959 3
716 910 916 958 dicebant,
930 923 1003 960 ego
1019 909 1237 959 negabam.'
1279 910 1343 947 An
1360 907 1456 946 mihi
1472 909 1522 947 de
1541 908 1569 946 6

193 983 231 1015 te
251 975 348 1014 nihil
368 989 453 1014 esse
472 975 622 1014 dictum
643 988 833 1026 umquam
854 976 997 1025 putas?
1036 988 1085 1012 ne
1106 974 1183 1012 hoc
1203 972 1378 1024 quidem,
1399 974 1522 1024 quod,

193 1055 284 1080 cum
305 1055 368 1079 me
389 1040 628 1080 Laudiceam
649 1040 781 1080 venire
801 1039 1005 1088 voluisses,
1020 1041 1196 1078 Taurum
1217 1038 1300 1089 ipse
1321 1038 1489 1078 transisti
1506 1040 1522 1077 ?

193 1107 302 1156 quod
321 1105 446 1144 isdem
465 1106 606 1145 diebus
626 1119 738 1145 meus
758 1112 976 1144 conventus
998 1112 1078 1143 erat
1095 1106 1308 1154 Apameae,
1324 1104 1522 1154 Synnade,

137 1186 173 1218 15
194 1170 412 1218 Philomeli,
443 1178 532 1210 tuus
561 1170 705 1210 Tarsi?
772 1172 866 1209 Non
897 1169 1027 1209 dicam
1059 1171 1182 1219 plura,
1214 1183 1277 1218 ne,
1305 1169 1345 1208 in
1374 1183 1454 1220 quo
1484 1177 1522 1209 te

194 1235 409 1286 obiurgem,
430 1236 470 1274 id
496 1235 625 1286 ipsum
645 1235 779 1274 videar
807 1234 948 1273 imitari
964 1250 973 1283 ;
1011 1234 1108 1273 illud
1138 1234 1267 1274 dicam
1298 1243 1340 1273 ut
1370 1235 1521 1274 sentio:

194 1300 233 1339 Si
254 1300 338 1348 ista,
359 1314 460 1351 quae
485 1301 582 1340 alios
609 1301 718 1352 loqui
742 1300 854 1348 dicis,
875 1300 958 1352 ipse
988 1300 1122 1347 sentis,
1144 1308 1210 1338 tua
1233 1314 1387 1339 summa
1407 1302 1523 1351 culpa

193 1373 250 1403 est
267 1380 277 1413 ,-
305 1365 365 1404 sin
385 1374 517 1404 autem
546 1366 611 1405 alii
638 1374 769 1405 tecum
790 1367 888 1405 haec
909 1367 1136 1416 loquuntur,
1161 1373 1228 1404 tua
1247 1373 1393 1413 tamen,
1414 1366 1522 1416 quod

192 1430 316 1478 audis,
355 1432 470 1481 culpa
508 1445 588 1470 non
627 1432 734 1470 nulla
772 1438 839 1470 est.
902 1432 996 1470 Mea
1034 1430 1132 1469 ratio
1165 1429 1204 1468 in
1240 1438 1322 1469 tota
1351 1430 1522 1468 amicitia

135 1515 173 1536 20
191 1503 324 1535 nostra
349 1504 533 1535 constans
554 1504 591 1536 et
611 1497 736 1548 gravis
763 1496 983 1547 reperietur.
1044 1497 1167 1545 Quod
1188 1495 1219 1534 si
1245 1495 1312 1546 qui
1339 1509 1402 1535 me
1422 1503 1522 1534 astu-

191 1561 329 1600 tiorem
368 1561 490 1612 fingit,
529 1562 624 1613 quid
662 1570 793 1614 potest
837 1576 922 1601 esse
966 1561 1144 1601 callidius
1183 1575 1315 1612 quarn,
1353 1574 1444 1600 cum
1484 1568 1522 1599 te

191 1627 395 1666 absentem
435 1641 588 1678 semper
626 1628 893 1675 defenderem,
930 1641 1020 1666 cum
1060 1626 1285 1678 praesertim
1321 1626 1416 1664 mihi
1448 1639 1521 1664 usu

191 1700 397 1730 venturum
419 1706 498 1731 non
526 1692 740 1740 arbitrarer,
763 1701 805 1731 ut
832 1706 905 1742 ego
933 1706 1093 1743 quoque
1119 1706 1142 1730 a
1170 1700 1207 1730 te
1227 1692 1369 1730 absens
1390 1692 1522 1730 defen-

191 1758 345 1796 dendus
385 1772 523 1805 essem,
559 1772 665 1797 nunc
704 1758 961 1804 committere,
999 1766 1041 1796 ut
1080 1765 1120 1796 tu
1156 1757 1237 1796 iure
1271 1756 1422 1807 optimo
1457 1771 1520 1795 me

135 1838 148 1858 2
155 1838 171 1869 5
190 1823 395 1862 absentem
416 1825 594 1863 deserere
615 1826 782 1875 posses?
840 1826 977 1863 Unum
998 1836 1121 1873 genus
1143 1822 1295 1873 excipio
1316 1823 1517 1870 sermonis,
1538 1830 1562 1870 7

191 1887 230 1926 in
252 1902 331 1938 quo
352 1902 539 1939 persaepe
559 1889 707 1940 aliquid
729 1889 880 1936 dicitur,
905 1890 1013 1939 quod
1036 1896 1073 1927 te
1094 1896 1230 1938 putem
1251 1889 1356 1927 nolle
1376 1887 1465 1934 dici,
1488 1888 1519 1926 si

190 1960 257 1990 aut
286 1954 501 2003 legatorum
532 1962 688 1993 tuorum
721 1953 922 2004 quoipiam
952 1962 1018 1992 aut
1049 1955 1334 2004 praefectorum
1363 1961 1430 1992 aut
1461 1953 1520 1991 tri-

191 2018 387 2057 bunorum
420 2019 587 2058 militum
623 2021 723 2058 male
755 2019 923 2066 dicitur3
966 2020 1074 2070 quod
1109 2027 1241 2058 tamen
1276 2019 1403 2069 ipsum
1439 2032 1519 2057 non

193 2085 415 2123 mehercule
435 2086 567 2123 adhuc
587 2084 740 2132 accidit,
765 2099 827 2123 me
847 2084 1033 2124 audiente
1055 2093 1096 2123 ut
1117 2092 1183 2123 aut
1203 2084 1355 2134 gravius
1376 2083 1521 2123 dicere·

132 2162 174 2192 30
193 2156 253 2187 tur
281 2157 348 2188 aut
377 2149 417 2188 in
447 2150 577 2200 pluriS,
601 2164 720 2201 quam
750 2164 907 2189 mecum
929 2152 1123 2199 Corcyrae
1145 2149 1310 2189 Clodius
1337 2157 1395 2188 est
1416 2151 1519 2188 locu-

239 2258 251 2277 1
271 2245 320 2278 Tu
338 2248 365 2278 si
385 2248 505 2279 Orelli:
532 2249 578 2278 tui
594 2249 647 2280 R:
672 2254 706 2280 tu
725 2248 795 2279 MG
871 2250 892 2278 6
916 2259 983 2279 non
999 2249 1041 2279 ad
1059 2259 1221 2288 generum
1241 2253 1332 2279 tuum
1347 2261 1361 2276 ÷÷
1378 2262 1392 2276 a
1409 2259 1518 2287 neque

190 2292 231 2321 ad
243 2291 398 2322 libertum
415 2291 490 2322 Vict.
526 2292 652 2322 Ercz'dit
662 2296 721 2322 aut
734 2293 862 2323 Romae
878 2297 937 2322 aut
952 2293 1088 2323 Tarenti
1104 2297 1140 2322 ut
1156 2292 1346 2333 l‘Vesenbcrg
1356 2296 1520 2322 monstrat

191 2334 281 2373 (Em.
305 2336 379 2373 114]
398 2346 404 2365 :
431 2345 541 2374 neque
559 2336 599 2366 ad
624 2336 780 2367 libertum
807 2341 899 2366 tuum
918 2335 1165 2376 Marlym'-Lag.
1295 2346 1332 2375 13
1357 2346 1409 2365 me
1427 2339 1517 2366 velta

191 2388 299 2409 meam
317 2377 373 2408 M:
398 2389 449 2409 me
468 2379 531 2409 iam
553 2379 616 2409 GR
731 2390 768 2417 14
795 2379 958 2418 Synnade
983 2379 1040 2408 M:
1067 2379 1211 2411 sinnade
1229 2379 1281 2409 R:
1308 2379 1472 2410 sinnadae
1491 2379 1519 2408 G

191 2431 229 2451 21
251 2421 389 2453 calidius
402 2421 527 2452 Scln’c'tz
638 2432 679 2460 24
703 2423 951 2454 committerem
969 2422 1057 2453 codd.
1174 2433 1214 2463 25
1241 2433 1360 2462 posses
1384 2422 1448 2461 (-m
1474 2421 1516 2462 G>

191 2464 277 2496 codd.
297 2476 304 2496 z
329 2465 440 2505 possis
458 2465 707 2507 Marma-Lag.
815 2476 857 2506 30
880 2467 915 2497 in
937 2466 1057 2507 pluris]
1078 2466 1216 2497 liberius
1243 2466 1433 2506 W'esenbetg
