1791 2796
524 168 636 205 EPP.
668 168 746 204 AD
779 168 1125 205 FAMILIARES
1465 170 1532 207 YI.
1559 169 1650 206 xxii

169 279 486 330 quibuscumque
532 279 648 318 rebus
695 292 864 330 possem,
905 280 955 318 ad
1000 293 1087 318 eam
1136 279 1430 319 condicionem?
1462 288 1500 319 te

168 345 335 392 vivendi,
377 358 478 396 quae
508 346 665 384 daretur
694 358 874 395 quaeque
913 353 1025 393 esset,
1066 347 1238 384 hortarer
1253 360 1263 394 μς
1301 348 1370 384 sed
1409 359 1499 384 cum

169 410 307 450 consili
346 411 401 449 tui
440 411 542 450 bene
580 410 807 460 fortiterque
841 410 1012 460 suscepti
1046 424 1137 449 eum
1170 411 1239 449 tibi
1275 412 1393 449 finem
1429 419 1501 449 sta-

169 476 286 515 tueris
308 490 426 527 quem
443 476 526 528 ipsa
546 478 702 516 fortuna
723 476 934 515 terminum
956 483 1176 515 nostrarum
1197 476 1498 515 contentionum

132 555 148 587 5
169 554 253 580 esse
274 542 469 590 voluisset,
494 556 562 581 oro
584 542 839 592 obtestorque
866 550 904 580 te
929 555 999 592 pro
1026 549 1156 580 vetere
1179 549 1312 580 nostra
1339 542 1500 580 coniun-

169 607 299 647 ctione
333 622 378 647 ac
412 608 703 647 necessitudine
736 621 887 660 proque
926 621 1081 646 summa
1114 622 1203 646 mea
1241 608 1280 646 in
1312 616 1351 647 te
1385 609 1500 647 benea

169 674 339 713 volentia
359 682 397 713 et
418 682 483 713 tua
504 675 542 712 in
565 688 627 713 me
652 674 744 725 pari,
768 681 805 712 te
826 682 868 712 ut
888 673 1015 721 nobis,
1038 674 1200 724 parenti,
1223 674 1380 724 coniugi
1410 674 1499 712 tuis-

169 752 245 789 que
266 740 461 787 omnibus,
485 740 629 790 quibus
649 753 690 778 es
712 739 897 789 fuistique
918 753 1072 789 semper
1092 739 1324 787 carissimus,
1349 741 1499 778 salvum

169 817 386 852 conserves,
410 804 667 844 incolumitati
691 812 781 843 tuae
811 812 1057 854 tuorumque,
1082 804 1148 855 qui
1173 818 1219 843 ex
1246 812 1283 843 te
1310 807 1496 856 pendent,

114 883 151 905 ιο
169 872 361 917 consulas,
396 884 496 921 quae
530 869 702 909 didicisti
733 884 914 920 quaeque
944 871 995 909 ab
1026 870 1294 909 adulescentia
1324 872 1500 921 pulcher-

168 935 263 974 rime
283 950 309 974 a
334 935 628 986 sapientissimis
655 934 744 973 viris
771 935 911 974 tradita
936 935 1125 973 memoria
1149 943 1187 974 et
1214 935 1377 974 scientia
1396 950 1501 975 com-

168 999 418 1052 prehendisti,
443 1001 487 1039 iis
515 1002 590 1039 hoc
618 1008 794 1051 tempore
818 1008 937 1047 utare,
960 1014 1060 1050 quos
1084 1001 1318 1039 coniunctos
1346 1015 1500 1040 summa

168 1066 442 1106 benevolentia
462 1066 717 1117 plurimisque
738 1066 875 1105 officiis
896 1065 1070 1112 amisisti,
1090 1080 1225 1105 eorum
1247 1067 1497 1114 desiderium,

168 1132 198 1170 si
239 1146 319 1171 non
355 1146 485 1182 aequo
528 1131 672 1178 animo,
708 1138 747 1170 at
786 1131 873 1170 forti
914 1133 1022 1170 feras.
1084 1133 1169 1182 Ego
1213 1132 1308 1182 quid
1352 1133 1498 1183 possim
1520 1143 1543 1179 3

114 1208 148 1239 ¹5
168 1197 302 1236 nescio
323 1199 381 1236 vel
410 1197 541 1248 potius
566 1211 628 1235 me
655 1210 793 1247 parum
823 1210 940 1247 posse
967 1197 1118 1244 senti03
1149 1197 1245 1236 illud
1271 1205 1402 1236 tamen
1430 1198 1500 1237 tibi

168 1263 366 1313 polliceor,
383 1276 456 1310 me,
473 1276 747 1312 quaecumque
765 1262 879 1300 saluti
896 1261 1155 1312 dignitatique
1172 1270 1261 1302 tuae
1278 1264 1501 1302 conducere

168 1328 394 1375 arbitrabor,
419 1335 528 1366 tanto
552 1327 682 1365 studio
712 1340 796 1366 esse
824 1328 1026 1374 facturum,
1051 1336 1200 1377 quanto
1227 1342 1381 1379 semper
1400 1336 1441 1367 tu
1463 1336 1501 1367 ct

169 1393 300 1432 studio
329 1402 367 1432 et
397 1393 525 1432 officio
556 1392 594 1430 in
622 1392 719 1431 meis
746 1393 862 1431 rebus
888 1391 1003 1430 fuisti.
1066 1394 1183 1431 Hanc
1209 1407 1337 1432 meam
1367 1396 1502 1433 volun-

170 1468 289 1499 tatem
319 1461 369 1498 ad
401 1467 564 1498 matrem
593 1466 711 1506 tuam,
736 1458 927 1509 optimam
953 1457 1140 1497 feminam
1163 1458 1298 1509 tuique
1319 1459 1503 1498 amantis·

112 1537 151 1559 20
170 1524 319 1571 simam,
343 1524 476 1563 detuli.
537 1524 576 1563 Si
606 1523 701 1574 quid
729 1525 779 1562 ad
808 1537 870 1562 me
897 1523 1104 1574 scripseris,
1136 1523 1189 1562 ita
1215 1524 1365 1571 faciam,
1397 1533 1439 1563 ut
1463 1532 1501 1564 te

170 1592 267 1629 velle
288 1590 538 1638 intellexer03
568 1590 626 1628 sin
643 1597 786 1628 autem
811 1597 852 1627 tu
881 1589 1011 1627 minus
1037 1589 1243 1639 scripseris,
1268 1603 1341 1640 ego
1368 1597 1500 1629 tamen

169 1655 300 1694 onmia
317 1670 417 1706 quae
434 1655 504 1694 tibi
525 1655 634 1694 utilia
662 1669 747 1694 esse
774 1654 990 1694 arbitrabor
1012 1668 1167 1694 summo
1189 1655 1320 1695 studio
1341 1655 1499 1706 diligen-

170 1730 304 1772 terque
324 1722 480 1760 curabo.
539 1723 648 1760 Vale.

214 1835 232 1855 2
256 1835 410 1864 quaeque
435 1828 506 1856 vett.
533 1823 738 1864 ll'esenlctg':
769 1835 903 1863 quaque
929 1823 980 1853 R:
1006 1824 1131 1862 quique
1147 1824 1234 1854 MC:
1268 1834 1500 1863 quaecumque

172 1868 393 1907 Mz‘illrr.f0rt.
409 1872 484 1898 recte
571 1879 592 1907 9
615 1879 656 1898 ex
673 1873 705 1898 te
720 1872 786 1899 vett.
804 1867 917 1898 Baiter
931 1867 1116 1907 {Vesenbwg
1134 1879 1139 1897 2
1166 1878 1184 1897 6
1202 1867 1262 1898 M:
1287 1879 1329 1898 cx
1346 1875 1349 1893 l
1361 1879 1426 1898 non
1445 1871 1497 1898 eal

173 1911 201 1941 G
215 1924 219 1941 :
247 1912 288 1942 de
305 1916 337 1942 te
355 1912 387 1942 R
404 1911 562 1942 Streiclzer
576 1911 700 1943 Msillrr
