1791 2796
85 142 197 180 XIV.
217 141 293 178 xiii
604 142 660 180 M.
693 142 862 178 TVLLI
894 140 1202 179 CICERONIS

281 287 398 322 XIII
531 290 606 322 Ser.
622 290 786 321 Brundisi
799 290 835 321 vi
846 289 898 321 Id.
919 289 1031 329 Quint.
1051 300 1082 320 a.
1108 299 1166 329 707
1182 289 1271 330 (47).

516 379 713 411 TVLLIVS
739 379 773 411 S.
804 379 843 410 D.
869 378 1138 409 TERENTIAE
1164 378 1294 410 SVAE.

293 470 414 518 Quod
435 468 571 520 scripsi
591 470 642 508 ad
664 477 701 507 te
722 468 908 519 proximis
928 467 1064 507 litteris
1089 469 1139 507 de
1159 467 1299 507 nuntio
1319 466 1569 514 remittendo,

239 548 341 586 quae
365 534 414 573 sit
441 534 551 574 istius
578 534 634 573 vis
667 536 744 573 hoc
771 542 948 585 tempore
978 541 1016 572 et
1046 547 1147 584 quae
1168 532 1380 571 concitatio
1400 531 1573 571 multitu-

239 600 342 640 dinis
363 599 513 651 ignoro.
571 599 612 639 Si
632 601 870 639 metuendus
892 599 1010 638 iratus
1037 606 1106 646 est,
1130 597 1333 649 quiesces3
1361 605 1494 636 tamen
1521 597 1571 636 ab
1590 608 1610 641 5

239 665 306 704 illo
335 666 498 705 fortasse
525 673 716 705 nascetur.
775 666 925 704 Totum
954 663 1147 703 iudicabis
1174 664 1290 714 quale
1316 662 1366 701 sit
1391 671 1440 710 et,
1464 663 1573 713 quod

239 731 277 770 in
318 730 542 770 miserrimis
581 731 697 770 rebus
736 729 899 770 minime
939 729 1125 769 miserum
1158 727 1326 779 putabis,
1362 727 1403 767 id
1441 727 1570 767 facies.

239 798 348 836 Vale.
409 809 449 835 Vl
473 797 531 835 Id.
556 795 756 846 Quintilis.

282 1001 392 1036 XIV
530 1003 598 1034 Scr.
618 1003 805 1034 Mmturnis
820 1003 878 1033 viii
890 1002 932 1034 K.
954 1002 1046 1033 Febr.
1064 1012 1095 1033 a.
1119 1011 1174 1042 705
1190 1000 1279 1043 (49).

299 1091 496 1123 TVLLIVS
521 1091 793 1121 TERENTIAE
821 1091 878 1121 ET
903 1090 1056 1121 PATER
1082 1089 1296 1129 TVLLIAE,
1326 1088 1512 1120 DVABVS
1596 1098 1635 1121 10

391 1151 562 1183 ANIMIS
589 1152 700 1188 SVIS,
730 1151 787 1181 ET
813 1151 988 1182 CICERO
1016 1150 1163 1182 MATRI
1191 1150 1415 1189 OPTIMAE,

523 1211 839 1243 SVAVISSIMAE
866 1211 1047 1242 SORORI
1074 1212 1109 1243 S.
1138 1211 1175 1242 P.
1203 1211 1245 1242 D.

203 1317 219 1343 1
294 1302 333 1341 Si
354 1315 423 1341 vos
444 1300 590 1348 valetis,
614 1314 687 1339 nos
714 1301 899 1339 valemus.
959 1302 1145 1338 Vestrum
1169 1298 1247 1338 iam
1277 1298 1485 1338 consilium
1515 1306 1575 1337 est

239 1359 319 1407 non
341 1369 469 1406 solum
490 1379 623 1405 meum
645 1365 741 1416 quid
763 1365 810 1404 sit
831 1364 943 1404 vobis
963 1365 1199 1403 faciendum.
1256 1364 1296 1403 Si
1317 1364 1380 1403 ille
1402 1354 1573 1403 Romam

239 1434 419 1471 modeste
449 1440 635 1470 venturus
665 1439 734 1479 est,
768 1439 872 1470 recte
899 1430 939 1468 in
966 1430 1187 1481 praesentia
1215 1429 1325 1469 domi
1354 1443 1439 1468 esse
1468 1438 1575 1480 pote·
1596 1440 1633 1473 15

239 1497 307 1536 stis
323 1513 331 1545 3
361 1497 420 1535 sin
442 1498 563 1536 homo
585 1509 721 1535 amens
739 1495 999 1546 diripiendam
1018 1496 1155 1534 urbem
1173 1495 1333 1533 daturus
1354 1503 1422 1542 est,
1440 1508 1574 1534 vereor

238 1571 280 1601 ut
307 1563 515 1602 Dolabella
543 1562 626 1613 ipse
656 1562 748 1600 satis
777 1561 892 1600 nobis
919 1562 1107 1612 prodesse
1127 1560 1261 1611 possit.
1322 1560 1452 1598 Etiam
1477 1560 1574 1599 illud

239 1635 374 1666 metuo
413 1640 462 1665 ne
501 1626 579 1664 iam
619 1626 937 1673 intercludamur‚
978 1633 1021 1664 ut
1059 1639 1149 1664 cum
1188 1624 1314 1664 velitis
1353 1624 1454 1664 exire
1493 1638 1574 1663 non

239 1692 362 1732 liceat.
436 1691 650 1742 Reliquum
686 1699 754 1740 est,
790 1693 899 1742 quod
929 1691 1035 1742 ipsae
1073 1690 1222 1741 optime
1261 1690 1571 1737 considerabitis,

238 1758 353 1797 vestri
385 1757 531 1796 similes
566 1757 735 1796 feminae
769 1757 898 1795 sintne
931 1758 1110 1804 Romae3
1152 1756 1183 1794 si
1215 1755 1321 1795 enim
1353 1769 1434 1794 non
1469 1763 1569 1803 sunt,
1594 1768 1635 1791 20

238 1823 453 1862 videndum
489 1830 547 1861 est
582 1830 625 1860 ut
660 1824 826 1861 honeste
860 1836 930 1861 vos
969 1835 1053 1861 esse
1092 1820 1258 1872 possitis.
1320 1822 1412 1870 Quo
1451 1821 1572 1860 modo

239 1888 401 1939 quidem
423 1901 529 1926 nunc
551 1902 592 1926 se
613 1902 672 1926 res
694 1888 824 1935 habet,
848 1889 970 1926 modo
997 1895 1039 1925 ut
1066 1887 1163 1927 haec
1180 1885 1302 1925 ·nobis
1326 1887 1414 1925 loca
1441 1893 1573 1925 tenere

239 1953 364 2001 liceat,
388 1952 600 1992 bellissime
621 1955 682 1992 vel
707 1967 863 1992 mecum
884 1955 944 1991 vel
969 1952 1008 1991 in
1036 1951 1177 1990 nostris
1202 1950 1370 2002 praediis
1396 1965 1481 1990 esse
1507 1964 1573 2001 po-

240 2019 371 2058 teritis.
433 2019 562 2057 Etiam
592 2019 687 2058 illud
709 2021 924 2058 verendum
952 2026 1009 2057 cst
1037 2032 1086 2057 nc
1113 2016 1220 2056 brevi
1247 2025 1424 2067 tempore
1449 2018 1572 2055 sames

197 2085 279 2127 2in
314 2087 410 2124 urbe
449 2085 507 2123 sit.
570 2086 646 2124 His
685 2087 735 2125 dc
774 2086 890 2124 rebus
928 2084 1045 2123 velim
1085 2097 1175 2121 cum
1215 2081 1448 2133 Pomponio,
1481 2095 1571 2119 cum
1593 2093 1631 2125 25

242 2150 421 2198 Camillo,
445 2165 536 2189 cum
565 2150 708 2201 quibus
735 2149 848 2189 vobis
875 2148 1080 2196 videbitur,
1108 2146 1373 2193 consideretis,
1395 2147 1453 2186 ad.
1471 2160 1573 2185 sum-

241 2230 346 2255 mam
385 2215 518 2254 animo
559 2215 646 2254 sorti
685 2214 778 2254 sitis.
858 2213 1057 2253 Labienus
1095 2226 1176 2252 rem
1216 2211 1418 2251 meliorem
1457 2210 1572 2258 fecit;

283 2331 302 2359 5
327 2321 480 2360 quiesces
499 2319 557 2349 M:
596 2319 732 2357 quiesce
751 2298 848 2348 HF!
871 2318 1051 2357 quiesces3
1077 2327 1131 2348 res
1158 2315 1279 2347 Orelli:
1303 2316 1384 2354 sort.
1413 2315 1570 2354 quiesce:

240 2366 300 2395 sed
409 2374 443 2394 11
472 2372 653 2394 ANJMABVS
671 2362 703 2392 F
837 2363 874 2392 18
900 2360 1174 2392 intercludamini
1192 2359 1258 2391 cod.
1275 2358 1392 2389 Dresd.
1413 2369 1432 2398 5
1530 2368 1571 2395 27

242 2408 319 2438 sorti
339 2406 458 2439 HDF:
485 2407 578 2437 sortis
598 2405 658 2436 M:
684 2405 788 2436 sortes
805 2404 934 2446 Stangl,
953 2405 990 2444 cf
1007 2415 1040 2437 x.
1058 2406 1086 2435 6.
1106 2413 1126 2443 3
