1791 2796
123 161 190 198 XI.
212 161 318 196 xviii
638 159 694 196 M.
725 159 894 212 TVLLI
926 158 1233 197 CICERONIS

227 285 230 289 ’
268 286 387 311 mano
408 272 589 311 virtutem
612 273 750 311 deesse
770 284 843 310 nec
865 270 916 309 rei
942 285 977 321 p.
1001 279 1039 309 te
1060 270 1148 309 vivo
1169 270 1454 321 imperatorem.
1507 283 1602 310 xlm

270 340 318 377 K.
345 339 431 376 Iun.

311 480 422 516 XIX
593 483 663 516 Scr.
688 483 832 515 Vercellis
849 487 897 515 xri
910 483 953 515 K.
975 483 1050 515 Iun.
1073 494 1102 515 a.
1126 493 1181 524 711
1200 483 1280 526 (43).

357 562 397 592 D.
426 560 609 592 BRVTVS
636 561 726 593 IMP.
756 560 856 592 COS.
885 560 1035 592 DESIG.
1064 560 1098 592 S.
1129 560 1167 592 D.
1198 560 1240 593 M.
1269 560 1508 594 CICERONI.

232 648 250 676 1
323 641 389 679 Ad
419 648 599 679 senatum
630 653 726 690 quas
754 639 899 678 litteras
923 639 1012 677 misi
1031 639 1148 678 velim
1169 639 1275 691 prius
1302 641 1475 692 perlegas
1503 647 1542 679 et
1571 639 1603 680 si
1622 653 1639 685 5

268 719 346 756 qua
380 706 451 745 tibi
485 705 725 745 videbuntur
754 712 985 744 commutes.
1046 705 1280 745 Necessario
1310 719 1373 744 me
1403 705 1603 757 scripsisse

267 771 350 822 ipse
371 771 659 810 animadvertes
675 786 684 818 ;
713 784 805 809 nam
833 784 923 809 curn
951 778 1129 821 putarem
1157 778 1335 821 quartam
1356 778 1393 809 et
1416 771 1601 811 Martiam

266 836 439 887 legiones
460 850 620 875 mecum
640 837 798 883 futuras,
815 844 857 874 ut
880 838 1011 875 Druso
1033 837 1250 887 Paulloque
1270 838 1469 887 placuerat
1489 837 1601 876 vobis

265 902 589 949 adsentientibus,
614 901 744 939 minus
773 902 823 939 de
853 901 1010 951 reliquis
1041 901 1157 939 rebus
1187 902 1448 940 laborandum
1476 902 1601 941 existi-

266 967 392 1015 mavi;
436 981 542 1005 nunc
582 980 684 1014 vem,
721 980 811 1004 cum
851 966 923 1004 sim
965 979 1054 1004 cum
1095 966 1287 1004 tironibus
1327 967 1596 1017 egentissimis,
1621 985 1660 1007 10

264 1033 378 1071 valde
399 1041 437 1071 et
459 1046 586 1070 meam
608 1039 646 1070 et
667 1040 834 1070 vestram
855 1031 980 1069 vicem
1002 1031 1161 1070 timeam
1185 1045 1345 1070 necesse
1365 1031 1433 1070 e'st.

220 1103 244 1129 2
320 1097 490 1136 Vicetini
513 1111 575 1136 me
596 1105 633 1135 et
658 1099 712 1134 M.
738 1099 903 1134 Brutum
932 1097 1141 1147 praecipue
1163 1097 1383 1136 observant.
1445 1097 1520 1136 His
1548 1112 1598 1138 ne

263 1177 381 1214 quam
408 1163 554 1213 patiare
585 1162 764 1200 iniuriam
796 1161 876 1200 fieri
908 1162 946 1200 in
971 1171 1109 1201 senatu
1132 1176 1337 1201 vernarum
1368 1176 1485 1201 causa
1511 1177 1533 1201 a
1560 1172 1598 1202 te

262 1237 365 1278 peto.
426 1229 597 1268 Causam
619 1229 766 1266 habent
783 1228 985 1278 optimam,
1009 1228 1182 1267 officium
1204 1229 1243 1266 in
1264 1242 1304 1267 re
1324 1242 1360 1278 p.
1383 1242 1593 1277 summum,

260 1309 384 1345 genus
406 1294 614 1332 hominum
635 1293 946 1332 adversariorum
969 1293 1200 1332 seditiosum
1221 1302 1258 1332 et
1280 1294 1592 1334 incertissimum.
1618 1307 1654 1339 15

260 1372 321 1398 xii
347 1362 396 1398 K.
421 1361 507 1399 Iun.
531 1359 730 1399 Vercellis.

304 1514 390 1550 XX
577 1517 646 1549 scr.
667 1517 842 1557 Eporediae
858 1518 892 1549 112·
907 1518 949 1550 K.
971 1519 1045 1550 Ilm.
1067 1530 1096 1551 a.
1121 1530 1174 1559 711
1193 1519 1277 1560 (43).

550 1596 589 1626 D.
628 1596 810 1627 BRVTVS
844 1596 877 1627 S.
913 1597 952 1627 D.
990 1597 1032 1627 M.
1069 1597 1308 1628 CICERONI.

225 1689 242 1716 1
317 1675 438 1723 Quod
459 1687 529 1724 pro
552 1687 613 1712 mc
635 1687 715 1712 non
737 1674 847 1722 facio,
874 1674 914 1713 id
935 1688 1005 1725 pro
1026 1683 1064 1713 te
1086 1677 1210 1714 facere
1234 1689 1343 1714 amor
1364 1689 1474 1731 meus
1495 1675 1534 1714 in
1555 1684 1593 1715 te

259 1747 406 1789 tuaque
438 1739 565 1778 officia
595 1748 751 1789 cogunt,
783 1747 824 1778 ut
855 1740 1024 1779 timeam.
1085 1742 1210 1791 Saepe
1240 1741 1344 1779 enirn
1377 1741 1471 1779 mihi
1501 1755 1591 1780 cum
1614 1755 1653 1776 20

257 1813 359 1843 esset
390 1805 540 1844 dictum
574 1818 703 1855 neque
736 1820 759 1843 a
798 1820 861 1844 me
896 1814 1180 1859 contemptum,
1215 1806 1426 1846 novissime
1457 1808 1592 1846 Labeo

257 1871 445 1920 Segulius,
474 1873 595 1909 homo
625 1871 682 1908 sui
713 1871 944 1919 simillimus,
968 1881 1096 1910 narrat
1126 1872 1221 1931 mihi
1249 1874 1355 1923 apud
1382 1873 1589 1912 Caesarem

255 1949 296 1973 se
318 1936 434 1974 fuisse
453 1939 700 1987 multumque
720 1952 942 1977 sermonem
966 1939 1015 1977 de
1038 1936 1074 1977 t'e
1096 1937 1273 1976 habitum
1297 1952 1392 1977 esse.
1453 1940 1589 1989 Ipsum

256 2002 463 2039 Caesarem
506 2002 602 2040 nihil
642 2017 735 2042 sane
775 2005 826 2042 de
867 2012 904 2042 te
943 2012 1137 2054 questum,
1178 2003 1252 2042 nisi
1291 2003 1441 2043 dictum
1479 2005 1588 2053 quod

254 2066 399 2104 diceret
439 2075 476 2105 te
516 2068 659 2106 dixisse
703 2071 967 2108 ‘laudandum
1003 2070 1309 2116 adulescentem,
1351 2071 1584 2116 ornandum,
1608 2080 1646 2111 25

254 2133 522 2173 tollendum':
570 2147 610 2171 se
657 2147 735 2171 non
782 2148 867 2172 esse
907 2134 1208 2172 commissurum
1248 2142 1290 2172 ut
1329 2133 1411 2173 tolli
1451 2134 1583 2184 possit.

258 2198 347 2234 Hoc
373 2210 445 2247 ego
469 2197 695 2235 Labeonem
718 2200 837 2237 credo
858 2199 910 2236 illi
934 2199 1125 2237 rettulisse
1149 2207 1214 2237 aut
1236 2198 1393 2237 finxisse
1421 2197 1583 2246 dictum,

300 2311 311 2330 1
340 2300 432 2342 xlm]
456 2311 528 2331 xvii
549 2301 586 2331 Ο.
609 2301 645 2332 E.
665 2301 815 2332 Schmidt
916 2313 951 2341 14
979 2313 1046 2342 rep.
1069 2302 1156 2333 rodd.
1178 2302 1321 2333 Miillcr:
1346 2313 1451 2343 remp.
1471 2303 1584 2343 vulg.;

250 2344 288 2383 ‘f
315 2355 346 2374 x.
368 2354 418 2383 23.
440 2357 459 2383 4
605 2355 642 2384 15
669 2345 928 2376 incertissimum
954 2345 1003 2375 [ql
1040 2346 1199 2377 Graevius
1228 2345 1417 2387 lVesenbetg
1447 2346 1583 2379 Maller:

253 2389 490 2459 ilrzprtisjsimum
510 2387 638 2418 MDH²
736 2399 777 2418 22
801 2389 851 2419 sui
871 2393 940 2420 vell.
957 2400 962 2419 ε
987 2389 1049 2420 sini
1068 2390 1126 2420 M:
1152 2390 1214 2420 sibi
1230 2389 1304 2420 HD
1400 2391 1442 2420 26
1466 2395 1585 2431 posset

295 2442 365 2461 esen
375 2442 443 2471 mg
