1791 2796
157 148 284 186 111.x
603 146 660 184 M.
692 145 861 183 TVLLI
893 145 1201 184 CICERONIS

231 258 384 309 agimus
419 266 457 297 et
488 271 650 309 agemus
681 257 803 307 magis
833 270 904 308 pro
931 256 1120 307 dignitate
1144 270 1264 308 quam
1291 271 1362 309 pro
1391 258 1565 309 periculo

231 332 310 363 tuo.
371 326 430 363 Te
461 323 581 371 enim,
606 331 647 361 ut
681 336 806 373 spero,
841 323 1074 373 propediem
1109 336 1313 362 censorem
1344 323 1565 372 audiemus,

232 390 343 428 cuius
364 389 609 439 magistratus
626 389 767 433 officia,
788 402 889 439 quae
910 396 1000 427 sunt
1021 388 1179 427 maximi
1201 388 1321 427 animi
1342 389 1565 440 summique

232 455 383 502 consili,
406 454 477 493 tibi
502 454 729 505 diligentius
760 462 798 493 et
825 453 1044 492 accuratius
1076 467 1195 504 quam
1224 455 1335 502 haec,
1364 467 1466 505 quae
1493 468 1565 494 nos

232 522 282 559 de
313 530 350 559 te
378 520 544 570 agimus,
573 519 784 571 cogitanda
813 533 897 558 esse
927 532 1082 558 censeo.
1585 532 1604 565 5

274 672 342 707 XI
433 674 502 706 Ser.
523 674 556 705 in
574 675 684 705 castris
701 673 748 705 ad
759 673 947 715 Pyramum
961 677 1035 715 post
1050 672 1099 705 Id.
1121 673 1196 705 Iun.
1219 683 1280 714 704
1301 673 1381 716 (ἰοὶ.

275 752 450 784 CICERO
475 752 616 784 APPIO
644 751 881 790 PVLCHRO,
906 751 966 782 VT
992 750 1157 789 SPERQ
1184 750 1390 782 CENSORI
1417 751 1452 784 S.
1480 751 1520 785 D.

194 845 211 871 1
285 832 388 870 Cum
428 843 554 869 essem
593 829 633 867 in
671 829 805 868 castris
843 830 894 867 ad
933 828 1096 867 fluvium
1136 831 1360 878 Pyramum,
1390 831 1566 871 redditae

231 895 327 934 mihi
361 903 452 934 sunt
483 909 563 934 uno
595 903 773 946 tempore
800 909 822 934 a
849 902 887 933 te
915 895 1106 945 epistulae
1141 896 1256 943 duae,
1289 908 1385 946 quas
1419 898 1470 935 ad
1502 911 1565 936 me

231 964 279 1010 Q.
323 961 506 1000 Servilius
545 962 670 999 Tarso
711 960 877 999 miserat.
939 961 1085 998 Earum
1125 959 1164 998 in
1203 962 1323 999 altera
1361 961 1444 1000 dies
1484 970 1564 1001 erat
1587 978 1625 1001 10

229 1027 397 1077 ascripta
425 1028 632 1065 Nonarum
654 1025 859 1076 Aprilium,
890 1025 930 1063 in
959 1027 1090 1072 altera,
1114 1038 1215 1076 quae
1246 1026 1342 1064 mihi
1372 1027 1565 1066 recentior

229 1091 448 1139 videbatur,
487 1092 571 1131 dies
611 1105 692 1130 non
732 1098 822 1130 erat.
903 1091 1176 1141 Respondebo
1221 1091 1336 1141 igitur
1374 1092 1563 1142 superiori

229 1157 348 1207 prius,
387 1157 426 1196 in
466 1171 544 1208 qua
582 1156 718 1196 scribis
763 1157 814 1195 ad
858 1170 921 1195 me
959 1157 1009 1195 de
1047 1156 1298 1195 absolutione
1338 1157 1560 1198 maiestatis.

231 1224 292 1262 De
331 1237 408 1273 qua
447 1223 520 1262 etsi
559 1224 756 1273 permulto
794 1229 886 1261 ante
927 1221 1067 1260 certior
1106 1223 1230 1260 factus
1270 1235 1375 1261 eram
1414 1223 1563 1272 litteris,

228 1289 389 1337 nuntiis,
409 1290 513 1328 fama
533 1288 706 1339 denique
727 1287 812 1339 ipsa
831 1287 947 1339 <nihil
968 1287 1074 1326 enim
1096 1287 1168 1326 fuit
1189 1287 1328 1326 clarius
1346 1303 1355 1336 3
1385 1302 1465 1327 non
1482 1303 1562 1340 quo
1586 1304 1622 1337 ¹5

227 1354 437 1404 quisquam
457 1354 568 1392 aliter
589 1361 777 1404 putasset,
799 1354 869 1392 sed
891 1351 988 1391 nihil
1009 1353 1060 1392 de
1081 1352 1299 1403 insignibus
1325 1355 1375 1392 ad
1404 1355 1561 1394 laudem

227 1419 316 1457 viris
356 1420 523 1458 obscure
563 1418 732 1458 nuntiari
772 1420 901 1469 solet),
941 1426 1075 1457 tamen
1115 1420 1254 1457 eadem
1294 1418 1358 1457 illa
1403 1420 1563 1460 laetiora

227 1486 403 1523 fecerunt
433 1485 528 1523 mihi
559 1493 648 1523 tuae
678 1484 840 1531 litterae,
868 1497 949 1522 non
979 1485 1106 1522 solum
1135 1484 1228 1534 quia
1256 1485 1409 1535 planius
1431 1487 1563 1537 loque-

226 1550 369 1588 bantur
398 1558 435 1589 et
466 1550 623 1589 uberius
649 1563 768 1600 quam
790 1549 892 1600 vulgi
915 1562 1053 1596 sermo,
1078 1550 1149 1588 sed
1179 1549 1294 1588 etiam
1327 1551 1417 1600 quia
1439 1551 1560 1602 magis

226 1616 387 1654 videbar
425 1615 495 1654 tibi
533 1615 727 1665 gratulari,
767 1629 857 1653 cum
897 1616 946 1653 de
985 1622 1023 1653 te
1062 1629 1108 1653 ex
1142 1623 1179 1654 te
1214 1614 1300 1666 ipso
1335 1616 1556 1656 audiebam.
1583 1632 1621 1654 20

184 1694 207 1719 2
227 1682 467 1731 Complexus
500 1681 613 1731 igitur
647 1694 733 1719 sum
765 1680 1003 1730 cogitatione
1034 1687 1071 1718 te
1100 1681 1320 1728 absentem,
1352 1682 1558 1731 epistulam

225 1760 316 1785 vero
346 1748 544 1785 osculatus
574 1746 691 1785 etiam
720 1746 802 1796 ipse
828 1746 923 1784 mihi
943 1748 1158 1797 gratulatus
1180 1760 1267 1785 sum
1284 1762 1292 1793 3
1322 1760 1423 1797 quae
1452 1748 1557 1787 enim

224 1825 248 1848 a
269 1820 413 1850 cuncto
435 1813 593 1863 populo,
625 1826 647 1850 a
677 1820 828 1859 senatu,
857 1826 879 1850 a
911 1811 1107 1851 iudicibus
1138 1812 1310 1864 ingenio,
1331 1812 1558 1862 industriae,

223 1876 353 1915 virtuti
381 1877 616 1923 tribuuntur,
637 1877 728 1927 quia
757 1877 851 1915 mihi
880 1877 963 1929 ipse
990 1879 1376 1928 adsentor,fortasse.
1396 1893 1486 1918 cum
1512 1893 1557 1919 ca

223 1954 308 1980 esse
336 1942 373 1979 in
405 1956 467 1981 me
492 1943 610 1993 fingo,
644 1943 737 1981 mihi
767 1957 927 1994 quoque
959 1944 1031 1994 ipsi
1060 1934 1176 1983 tribui
1204 1952 1310 1995 puto.
1371 1947 1455 1984 Nec
1477 1953 1554 1984 tam
1582 1957 1616 1991 25

222 2007 434 2055 gloriosum
456 2007 600 2046 exitum
624 2008 678 2046 tui
702 2009 817 2048 iudici
842 2009 1046 2054 exstitisse,
1061 2011 1130 2048 sed
1153 2017 1231 2048 tam
1253 2023 1411 2060 pravam
1433 2010 1557 2048 inimi-

222 2085 357 2109 corum
390 2080 546 2110 tuorum
583 2081 755 2112 mentem
789 2074 905 2112 fuisse
939 2074 1114 2113 mirabar.
1175 2077 1263 2113 ‘De
1289 2074 1439 2113 ambitu
1464 2089 1554 2113 vero

222 2136 318 2186 quid
341 2137 522 2179 interest?
546 2137 708 2187 inquies,
734 2147 807 2176 ‘an
835 2140 884 2176 dc
918 2138 1169 2178 maiestateP’
1227 2140 1290 2178 Ad
1322 2153 1401 2178 rem
1434 2139 1554 2186 nibil:

221 2203 386 2240 alterum
416 2202 520 2241 enim
544 2216 624 2241 non
645 2203 817 2253 attigisti,
837 2205 996 2242 alteram
1018 2204 1167 2242 auxisti.
1228 2206 1399 2245 *tYerum
1422 2193 1552 2243 tamen

270 2315 303 2335 11
331 2305 498 2344 ascriptus
516 2305 630 2335 Baiter
720 2315 756 2344 14
783 2306 946 2345 pei-multo
965 2306 1082 2338 Lamb.
1103 2319 1109 2337 2
1135 2317 1205 2338 -um
1223 2307 1323 2339 codd..
1345 2307 1402 2337 sed
1416 2309 1452 2347 cf
1472 2308 1555 2339 Reid

222 2348 269 2378 ad
283 2349 385 2379 Acad.
407 2349 439 2379 ii.
458 2350 499 2388 58
637 2359 673 2388 17
699 2350 838 2380 obscure
855 2351 963 2389 vulga
999 2361 1048 2380 -ra
1070 2351 1128 2381 M:
1161 2361 1246 2381 -rnm
1271 2350 1334 2381 GR
1466 2362 1507 2391 :³3
1532 2363 1550 2382 a

223 2392 297 2422 add.
318 2396 388 2423 vell.
541 2403 580 2431 24
605 2394 764 2424 adsentor
781 2397 851 2424 vell.
870 2405 876 2424 z
911 2394 1087 2424 adsentior·
1103 2394 1190 2425 codd.
1342 2405 1383 2434 29
1408 2395 1548 2436 Verum]

221 2437 460 2466 veteratorium
480 2437 555 2467 coni.
578 2436 822 2467 Mmdclsxolm:
849 2437 977 2467 vafrum
997 2437 1184 2477 Ilirsclfi‘ld
