1791 2796
618 163 729 200 EPP.
762 163 839 199 AD
871 162 1218 200 FAMILIARES
1533 160 1693 198 XIV.v

252 276 427 326 profecta
461 274 544 322 eris,
579 282 711 312 tamen
743 272 896 312 curabis
926 280 969 311 ut
1000 274 1077 311 hoc
1108 272 1161 311 ita
1195 274 1271 311 fiat.
1331 274 1427 320 Nos,
1460 270 1491 310 si
1525 270 1580 310 dii

250 339 504 386 adiuvabunt,
523 339 674 378 circiter
695 340 790 377 Idus
812 340 913 377 Nov.
929 337 969 376 in
985 338 1097 376 Italia
1112 352 1312 389 speramus
1333 339 1424 377 fore.
1482 339 1577 384 Vos,

252 419 340 444 mea
359 404 587 443 suavissima
603 412 640 443 et
661 402 905 454 optatissima
917 402 1112 451 Terentia,
1132 403 1163 441 si
1184 417 1255 442 nos
1276 402 1424 450 amatis,
1448 409 1580 441 curate

252 478 294 508 ut
315 470 484 509 valeatis.
544 471 653 508 Vale.
714 469 881 508 Athenis
901 483 934 507 a.
958 470 994 508 d.
1019 481 1107 507 XVII
1133 471 1181 507 K.
1207 468 1401 508 Novemb.

211 650 228 682 5
291 640 358 674 VI
557 641 626 673 Scr.
643 640 833 682 Dyrrhachi
846 641 894 673 Id.
917 641 1030 681 Quint.
1050 653 1078 673 a.
1100 644 1158 681 706
1179 644 1236 682 μδ
1255 665 1263 674 .

778 719 879 750 SVIS
906 719 941 750 S.
970 719 1008 750 D.

302 800 388 838 Nec
408 810 524 848 saepe
545 805 602 836 est
623 796 686 836 cui
707 797 852 836 litteras
873 798 1023 843 demus,
1047 810 1120 835 nec
1142 811 1221 836 rem
1244 798 1436 836 habemus
1456 798 1576 835 ullam

247 877 365 915 quam
400 863 568 903 scribere
606 862 796 901 velimus:
846 864 904 901 Ex
947 862 1023 900 tuis
1067 862 1213 909 litteris,
1258 876 1354 912 quas
1400 862 1576 913 proxime

246 929 392 980 accepi,
418 928 586 980 cognovi
611 927 815 978 praedium
846 929 998 966 nullum
1020 927 1151 966 venire
1176 928 1360 978 potuisse.
1422 929 1512 976 Qua
1537 941 1576 966 re

188 1013 227 1035 10
246 994 410 1033 videatis
439 993 555 1032 velim
586 1007 665 1044 quo
701 994 822 1032 modo
856 993 947 1031 satis
983 994 1049 1031 fiat
1080 992 1124 1040 ei,
1163 993 1225 1032 cui
1255 993 1360 1032 scitis
1392 1007 1453 1032 me
1484 993 1575 1032 satis

247 1059 328 1098 fieri
349 1061 458 1098 velle.
519 1060 640 1108 Quod
661 1067 794 1098 nostra
815 1058 884 1098 tibi
909 1058 1050 1109 gratias
1078 1059 1165 1109 agit,
1190 1059 1229 1097 id
1258 1072 1330 1109 ego
1357 1072 1437 1098 non
1459 1059 1577 1098 miror

245 1133 282 1163 te
299 1124 438 1163 mereri
459 1132 501 1162 ut
516 1138 562 1162 ea
575 1124 645 1162 tibi
667 1124 805 1162 merito
820 1132 887 1163 tuo
904 1124 1043 1175 gratias
1060 1138 1172 1174 agere
1189 1124 1321 1174 possit.
1373 1124 1573 1172 Pollicem,

245 1190 276 1229 si
314 1191 445 1229 adhuc
480 1203 560 1228 non
595 1197 652 1228 est
687 1191 895 1240 profectus,
930 1203 1049 1240 quam
1083 1188 1252 1240 primum
1285 1191 1345 1228 fac
1380 1191 1572 1230 extrudas.

246 1257 351 1296 Cura
370 1262 413 1294 ut
432 1256 571 1294 valeas.
633 1254 734 1294 Idib.
769 1254 904 1304 Quint.

186 1425 222 1457 ¹5
286 1420 379 1456 VII
453 1423 523 1456 Scr.
540 1424 574 1455 in
586 1427 683 1465 poma
703 1424 856 1455 Caietano
874 1435 954 1456 nave
970 1434 1138 1455 conscensa
1156 1424 1200 1455 vii
1214 1423 1263 1456 Id.
1281 1424 1357 1456 Iun.

798 1491 828 1510 τ’·
852 1490 905 1519 705
923 1479 1012 1519 (49)-

524 1557 721 1589 TVLLIVS
745 1556 1016 1588 TERENTIAE
1042 1557 1162 1588 SVAE
1187 1558 1220 1589 S.
1251 1557 1286 1589 Ρ.

297 1635 439 1676 Omnis
461 1636 659 1675 molestias
674 1644 712 1674 et
729 1636 1024 1682 sollicitudines,
1045 1636 1189 1686 quibus
1206 1644 1244 1674 et
1261 1644 1297 1674 te
1316 1635 1571 1675 miserrimam
1594 1651 1611 1678 1

243 1701 374 1749 habui,
398 1701 438 1741 id
468 1703 576 1752 quod
602 1701 698 1740 mihi
725 1700 1046 1740 molestissimum
1074 1709 1142 1748 est,
1165 1709 1203 1739 et
1224 1701 1447 1748 Tulliolam,
1473 1715 1573 1751 quae

183 1778 222 1800 20
242 1766 356 1805 nobis
377 1774 509 1806 nostra
529 1766 608 1806 vita
627 1766 780 1806 dulcior
800 1775 868 1815 est,
888 1765 1055 1818 deposui
1076 1774 1113 1805 et
1136 1766 1242 1805 eieci.
1303 1765 1412 1816 Quid
1433 1780 1572 1805 causae

240 1840 372 1871 autem
418 1832 532 1871 fuerit
574 1832 762 1883 postridie
807 1832 979 1871 intellexi
1028 1845 1146 1883 quarn
1186 1845 1209 1870 a
1247 1831 1358 1870 vobis
1398 1831 1568 1871 discessi.

240 1899 372 1948 Χολὴν
393 1899 550 1949 ἄκρατον
569 1906 690 1937 noctu
711 1897 807 1936 eieci
825 1913 834 1946 3
881 1898 1011 1936 statim
1041 1898 1095 1937 ita
1117 1911 1202 1936 sum
1230 1898 1389 1944 levatus,
1413 1905 1455 1935 ut
1476 1897 1571 1936 mihi

241 1965 338 2003 deus
373 1964 512 2016 aliquis
545 1964 783 2004 medicinam
815 1964 954 2003 fecisse
989 1964 1167 2004 videatur
1184 1979 1193 2011 3
1237 1963 1300 2002 cui
1335 1962 1495 2013 quidem
1530 1970 1571 2002 tu

243 2031 330 2077 deo,
354 2045 471 2081 quem
493 2032 543 2070 ad
565 2032 728 2069 modum
758 2032 868 2078 soles,
894 2030 956 2081 pie
981 2038 1019 2069 et
1048 2038 1153 2069 caste
1182 2029 1273 2068 satis
1295 2028 1412 2068 facies
1435 2027 1491 2082 [id
1513 2037 1571 2067 est

181 2104 219 2136 25
243 2095 418 2147 Apollini
452 2103 490 2134 et
520 2094 787 2149 Aesculapio}
848 2097 1000 2134 Navem
1032 2109 1145 2146 spero
1175 2109 1247 2134 nos
1277 2096 1390 2134 valde
1422 2095 1568 2134 bonam
1587 2103 1612 2130 2

242 2162 396 2200 habere.
444 2163 491 2199 In
508 2175 594 2200 eam
611 2160 726 2199 simul
740 2169 857 2212 atque
874 2161 1099 2209 conscendi,
1113 2163 1209 2200 haec
1227 2160 1371 2212 scripsi.
1413 2160 1569 2200 Deinde

240 2226 486 2266 conscribam
525 2227 575 2265 ad
607 2234 760 2266 nostros
795 2226 991 2265 familiaris
1023 2228 1164 2265 multas
1195 2226 1391 2277 epistulas,
1424 2225 1568 2276 quibus

283 2343 301 2371 4
326 2343 400 2364 xvu
420 2333 545 2364 Gruber
562 2333 601 2364 O.
619 2333 658 2365 E.
679 2333 852 2365 Schmidt:
878 2344 923 2364 xv
939 2333 1029 2365 codd.
1140 2335 1161 2364 6
1185 2343 1259 2365 svxs
1277 2332 1404 2364 MHF:
1431 2343 1464 2364 M.
1486 2344 1513 2365 T.
1535 2344 1566 2364 el

239 2376 308 2407 suis
325 2375 382 2407 D:
406 2386 548 2408 TVLLWS
573 2387 648 2408 sws
673 2377 787 2407 Baiter
919 2387 957 2416 19
982 2383 1014 2408 et
1031 2381 1104 2408 ante
1121 2377 1296 2408 Tulliolam
1321 2387 1385 2408 ont.
1404 2376 1464 2414 M;
1489 2377 1564 2409 add.

237 2424 311 2451 ante
327 2420 359 2451 id
380 2419 453 2451 Vz'ct.
588 2431 630 2461 24
653 2421 685 2451 id
703 2425 756 2452 est
775 2444 782 2452 .
799 2444 806 2452 .
827 2446 833 2452 .
850 2421 1054 2461 Aesculapio
1071 2425 1214 2462 suspecta
1233 2421 1386 2461 Alcimtlio
