1791 2796
93 151 211 189 XIII.
232 153 308 189 xvi
612 152 667 190 M.
701 153 869 209 TVLLI
902 153 1209 192 CICERONIS

245 264 326 302 suit.
387 265 505 302 Nunc
525 272 656 303 autem
680 263 862 302 incensus
884 265 1016 303 studio
1032 279 1159 303 rerum
1181 272 1334 303 tuarum
1357 279 1421 304 cas
1441 264 1576 305 litteris

247 329 408 368 Graecis
436 331 622 368 mandare
647 330 841 380 cupiebat.
902 332 1023 369 Posse
1047 330 1211 369 arbitror
1227 345 1236 378 3
1277 333 1378 370 valet
1406 331 1576 382 ingenio,

245 395 364 433 habet
393 408 519 442 usum,
547 394 623 432 iam
654 395 805 445 pridem
831 394 870 433 in
901 409 948 434 eo
977 409 1120 445 genere
1149 395 1253 435 studi
1283 396 1578 447 litterarumque

243 468 427 509 versatur,
460 459 552 498 satis
584 461 710 499 facere
750 460 1032 499 immortalitati
1070 462 1234 500 laudum
1272 468 1427 500 tuarum
1467 461 1577 500 mira-

245 526 372 565 biliter
392 525 510 577 cupit.

299 592 437 631 Habes
469 591 666 642 opinionis
697 606 808 632 meae
838 592 1118 640 testimonium,
1151 594 1221 632 sed
1251 601 1292 631 tu
1322 594 1398 632 hoc
1428 592 1578 631 facilius

244 659 369 696 multo
403 672 473 709 pro
513 666 579 696 tua
611 657 794 708 singulari
827 658 1036 709 prudentia
1075 657 1279 697 iudicabis.
1341 661 1391 697 Et
1430 667 1576 706 tamen,

244 724 352 773 quod
380 737 623 774 negaveram,
653 725 894 763 commendo
919 723 989 762 tibi
1020 738 1122 763 eum.
1183 724 1386 774 Quicquid
1413 723 1448 763 ei
1474 737 1578 763 com-

246 788 474 837 modaveris,
499 789 569 828 erit
592 788 630 827 id
653 788 747 827 mihi
770 788 957 828 maiorem
978 788 1019 827 in
1041 790 1205 828 modum
1226 797 1389 839 gratum.

288 942 423 977 XVII
573 944 640 976 Ssr.
662 945 800 985 Romae,
821 949 856 976 ut
874 945 1007 986 videtur,
1028 956 1058 977 a.
1082 947 1142 985 708
1161 945 1244 986 (46).

564 1023 738 1054 CICERO
765 1023 798 1055 S.
827 1024 867 1055 D.
897 1024 997 1055 SER.
1028 1023 1254 1056 SVLPICIO.

209 1113 226 1140 1
301 1103 367 1139 Μ’.
406 1101 558 1149 Curius,
596 1102 662 1152 qui
696 1101 819 1140 Patris
855 1101 1085 1152 negotiatur,
1118 1102 1250 1140 multis
1281 1110 1318 1141 et
1349 1101 1500 1153 magnis
1529 1102 1579 1140 dc

245 1167 372 1205 causis
398 1180 421 1205 a
451 1181 513 1206 me
538 1167 734 1217 diligitur3
778 1181 869 1205 nam
891 1175 929 1206 et
955 1166 1127 1206 amicitia
1157 1175 1337 1218 pervetus
1363 1167 1458 1205 mihi
1489 1181 1578 1206 cum

245 1246 293 1271 eo
328 1240 385 1271 cst
412 1240 454 1271 ut
483 1233 653 1283 primum
683 1233 721 1271 in
756 1234 883 1271 forum
911 1233 1017 1272 venit
1052 1233 1238 1281 instituta,
1268 1242 1306 1272 et
1334 1232 1457 1271 Patris
1489 1247 1579 1271 cum

245 1297 481 1348 aliquotiens
510 1307 627 1338 antea
657 1308 740 1337 turn
769 1299 945 1350 proxime
969 1300 1046 1338 hoc
1074 1299 1291 1338 miserrimo
1312 1299 1417 1338 bello
1437 1300 1580 1337 domus

245 1363 328 1402 eius
359 1372 441 1403 tota
470 1364 565 1402 mihi
593 1364 742 1415 patuit3
783 1378 861 1415 qua
888 1365 919 1403 si
950 1378 1049 1415 opus
1074 1364 1209 1403 fuisset
1230 1373 1309 1403 tam
1337 1365 1462 1404 essem
1488 1378 1580 1402 usus

247 1443 365 1480 quarn
403 1443 499 1469 mea.
562 1431 782 1468 Maximum
812 1438 944 1470 autem
976 1429 1072 1468 mihi
1101 1430 1302 1469 vinculum
1334 1444 1424 1469 cum
1454 1444 1502 1469 eo
1523 1437 1581 1468 cst

247 1496 359 1546 quasi
394 1495 596 1535 sanctioris
629 1496 836 1535 cuiusdam
871 1496 1184 1544 necessitudinis,
1222 1497 1331 1547 quod
1363 1504 1421 1535 est
1459 1495 1581 1534 Attici

248 1560 368 1600 nostri
392 1561 711 1601 familiarissimus
732 1576 903 1613 eumque
917 1577 1039 1601 unum
1060 1572 1212 1613 praeter
1232 1570 1381 1602 ceteros
1402 1562 1583 1601 observat

206 1634 293 1665 2ac
328 1627 462 1677 diligit.
522 1629 653 1677 Quem
690 1628 719 1666 si
751 1637 791 1667 tu
822 1629 898 1667 iam
932 1630 1029 1667 forte
1061 1628 1250 1679 cognosti,
1283 1635 1379 1679 puto
1412 1641 1474 1666 me
1506 1628 1581 1665 hoc

248 1694 356 1742 quod
387 1692 487 1731 facio
522 1694 648 1732 facere
683 1693 830 1741 serius;
878 1708 924 1733 ea
953 1703 1011 1733 est
1041 1694 1145 1733 enim
1176 1693 1419 1732 humanitate
1449 1700 1486 1731 et
1516 1692 1584 1730 ob-

248 1758 450 1805 servantia,
485 1766 527 1796 ut
565 1772 655 1797 eum
696 1759 764 1797 tibi
802 1759 878 1798 iam
914 1760 1041 1811 ipsum
1083 1774 1150 1811 per
1181 1773 1222 1798 se
1256 1759 1580 1797 commendatum

248 1831 395 1873 putem.
455 1824 576 1872 Quod
604 1832 735 1863 tamen
767 1824 795 1863 si
828 1826 879 1863 ita
910 1834 978 1873 est,
1003 1839 1146 1877 magno
1176 1838 1294 1876 opere
1323 1838 1344 1862 a
1372 1832 1409 1863 te
1435 1836 1581 1874 quaeso

249 1897 288 1926 ut
321 1889 371 1926 ad
403 1902 489 1927 eam
525 1882 778 1938 volunt-atem,
813 1891 842 1929 si
879 1905 997 1941 quam
1031 1891 1069 1934 in
1101 1891 1210 1929 illum
1244 1898 1335 1929 ante
1367 1891 1437 1927 lias
1476 1901 1582 1927 meas

250 1953 394 1992 litteras
411 1955 622 2002 contulisti,
638 1970 756 2006 quam
776 1956 967 1994 maximus
981 1964 1109 2006 potest
1132 1970 1218 1994 mea
1234 1953 1582 1994 commendatione

208 2020 431 2062 3cumulus
462 2022 653 2062 accedat:
696 2021 754 2059 sin
794 2030 924 2060 autem
959 2030 1116 2072 propter
1154 2020 1430 2060 verecundiam
1471 2032 1581 2057 suam

251 2083 378 2121 minus
403 2098 444 2122 se
466 2084 534 2122 tibi
557 2086 699 2124 obtulit
719 2095 785 2124 aut
808 2087 986 2125 nondum
1009 2100 1098 2125 cum
1125 2086 1216 2124 satis
1238 2085 1359 2124 habes
1381 2084 1582 2135 cognitum

248 2158 315 2187 aut
347 2162 448 2199 quae
477 2163 594 2188 causa
629 2159 685 2189 est
716 2165 784 2189 cur
814 2152 970 2190 maioris
1005 2151 1362 2190 commendationis
1397 2149 1579 2200 indigeat,

250 2215 304 2253 sic
326 2215 396 2253 tibi
418 2229 507 2254 eum
530 2218 780 2263 commendo,
806 2226 845 2255 ut
868 2230 996 2267 neque
1019 2217 1165 2256 maiore
1186 2216 1317 2255 studio
1339 2228 1579 2266 quemquam

1602 944 1640 966 10

1604 1314 1639 1345 ¹5

1605 1643 1642 1663 20

1605 1969 1642 2001 25

251 2294 380 2331 neque
402 2281 625 2319 iustioribus
647 2283 697 2320 de
722 2282 848 2320 causis
876 2283 1158 2321 commendare
1179 2281 1338 2332 possim,
1363 2280 1583 2330 faciamque
1604 2294 1643 2325 30

296 2395 335 2423 25
363 2376 473 2424 potest
500 2395 573 2415 rnca
601 2386 694 2417 Man.
727 2385 935 2428 lVrsenlmg:
970 2392 1090 2427 postca
1114 2385 1230 2419 codd:
1264 2390 1339 2426 post
1365 2395 1437 2416 mea
1462 2383 1584 2416 Lamb.

252 2428 375 2459 Miiller
395 2429 453 2468 ,vel
468 2436 586 2469 postca
606 2432 686 2470 meaj
