1791 2796
548 160 661 199 EPP.
694 160 772 198 AD
804 160 1150 198 FAMILIARES
1462 161 1509 198 V.
1528 171 1559 197 v

228 297 269 332 V
392 299 462 332 Ser.
483 300 613 331 Romae
627 310 667 330 cx
683 310 727 331 m.
748 298 829 330 Nov.
851 302 909 330 ant
925 300 967 330 in.
989 298 1061 330 Dec.
1083 309 1115 331 a.
1137 300 1198 339 692
1218 300 1301 340 (62).

381 377 423 409 M.
452 376 624 409 CICERO
650 376 684 408 S.
714 376 753 408 D.
782 376 818 407 C.
846 375 1061 407 ANTONIO
1089 376 1131 407 M.
1162 377 1196 408 F.
1226 377 1316 407 IMP.

241 455 325 495 Etsi
346 463 557 495 statueram
581 456 707 493 nullas
734 455 785 493 ad
813 462 850 492 te
871 453 1016 492 litteras
1044 454 1197 492 mittere
1222 454 1294 492 nisi
1315 467 1514 493 commen-
1533 462 1550 489 1

185 521 348 561 daticias
369 522 468 574 (non
489 534 568 571 quo
589 534 654 559 eas
684 520 949 569 intellegerem
980 519 1071 557 satis
1098 521 1204 569 apud
1225 528 1263 558 te
1282 521 1420 566 valere,
1444 520 1516 558 sed

148 600 235 631 5ne
269 586 325 635 iis,
367 586 434 637 qui
466 600 529 625 me
568 593 757 635 rogarent,
791 585 941 635 aliquid
976 587 1026 623 de
1065 593 1197 623 nostra
1235 584 1516 623 coniunctione

185 654 437 693 imminutum
467 668 552 693 esse
581 652 860 701 ostenderem),
885 660 1027 699 tamen,
1058 666 1147 690 cum
1178 654 1223 689 T.
1258 651 1512 701 Pomponius,

185 721 307 758 homo
327 718 506 758 omnium
522 732 700 758 meorum
714 718 753 756 in
768 726 805 756 te
819 718 1038 757 studiorum
1056 725 1093 755 et
1114 716 1331 755 officiorum
1347 716 1516 754 maxime

185 784 377 832 conscius,
415 784 470 822 tui
501 783 679 834 cupidus,
717 783 837 821 nostri
874 781 1176 829 amantissimus,
1207 783 1258 819 ad
1293 789 1331 819 te
1365 780 1516 831 profici-

185 858 366 897 sceretur,
397 849 546 899 aliquid
568 848 672 906 'mihi
702 848 954 887 scribendum
990 847 1134 897 putavi,
1166 845 1392 897 praesertim
1424 860 1515 885 cum

130 933 167 954 10
185 915 295 954 aliter
315 915 386 966 ipsi
409 914 631 965 Pomponio
653 914 744 952 satis
766 915 892 952 facere
913 927 993 964 non
1015 926 1183 963 possem.

240 983 325 1031 Ego
356 980 387 1019 si
418 981 488 1018 abs
523 988 559 1018 te
589 993 744 1018 summa
774 978 901 1017 officia
930 978 1162 1025 desiderem,
1195 978 1336 1016 mirum
1368 976 1515 1015 nemini
1535 986 1559 1013 2

184 1045 306 1085 videri
327 1045 480 1084 debeat.
540 1044 686 1084 Omnia
707 1044 812 1083 enim
833 1058 856 1082 a
877 1058 940 1082 me
967 1044 1006 1081 in
1037 1051 1074 1082 te
1095 1045 1268 1093 profecta
1290 1050 1390 1088 sunt,
1415 1056 1516 1092 quae

184 1113 235 1150 ad
256 1119 366 1150 tuum
388 1112 657 1158 commodum,
680 1124 781 1161 quae
801 1111 851 1149 ad
874 1111 1076 1156 honorem,
1092 1123 1193 1159 quae
1213 1110 1264 1147 ad
1285 1107 1515 1159 dignitatem

187 1176 434 1227 pertinerent.
496 1178 571 1214 Pro
593 1175 652 1213 his
674 1176 790 1214 rebus
812 1177 959 1214 nullam
982 1174 1077 1212 mihi
1097 1175 1168 1213 abs
1189 1182 1227 1212 te
1248 1175 1407 1211 relatam
1430 1186 1516 1211 esse

133 1259 168 1291 ¹5
186 1241 347 1292 gratiam
373 1249 414 1280 tu
442 1255 483 1280 es
513 1241 685 1292 optimus
713 1240 831 1287 testiS,
856 1248 993 1278 contra
1019 1240 1137 1278 etiam
1165 1252 1250 1278 esse
1275 1237 1424 1287 aliquid
1445 1238 1516 1275 abs

187 1315 225 1346 te
245 1308 464 1357 profectum
493 1321 539 1345 ex
566 1306 697 1345 multis
727 1305 884 1353 audivi,
927 1319 1017 1344 nam
1043 1308 1051 1324 ‘
1067 1305 1328 1354 comperisse'
1351 1317 1413 1341 me
1435 1316 1515 1341 non

185 1374 314 1412 audeo
339 1372 483 1419 dicere,
505 1386 554 1410 ne
583 1374 681 1410 forte
706 1371 745 1410 id
773 1371 901 1422 ipsum
932 1371 1096 1410 verbum
1124 1383 1282 1420 ponam,
1305 1369 1414 1418 quod
1444 1368 1514 1406 abs

186 1446 224 1477 te
244 1438 353 1476 aiunt
384 1439 480 1476 falso
510 1438 549 1476 in
578 1452 640 1476 me
668 1439 793 1476 solere
821 1436 997 1475 conferri.
1057 1437 1135 1474 Sed
1166 1449 1224 1483 ea,
1254 1448 1355 1485 quae
1379 1435 1429 1472 ad
1451 1447 1514 1471 me

186 1505 315 1542 delata
335 1511 435 1550 sunt,
460 1504 564 1541 malo
593 1511 631 1541 te
661 1517 707 1541 ex
738 1502 971 1552 Pomponio,
995 1501 1058 1540 cui
1088 1515 1168 1539 non
1199 1500 1328 1538 minus
1350 1500 1516 1537 molesta

129 1587 167 1608 20
186 1570 354 1616 fuerunt,
389 1582 507 1618 quam
546 1582 592 1606 ex
631 1567 726 1606 meis
766 1566 901 1606 litteris
940 1580 1188 1616 cognoscere.
1250 1567 1366 1603 Meus
1406 1563 1443 1601 in
1477 1571 1514 1601 te

184 1633 339 1672 animus
375 1647 493 1683 quam
526 1632 709 1683 singulari
741 1631 870 1670 officio
902 1631 1026 1678 fuerit,
1061 1639 1099 1669 et
1133 1638 1290 1668 senatus
1321 1636 1358 1668 et
1388 1642 1423 1678 p.
1463 1630 1510 1666 R.

185 1699 293 1737 testis
314 1706 372 1737 est
389 1714 398 1747 3
443 1706 483 1737 tu
512 1712 630 1748 quam
660 1705 790 1747 gratus
817 1710 907 1747 erga
931 1711 993 1735 me
1023 1695 1152 1743 fueris,
1182 1695 1265 1745 ipse
1296 1693 1514 1733 existimare

185 1772 296 1814 potes
315 1779 323 1812 3
364 1772 555 1815 quantum
578 1763 673 1801 mihi
694 1763 854 1811 debeas,
875 1762 993 1801 ceteri
1013 1761 1244 1800 existimant.
1306 1762 1391 1808 Ego
1413 1772 1513 1808 quae
1532 1763 1557 1800 3

185 1837 252 1867 tua
283 1843 400 1867 causa
432 1837 548 1867 antea
582 1828 670 1875 feci,
707 1830 910 1866 voluntate
943 1841 1030 1865 sum
1061 1819 1258 1865 adductus
1297 1819 1513 1875 posteaque

129 1909 166 1940 25
185 1893 439 1941 constantia,
469 1895 539 1932 sed
574 1893 736 1943 reliqua,
775 1892 871 1930 mihi
905 1893 1034 1939 crede,
1067 1893 1191 1929 multo
1223 1889 1348 1928 maius
1380 1883 1513 1927 meum

185 1958 361 1997 studium
404 1958 672 2008 maioremque
713 1957 940 2007 gravitatem
981 1965 1020 1995 et
1060 1957 1234 1995 laborem
1275 1954 1509 1994 desiderant.

187 2025 300 2072 Quae
325 2037 398 2073 ego
427 2023 459 2061 si
488 2037 567 2062 non
598 2024 835 2072 profundere
865 2036 910 2061 ac
940 2023 1102 2072 perdere
1126 2021 1303 2068 videbor,
1328 2019 1513 2058 omnibus

185 2088 281 2127 meis
303 2088 447 2126 viribus
468 2088 670 2127 sustinebo
688 2102 698 2135 ;
727 2088 785 2126 sin
806 2096 937 2126 autem
959 2087 1106 2137 ingrata
1127 2100 1212 2125 esse
1233 2085 1412 2132 sentiam,
1433 2098 1512 2122 non

184 2153 429 2192 committam
460 2161 502 2191 ut
532 2152 603 2192 tibi
636 2152 709 2203 ipsi
739 2152 907 2191 insanire
936 2152 1078 2191 videar.
1152 2153 1210 2190 Ea
1240 2164 1340 2201 quae
1370 2149 1446 2188 sint
1476 2157 1514 2187 et

0 2242 1 2274 3
127 2234 165 2264 30
185 2218 295 2257 cuius
315 2218 438 2266 modi,
454 2217 597 2269 poteris
619 2232 665 2256 ex
686 2218 908 2268 Pomponio
929 2231 1177 2269 cognoscere.
1237 2219 1369 2266 Atque
1384 2215 1513 2265 ipsum

0 2278 2 2366 l
185 2283 255 2322 tibi
277 2283 543 2334 Pomponium
564 2283 616 2322 ita
641 2284 894 2331 commendo,
915 2292 970 2332 ut,
991 2295 1233 2334 quamquam
1254 2281 1374 2332 ipsius
1396 2292 1514 2318 causa

232 2397 269 2427 17
294 2388 384 2427 quod
402 2412 409 2419 .
431 2411 438 2420 .
460 2412 466 2419 .
488 2387 587 2427 salso]
623 2388 712 2427 quod
733 2412 740 2418 .
765 2411 772 2418 .
797 2411 803 2418 .
828 2387 916 2418 salse
953 2386 1223 2428 Mat-&mzLagz
1263 2396 1330 2425 quo
1348 2408 1355 2416 .
1376 2408 1383 2415 .
1404 2408 1411 2416 .
1432 2383 1513 2415 salsa

184 2431 313 2471 Kayser
442 2442 482 2471 23
507 2431 703 2462 existiment
720 2430 757 2461 N
