1791 2796
231 135 278 172 X.
298 144 359 170 xv
655 135 710 172 M.
743 135 911 172 TVLLI
945 135 1252 173 CIFERONIS

286 245 380 283 mihi
403 246 625 284 nuntiatum
651 255 752 286 esset
778 248 820 285 L.
844 247 1064 286 Antonium
1090 247 1347 298 praemissum
1374 261 1464 287 cum
1486 247 1622 299 equiti-

287 312 358 349 bus
397 320 435 350 et
474 311 704 351 cohortibus
743 314 794 352 ad
836 315 978 352 Forum
1020 313 1097 352 Iuli
1136 313 1299 361 venisse,
1334 315 1489 353 fratrem
1528 327 1620 354 cum

284 376 462 426 equitum
494 385 681 428 quattuor
721 378 881 417 milibus
922 387 963 418 ut
995 387 1215 418 occurreret
1245 379 1280 418 ei
1315 379 1402 418 misi
1433 393 1465 418 a.
1500 381 1536 418 d.
1573 392 1618 418 111

286 442 382 479 Idus
412 442 536 490 Mai.;
566 443 649 493 ipse
677 443 857 482 maximis
879 444 1083 483 itineribus
1104 458 1195 483 cum
1221 457 1284 483 1111
1312 445 1533 495 legionibus
1561 459 1621 484 ex-

238 515 264 552 4
284 506 427 557 peditis
458 516 496 546 et
530 508 682 559 reliquo
714 509 889 560 equitatu
925 511 1151 560 subsequar.
1226 510 1266 549 Si
1299 524 1372 550 nos
1412 510 1620 550 mediocris
1640 521 1657 553 5

284 575 407 613 modo
438 575 593 613 fortuna
626 575 678 614 rei
710 589 746 626 p.
778 575 980 622 adiuverit,
1013 584 1051 615 et
1080 576 1270 615 audaciae
1303 576 1547 628 perditorum
1582 584 1621 616 et

284 647 439 678 nostrae
466 640 742 679 sollicitudinis
769 641 833 679 hic
860 642 980 680 finem
1008 641 1256 692 reperiemus.
1317 643 1438 691 Quod
1464 641 1494 680 si
1522 643 1620 681 latro

284 705 536 755 praecognito
575 714 710 745 nostro
743 707 917 745 adventu
948 720 1078 745 rursus
1112 707 1152 745 in
1187 707 1342 746 Italiam
1377 720 1417 746 se
1448 706 1620 757 recipere

283 770 466 821 coeperit,
492 771 600 809 Bruti
628 771 698 809 erit
722 771 894 811 officium
916 785 1118 811 occurrere
1145 773 1204 820 ei3
1234 772 1295 811 cui
1324 772 1406 811 scio
1430 785 1503 811 nec
1528 785 1615 811 con-

283 836 412 874 silium
435 850 506 875 nec
530 837 706 875 animum
729 839 966 876 defuturum.
1029 840 1113 888 Ego
1138 846 1281 885 tamen,
1305 837 1335 876 si
1357 838 1396 876 id
1418 837 1613 884 acciderit,
1638 850 1678 873 10

284 903 437 940 fratrem
473 915 562 940 cum
598 903 775 953 equitatu
812 903 964 942 mittam
1000 903 1065 954 qui
1107 911 1292 954 sequatur
1326 903 1561 954 Italiamque
1594 916 1618 942 a

282 967 499 1006 vastatione
520 956 718 1007 defendat.
780 970 858 1007 Fac
879 970 1008 1007 valeas
1030 982 1172 1019 meque
1194 976 1333 1008 mutuo
1353 968 1502 1019 diligas.

326 1132 436 1167 XVI
573 1136 641 1167 Scr.
663 1136 792 1167 Romae
806 1137 873 1167 circ.
894 1147 941 1168 ex.
961 1148 1004 1168 m.
1024 1137 1105 1168 Mai.
1127 1147 1156 1168 a.
1179 1147 1234 1177 711
1254 1137 1334 1178 (43).

750 1219 925 1250 CICERO
952 1219 1149 1251 PLANCO.

246 1317 262 1343 1
337 1301 446 1340 Nihil
476 1310 565 1353 post
592 1302 800 1341 hominum
826 1302 1058 1342 memoriam
1087 1302 1304 1353 gloriosius,
1336 1301 1434 1341 nihil
1460 1301 1616 1353 gratius,
1640 1317 1677 1350 15

281 1381 331 1405 ne
365 1375 542 1418 tempore
573 1367 734 1418 quidem
765 1368 851 1419 ipso
886 1368 1146 1419 opportunius
1175 1368 1354 1407 accidere
1384 1367 1464 1407 vidi
1498 1381 1617 1419 quam

280 1440 377 1480 tuas,
402 1433 557 1480 Plance,
581 1433 737 1472 litteras.
799 1433 997 1472 Redditae
1018 1442 1108 1472 sunt
1129 1433 1234 1472 enim
1256 1432 1450 1484 frequenti
1480 1441 1617 1473 senatu

281 1498 470 1545 Cornuto,
486 1512 577 1537 cum
592 1498 623 1536 is
644 1498 801 1549 frigidas
815 1512 909 1538 sane
925 1507 963 1537 et
984 1499 1243 1538 inconstantis
1256 1498 1456 1538 recitasset
1472 1499 1617 1538 litteras

280 1563 431 1614 Lepidi.
493 1564 575 1602 Sub
596 1577 661 1602 eas
682 1564 813 1603 statim
835 1564 1018 1603 recitatae
1035 1572 1125 1602 sunt
1146 1572 1236 1604 tuae
1257 1578 1338 1603 non
1360 1564 1443 1603 sine
1465 1564 1616 1614 magnis

279 1628 441 1679 quidem
463 1629 712 1668 clamoribus.
773 1630 1007 1669 Cumvrebus
1029 1629 1133 1668 enim
1152 1629 1244 1680 ipsis
1267 1637 1397 1669 essent
1418 1637 1456 1668 et
1477 1630 1616 1668 studiis
1637 1641 1676 1662 20

279 1694 562 1745 beneficiisque
592 1695 631 1732 in
663 1708 742 1734 rem
774 1709 809 1746 p.
842 1695 1094 1745 gratissimae,
1126 1702 1209 1733 tum
1240 1703 1350 1733 erant
1379 1694 1615 1745 gravissimis

278 1761 405 1799 verbis
432 1774 477 1799 ac
505 1761 718 1800 sententiis.
780 1761 970 1811 Flagitare
992 1768 1150 1800 senatus
1171 1760 1309 1798 institit
1331 1761 1552 1800 Cornutum
1573 1769 1615 1799 ut

277 1827 433 1865 referret
472 1826 602 1864 statim
642 1827 692 1865 de
724 1826 799 1864 tuis
832 1826 977 1865 litteris.
1040 1827 1111 1864 Ille
1143 1840 1184 1864 se
1219 1825 1467 1864 considerare
1501 1827 1610 1865 velle.

278 1892 380 1930 Cum
402 1891 436 1930 ei
458 1904 645 1941 magnum
667 1891 890 1930 convicium
920 1892 1029 1930 fieret
1049 1899 1194 1936 cuncto
1222 1904 1245 1928 a
1265 1898 1413 1937 senatu,
1437 1890 1613 1940 quinque

277 1956 423 1994 tribuni
455 1956 560 2007 plebi
601 1958 842 1995 rettulerunt.
904 1955 1088 1996 Servilius
1127 1964 1283 2006 rogatus
1318 1969 1398 1994 rem
1438 1954 1612 2003 distulit;
1633 1965 1672 1997 ²5

278 2034 352 2071 ego
381 2034 467 2060 eam
498 2021 731 2060 sententiam
763 2021 852 2068 dixi,
885 2021 946 2060 cui
978 2029 1067 2059 sunt
1096 2020 1253 2060 adsensi
1282 2021 1333 2059 ad
1360 2034 1493 2058 unum.
1554 2022 1613 2059 Ea

235 2099 260 2127 2
279 2099 380 2136 quae
405 2085 517 2125 fuerit
542 2099 588 2124 ex
609 2100 635 2124 s.
655 2100 686 2124 c.
706 2100 932 2137 cognosces.
991 2088 1054 2124 Tu
1076 2099 1316 2136 quamquam
1342 2085 1507 2124 consilio
1531 2099 1610 2124 non

278 2164 368 2201 eges
406 2152 466 2190 vel
505 2151 684 2190 abundas
716 2151 857 2201 potius,
895 2160 1027 2190 tamen
1067 2153 1143 2190 hoc
1181 2150 1314 2189 animo
1352 2163 1437 2195 esse
1475 2150 1608 2197 debes,

276 2224 319 2255 ut
357 2215 455 2254 nihil
493 2216 570 2254 huc
609 2216 744 2254 reicias
783 2230 882 2255 neve
921 2216 960 2254 in
1000 2217 1116 2255 rebus
1155 2224 1234 2254 tam
1274 2214 1412 2253 subitis
1451 2222 1612 2265 tamque

319 2331 339 2360 3
363 2331 403 2351 ιιι
425 2320 630 2361 Wesenberg:
657 2330 681 2351 11
701 2319 818 2351 Lamb.
837 2333 842 2350 :
869 2330 890 2350 v
907 2319 993 2351 codd.
1015 2320 1118 2350 Ruete
1254 2330 1287 2350 11
1317 2319 1518 2358 Italiamque
1535 2317 1610 2348 HD

274 2363 444 2440 ἐξιξέῖεῖῖῦ
459 2364 586 2396 Italiam
621 2365 659 2394 M
675 2364 789 2405 vulg:
815 2369 850 2395 ut
879 2364 1007 2395 ltaliam
1038 2363 1227 2404 Wesenberg
1387 2372 1431 2402 29
1454 2362 1518 2393 huc
1549 2361 1608 2395 H:
