1791 2796
146 1256 162 1286 5

127 1582 162 1603 10

610 641 778 678 LIBER
809 641 1084 678 SEPTIMVS

289 761 393 810 AD
445 762 512 809 M.
567 761 862 809 MARIVM
917 762 1009 808 ET
1062 761 1402 808 CETEROS

224 938 247 972 Ῑ
548 940 614 971 502
638 940 764 970 Romnu-
781 951 824 971 m.
848 941 914 971 Ozl.
935 951 964 972 a.
986 942 1049 977 69¹7
1069 946 1143 978 ἸΠ).

520 1023 563 1054 Μ,
593 1023 771 1054 CICERO
797 1024 831 1055 S.
863 1024 901 1054 D.
933 1024 974 1054 M.
1007 1024 1170 1054 MARIO.

235 1110 275 1147 Sl
306 1116 342 1147 te
369 1108 482 1146 dolor
505 1107 625 1157 aliqui
646 1107 818 1157 corporis
845 1116 911 1145 aut
942 1107 1144 1146 infirmitas
1165 1107 1399 1148 valetudinis
1421 1115 1508 1147 tuac
1528 1119 1545 1146 1

183 1172 307 1211 tenuit
327 1186 407 1222 quo
437 1171 566 1210 minus
598 1173 648 1210 ad
683 1173 797 1211 ludos
828 1172 988 1217 venires,
1020 1174 1197 1212 fortunae
1228 1173 1350 1223 magis
1380 1172 1510 1211 tribuo

183 1252 300 1289 quam
323 1237 535 1288 sapientiae
563 1245 675 1284 tuae3
706 1237 764 1276 sin
790 1238 896 1284 haec,
927 1252 1028 1287 quae
1055 1238 1172 1276 ceteri
1200 1237 1396 1284 mirantur,
1420 1251 1511 1276 con-

183 1305 396 1343 temnenda
427 1303 570 1342 duxisti
601 1311 649 1349 et,
682 1317 771 1341 cum
804 1317 872 1354 per
902 1303 1167 1343 valetudinem
1202 1318 1346 1355 posses,
1380 1303 1510 1342 venire

183 1377 314 1407 tamen
344 1368 513 1415 noluisti,
537 1376 747 1419 utrumque
777 1370 908 1416 laetor,
932 1377 969 1407 et
996 1368 1079 1408 sine
1109 1370 1244 1408 dolore
1271 1369 1443 1420 corporis
1473 1377 1510 1407 te

183 1434 300 1473 fuisse
327 1443 365 1473 et
388 1434 521 1473 animo
542 1433 718 1481 valuisse,
743 1448 831 1473 cum
861 1449 916 1482 ea,
941 1449 1041 1485 quae
1067 1435 1149 1474 sine
1177 1449 1294 1474 causa
1324 1435 1511 1473 mirantur

182 1500 258 1548 alii,
281 1500 503 1551 neglexeris,
528 1501 648 1539 niodo
670 1508 712 1538 ut
733 1499 802 1539 tibi
824 1500 1040 1539 constiterit
1068 1502 1213 1540 fructus
1243 1500 1297 1540 oti
1322 1500 1401 1549 tui;
1431 1515 1511 1551 quo

183 1566 344 1617 quidem
366 1566 436 1605 tibi
457 1566 599 1616 perfrui
621 1565 782 1604 mirifice
804 1565 921 1612 licuit,
946 1580 1035 1605 cum
1064 1580 1168 1605 esses
1189 1566 1227 1604 in
1250 1566 1322 1605 ista
1341 1566 1512 1606 amoeni-

184 1640 261 1671 tate
288 1646 412 1684 paene
439 1634 544 1672 solus
574 1632 739 1671 relictus.
801 1634 943 1683 Neque
965 1640 1096 1672 tamen
1123 1632 1262 1672 dubito
1283 1633 1378 1683 quin
1403 1640 1443 1670 tu
1473 1633 1510 1670 in

183 1699 249 1738 illo
278 1698 461 1738 cubiculo
488 1707 570 1747 tuo,
590 1713 636 1738 ex
662 1713 741 1749 quo
769 1698 838 1737 tibi
867 1697 1097 1736 Stabianum
1122 1697 1323 1748 perforasti
1347 1705 1385 1736 et
1409 1705 1512 1748 pate-

184 1763 307 1803 fecisti
337 1764 476 1811 sinum,
514 1779 582 1815 per
615 1779 682 1804 eos
716 1764 800 1803 dies
840 1763 1031 1802 matutina
1060 1770 1237 1812 tempora
1266 1761 1511 1801 lectiunculis

184 1830 485 1882 consumpseris,
508 1844 599 1869 cum
630 1830 683 1869 illi
705 1829 861 1877 interea,
886 1829 953 1880 qui
982 1836 1018 1868 te
1043 1827 1129 1867 istic
1159 1827 1406 1879 reliquerunt,
1430 1842 1512 1879 spe-

185 1903 333 1934 ctarent
358 1896 580 1934 communis
608 1895 750 1934 mimos
772 1894 1011 1934 semisomni.
1074 1892 1261 1944 Reliquas
1282 1907 1373 1932 vero
1394 1893 1511 1943 partis

185 1960 262 1999 diei
298 1969 338 1998 tu
370 1962 632 2000 consumebas
664 1961 709 2000 iis
740 1960 1079 2007 delectationibus
1115 1973 1211 2010 quas
1243 1958 1312 1997 tibi
1347 1958 1430 2009 ipse
1460 1961 1511 1998 ad

184 2026 385 2065 arbitrium
425 2034 535 2065 tuum
574 2040 819 2077 compararas
837 2041 846 2074 3
887 2026 1002 2065 nobis
1035 2033 1167 2064 autem
1202 2032 1310 2063 erant
1348 2039 1394 2063 ea
1432 2039 1512 2074 per-

185 2091 378 2141 petienda,
403 2106 503 2143 quae
524 2094 587 2143 Sp.
613 2091 790 2131 Maecius
816 2091 1068 2142 probavisset.
1129 2090 1317 2137 Omnino,
1340 2090 1368 2128 si
1399 2104 1511 2139 quac-

186 2158 246 2205 ris,
272 2158 353 2197 ludi
380 2157 674 2209 apparatissimi,
705 2159 773 2196 sed
799 2172 879 2196 non
910 2157 963 2196 tui
992 2156 1211 2205 stomachi3
1246 2155 1510 2194 coniecturam

234 2271 267 2292 11
297 2262 328 2292 in
344 2261 560 2292 Lallcnmnd:
585 2263 627 2292 ex
639 2261 724 2292 codd.
742 2264 885 2301 (bropler
899 2272 940 2291 ex
952 2262 1034 2300 quo)
1140 2270 1176 2290 12
1202 2259 1396 2291 Stabianum
1418 2259 1509 2289 MR:

186 2305 357 2336 sabianum
383 2305 432 2336 G:
469 2305 631 2336 tablinum
663 2304 755 2343 Boot,
779 2306 815 2344 cf.
846 2305 1029 2335 l'm‘ronem
1057 2309 1110 2344 ap.
1140 2304 1290 2334 Nonium
1314 2308 1346 2342 p.
1371 2305 1411 2341 83
1435 2314 1460 2333 S,
1482 2314 1508 2334 v.

188 2348 341 2379 ίεονίιέ’;
367 2350 456 2380 istud
470 2349 684 2380 maenianum
701 2349 823 2388 Tyrrcll
956 2359 992 2387 13
1017 2348 1128 2380 sinum
1142 2348 1247 2378 Boot:
1271 2358 1388 2378 senum
1407 2346 1508 2380 eodm,

186 2392 221 2430 <f-
248 2392 389 2432 Wc‘filfflin
421 2393 452 2422 ιἰι
489 2391 653 2425 ‘Archiam’
672 2403 702 2422 x.
724 2403 783 2431 451
803 2403 810 2422 ε
836 2392 1001 2423 Misenum
1023 2392 1140 2422 Lamb.
1262 2400 1299 2430 15
1324 2391 1512 2421 comminus

187 2434 326 2477 *lfadm'g
459 2438 496 2467 16
520 2436 591 2476 ipse
610 2439 677 2467 vell.
696 2447 701 2465 :
726 2436 789 2476 ipsi
805 2435 891 2467 codd.
