1791 2796
129 179 216 217 XV.
235 178 282 216 iv
601 179 658 217 M.
690 180 859 218 TVLLI
891 179 1198 220 CICERONIS

234 290 289 329 oti
311 304 395 329 esse
415 304 461 329 ac
482 289 658 330 desidiae
679 290 843 338 videtur,
868 290 907 329 in
935 292 1062 330 forum
1087 299 1206 343 atque
1227 291 1266 331 in
1288 306 1369 332 rem
1391 307 1426 344 p.
1450 300 1568 344 atque

235 355 275 393 in
297 355 420 406 ipsam
441 355 568 395 aciem
585 370 711 407 paene
728 356 976 404 deduximus,
996 365 1127 397 tecum
1149 358 1227 408 agit
1247 360 1297 397 de
1319 373 1407 398 mea
1427 360 1544 398 laude
1562 373 1570 406 3

235 420 298 459 cui
320 421 451 471 negari
477 436 500 460 a
527 423 681 462 Catone
702 424 760 461 fas
781 436 865 462 esse
891 437 971 461 non
1000 432 1106 474 puto.
1168 426 1298 473 Quam
1321 425 1372 462 ob
1394 438 1475 463 rem
1498 423 1568 463 tibi

235 486 292 525 sic
321 489 558 537 persuadeas
585 487 713 535 velim,
738 488 768 526 si
796 488 892 526 mihi
923 497 989 527 tua
1018 489 1213 528 sententia
1243 490 1410 529 tributus
1441 491 1569 529 honos

235 566 283 590 ex
303 551 400 591 meis
421 552 557 591 litteris
578 553 702 600 fuerit,
727 567 790 592 me
807 553 861 592 sic
882 553 1203 602 existimaturum,
1227 569 1320 593 cum
1338 555 1569 594 auctoritate
1590 572 1607 603 5

236 625 303 656 tua
323 625 407 656 tum
429 618 707 658 benevolentia
727 633 817 671 erga
841 633 904 659 me
932 619 1028 658 mihi
1053 621 1161 670 quod
1190 620 1359 660 maxime
1379 620 1568 671 cupierim

235 683 456 735 contigisse.

278 842 319 878 V
409 845 477 879 δυ’.
499 847 629 879 Romae
643 848 694 879 vel
707 859 755 880 cx.
775 859 820 880 m.
840 848 924 890 Apta
940 848 988 880 vcl
1003 849 1046 880 in.
1069 849 1151 881 Μαί.
1173 861 1204 880 a.
1230 859 1289 889 7⁰4
1319 849 1363 888 '50
1383 874 1390 881 .

514 925 558 956 M.
588 925 712 957 cATo
738 926 772 957 s.
804 909 844 957 13.
875 926 917 957 M.
946 927 1173 958 cxcmom
1202 926 1293 958 IMP.

199 1013 215 1040 1
291 1005 411 1052 Quod
441 1012 480 1043 et
511 1018 570 1043 res
599 1018 635 1055 p.
666 1018 731 1043 me
760 1012 799 1043 et
825 1013 958 1043 nostra
985 1005 1158 1044 amicitia
1187 1007 1372 1052 bortatur,
1403 1005 1569 1043 libenter
1591 1019 1630 1042 10

149 1059 154 1065 ⁸
235 1069 336 1108 facio
366 1077 408 1107 ut
438 1076 546 1107 tuam
572 1068 766 1117 virtutem,
794 1069 1075 1118 innocentiam,
1101 1070 1344 1120 diligentiam
1370 1069 1567 1120 cognitam

234 1133 274 1172 in
305 1133 484 1173 maximis
514 1135 631 1174 rebus
661 1134 771 1173 domi
802 1134 933 1185 togati,
963 1134 1102 1174 armati
1131 1135 1223 1174 foris
1257 1135 1339 1187 pari
1378 1134 1570 1174 industria

234 1199 507 1239 administrare
554 1201 760 1250 gaudeam.
842 1202 992 1250 Itaque,
1034 1202 1143 1251 quod
1182 1215 1253 1252 pro
1292 1214 1382 1239 meo
1421 1199 1569 1238 iudicio

234 1266 361 1304 facere
388 1264 510 1316 potui,
543 1272 587 1303 ut
618 1264 847 1304 innocentia
875 1265 1121 1315 consilioque
1152 1273 1222 1304 tuo
1248 1267 1451 1305 defensam
1484 1278 1570 1315 pro-

234 1330 415 1377 vinciam,
457 1338 654 1369 servatum
694 1329 970 1369 Ariobarzanis
1008 1344 1099 1369 cum
1139 1330 1225 1381 ipso
1263 1344 1353 1380 rege
1391 1343 1566 1380 regnum,
1592 1345 1628 1377 15

235 1395 431 1435 sociorum
463 1403 686 1434 revocatam
717 1397 767 1434 ad
798 1394 973 1434 studium
1005 1394 1142 1445 imperi
1172 1395 1295 1434 nostri
1325 1396 1568 1434 voluntatem

191 1473 215 1500 2
235 1461 430 1501 sententia
463 1474 551 1499 mea
582 1468 620 1499 et
652 1461 813 1499 decreto
843 1461 1055 1507 laudarem,
1086 1460 1170 1499 feci.
1231 1460 1568 1511 Supplicationem

234 1528 444 1573 decretam,
480 1525 511 1564 si
544 1534 595 1572 tu,
632 1539 711 1575 qua
743 1525 782 1563 in
818 1540 857 1564 re
889 1525 985 1563 nibil
1021 1525 1181 1564 fortuito
1216 1527 1285 1564 sed
1317 1539 1472 1564 summa
1503 1533 1570 1563 tua

235 1591 385 1630 ratione
413 1598 451 1630 et
478 1590 723 1630 continentia
748 1590 801 1629 rei
826 1604 861 1641 p.
886 1590 1085 1641 provisum
1108 1598 1176 1637 est,
1200 1590 1260 1629 dis
1282 1590 1569 1629 immortalibus

233 1656 414 1707 gratulari
449 1670 522 1695 nos
556 1669 674 1706 quam
711 1655 782 1694 tibi
813 1650 953 1694 referre
983 1663 1189 1705 acceptum
1221 1655 1354 1701 mavis,
1389 1656 1568 1705 gaudeo:
1591 1675 1629 1695 20

233 1723 342 1772 quod
376 1721 407 1760 si
442 1720 630 1771 triumphi
671 1720 979 1771 praerogativam
1017 1728 1131 1771 putas
1171 1719 1497 1770 supplicationem
1531 1727 1569 1758 et

232 1786 380 1826 idcirco
396 1799 531 1825 casum
554 1785 685 1836 potius
709 1799 826 1836 quam
851 1793 889 1824 te
912 1784 1060 1823 laudari
1078 1785 1211 1832 mavis,
1228 1799 1357 1834 neque
1379 1784 1570 1835 supplica-

233 1852 382 1892 tionem
420 1851 598 1902 sequitur
645 1864 801 1902 semper
851 1851 1082 1901 triumphus,
1124 1858 1163 1889 et
1201 1850 1401 1899 triumpho
1444 1850 1568 1887 multo

232 1918 372 1956 clarius
398 1924 458 1958 est
485 1924 666 1957 senatum
697 1915 870 1956 iudicare
899 1917 1030 1968 potius
1055 1914 1362 1954 mansuetudine
1392 1922 1430 1953 et
1460 1913 1569 1952 inno-

232 1983 361 2022 centia
389 1982 634 2034 imperatoris
673 1982 915 2033 provinciam
944 1995 1063 2033 quam
1096 1981 1130 2018 vi
1168 1980 1334 2019 militum
1366 1987 1433 2018 aut
1463 1978 1568 2018 beni-
1591 1991 1627 2023 25

231 2048 379 2099 gnitate
410 2049 575 2087 deorum
615 2056 805 2087 retentam
842 2057 961 2098 atque
999 2054 1270 2086 conservatam
1310 2058 1420 2092 esseg
1460 2045 1568 2094 quod

233 2127 306 2164 ego
328 2126 414 2152 mea
435 2114 630 2152 sententia
652 2115 874 2153 censebam.

191 2195 215 2231 3
289 2181 420 2229 Atque
464 2181 560 2218 haec
601 2193 674 2229 ego
714 2179 861 2218 idcirco
899 2180 948 2217 ad
990 2186 1026 2217 te
1066 2185 1200 2216 contra
1239 2174 1567 2216 consuetudinem

235 2258 362 2283 meam
391 2244 568 2295 pluribus
598 2244 732 2295 scripsi
759 2252 811 2291 ut,
835 2245 943 2294 quod
970 2243 1137 2282 maxime
1158 2243 1258 2290 volo,
1282 2240 1479 2280 existimes
1504 2254 1567 2278 me

233 2310 408 2349 laborare
438 2317 481 2348 ut
516 2309 585 2347 tibi
622 2310 879 2359 persuadeam
916 2322 979 2347 me
1009 2316 1046 2347 et
1076 2307 1245 2346 voluisse
1275 2308 1326 2346 de
1355 2312 1422 2345 tua
1451 2304 1566 2343 maie·
1586 2315 1629 2347 30

280 2425 317 2453 13
343 2415 581 2445 administrare
603 2413 688 2444 crat.
713 2413 886 2443 Lehmann
905 2411 1035 2451 Miiller,
1062 2411 1100 2452 cs.
1119 2410 1200 2442 Sall.
1221 2410 1293 2452 Ing.
1320 2419 1372 2449 92.
1399 2419 1442 2449 9:
1470 2407 1566 2438 -trari

231 2458 319 2489 codd.
346 2458 536 2499 chsenbctg
552 2457 779 2488 Mcmlelssolm
