1791 2796
129 153 306 191 X11.xv
621 153 675 189 M.
709 153 876 208 TVLLI
911 152 1218 189 CICERONIS

252 265 392 304 certior
414 267 520 303 fieret
542 266 592 303 de
612 265 785 302 adventu
807 272 951 302 nostro.
1013 266 1143 313 Quam
1167 262 1431 313 suspicionem
1454 276 1588 301 conse.-

253 339 366 368 cutae
397 343 457 368 res
483 330 633 380 aliquot
664 338 864 374 auxerunt,
899 329 1068 367 maxime
1095 330 1203 378 quod
1234 328 1365 367 subito
1395 343 1441 366 ex
1470 328 1589 377 Lycia

254 400 337 434 Sex.
365 395 514 433 Marius
539 404 577 434 et
603 397 646 434 (ἶ.
671 395 808 441 Titius,
840 395 954 445 legati
986 395 1227 440 Dolabellae,
1251 408 1273 432 a
1294 396 1417 433 classe
1447 394 1589 432 disces-

254 469 386 499 serunt
409 460 577 511 navique
599 462 715 511 longa
732 462 987 511 profugerunt
1003 459 1189 498 onerariis
1211 459 1364 506 relictis,
1384 459 1423 497 in
1445 459 1588 509 quibus

253 527 500 576 conligendis
528 540 608 565 non
635 526 843 563 minimum
873 525 1059 575 temporis
1087 524 1311 574 laborisque
1337 538 1590 575 consumpse·
1609 537 1626 569 5

254 600 348 630 rant.
421 594 561 642 Itaque
600 605 689 630 cum
726 592 776 629 ab
817 592 961 629 Rhodo
996 604 1086 629 cum
1121 590 1165 628 iis
1195 603 1292 640 quas
1327 591 1589 628 habueramus

256 657 420 695 navibus
454 658 491 695 in
526 657 683 707 Lyciam
718 656 971 702 venissemus,
1005 656 1112 694 navis
1146 655 1341 694 onerarias
1371 655 1590 705 recepimus

255 723 507 773 dominisque
535 723 774 761 restituimus
796 722 992 772 idemque,
1017 723 1125 771 quod
1155 721 1322 759 maxime
1348 721 1587 765 verebamur,

256 803 305 827 ne
327 797 459 838 posset
491 789 698 826 Dolabella
728 801 818 825 cum
848 787 926 825 suis
952 787 1169 825 latronibus
1198 787 1236 824 in
1267 786 1419 824 Italiam
1447 786 1587 830 venire,

256 854 394 892 timere
415 854 630 901 desiimus3
661 855 825 891 classem
849 852 1062 902 fugientem
1091 852 1283 902 persecuti
1311 865 1444 890 sumus
1467 865 1590 900 usque
1614 867 1651 888 10

257 920 402 966 Sidam,
427 933 528 969 quae
550 927 721 957 extrema
743 918 847 968 regio
869 926 925 956 est
948 917 1172 968 provinciae
1198 930 1318 955 meae.

210 985 237 1022 6
312 985 373 1023 Ibi
396 985 561 1035 cognovi
584 992 732 1034 partem
756 984 913 1021 navium
940 984 1169 1021 Dolabellae
1191 982 1400 1031 diffugisse,
1424 982 1591 1031 reliquas

256 1051 405 1101 Syriam
439 1053 692 1101 Cyprumque
724 1049 876 1099 petisse.
939 1048 1095 1097 Quibus
1123 1047 1306 1093 disiectis,
1332 1061 1420 1085 cum
1453 1047 1590 1085 scirem

256 1118 300 1155 C.
326 1116 447 1162 (lassi,
476 1115 680 1164 singularis
713 1114 808 1152 civis
840 1122 878 1152 et
911 1113 1033 1159 ducis,
1069 1114 1234 1151 classem
1268 1112 1477 1150 maximam
1511 1114 1591 1150 fore

256 1190 410 1232 praesto
432 1181 470 1218 in
493 1181 609 1230 Syria,
634 1181 684 1217 ad
708 1193 838 1218 meum
865 1178 1037 1217 officium
1060 1178 1197 1216 reverti
1220 1178 1407 1227 daboque
1432 1191 1590 1228 operam
1615 1193 1650 1224 ¹5

256 1255 297 1284 ut
313 1260 444 1284 meum
467 1245 652 1291 studium,
671 1244 913 1294 diligentiam
936 1244 1058 1290 vobis,
1076 1257 1110 1293 p.
1130 1258 1174 1289 (κ,
1192 1243 1325 1293 reique
1347 1257 1381 1293 p.
1399 1251 1590 1293 praestem

256 1311 546 1362 pecuniamque
581 1323 698 1360 quam
741 1309 949 1348 maximam
992 1317 1130 1359 potero
1165 1317 1201 1347 et
1239 1322 1357 1358 quam
1394 1309 1593 1347 celerrime

257 1391 394 1427 cogam
426 1376 691 1425 omnibusque
719 1374 936 1413 rationibus
966 1376 1016 1413 ad
1048 1388 1116 1413 vos
1148 1375 1311 1413 mittam.
1374 1363 1413 1412 Si
1443 1388 1595 1424 percur-

258 1456 342 1481 rero
378 1441 617 1492 provinciam
653 1448 690 1479 et
725 1454 947 1490 cognovero
982 1441 1046 1491 qui
1090 1441 1204 1479 nobis
1245 1449 1283 1480 et
1319 1440 1369 1479 rei
1404 1455 1437 1491 p.
1475 1442 1592 1478 fidem

258 1507 531 1558 praestiterunt
554 1507 591 1544 in
614 1507 885 1544 conservanda
905 1507 1072 1556 pecunia
1102 1521 1124 1545 a
1151 1521 1213 1545 me
1243 1506 1421 1557 deposita
1447 1506 1594 1556 quique
1616 1519 1654 1540 20

259 1575 403 1611 scelere
439 1574 538 1610 ultro
573 1573 794 1610 deserentes
830 1572 1038 1621 pecuniam
1082 1572 1280 1622 publicam
1322 1573 1398 1610 hoc
1434 1585 1594 1609 munere

259 1638 486 1676 societatem
520 1637 735 1675 facinorum
767 1650 856 1675 cum
887 1638 1105 1676 ‘Dolabella
1142 1637 1320 1684 inierunt,
1357 1637 1494 1675 faciam
1527 1650 1594 1674 vos

259 1704 452 1742 certiores.
516 1704 576 1740 De
603 1702 756 1752 quibus,
782 1702 811 1739 si
837 1702 948 1740 vobis
975 1703 1180 1749 videbitur,
1209 1703 1249 1746 si,
1275 1710 1316 1740 ut
1344 1701 1468 1739 meriti
1492 1709 1591 1745 sunt,

259 1769 423 1819 graviter
450 1767 729 1806 constitueritis
759 1782 911 1818 nosque
934 1777 1059 1806 vestra
1087 1767 1318 1806 auctoritate
1341 1765 1591 1811 firmaveriffis,

261 1834 410 1872 facilius
431 1842 468 1871 ct
490 1833 638 1882 reliqua
660 1833 810 1883 exigere
834 1833 1036 1883 vectigalia
1062 1841 1099 1872 et
1127 1841 1261 1871 exacta
1286 1845 1436 1870 servare
1458 1830 1595 1881 poteri·
1616 1842 1653 1873 25

262 1913 358 1937 mus.
421 1901 575 1937 Interea
600 1912 679 1948 quo
709 1899 959 1937 commodius
982 1899 1185 1947 vectigalia
1213 1897 1308 1936 tueri
1340 1896 1595 1947 provinciam-

261 1978 338 2014 que
373 1965 422 2002 ab
454 1964 591 2002 iniuria
624 1965 834 2002 defendere
871 1964 1028 2015 possim,
1065 1963 1300 2014 praesidium
1333 1961 1594 2000 voluntarium

263 2029 606 2078 necessariumque
628 2029 859 2080 comparavi.

221 2097 244 2136 7
323 2094 395 2132 llis
426 2094 561 2132 litteris
592 2095 743 2144 scriptis
774 2094 914 2132 milites
946 2093 1097 2131 circiter
1124 2105 1223 2139 xxx,
1256 2106 1355 2142 quos
1389 2092 1595 2129 Dolabella

263 2174 308 2198 ex
344 2159 438 2197 Asia
472 2159 765 2209 conscripserat,
803 2172 849 2196 ex
881 2158 988 2208 Syria
1023 2158 1213 2207 fugientes
1248 2157 1286 2195 in
1324 2156 1592 2206 Pamphyliam
1614 2169 1655 2201 30

263 2232 462 2263 venerunt.
531 2224 584 2261 Hi
618 2223 894 2261 nuntiaverunt
925 2224 1171 2261 Dolabellam
1200 2222 1462 2260 Antiocheam
1494 2234 1594 2270 quae

312 2329 349 2358 16
374 2328 522 2358 studium
541 2332 573 2356 ct
593 2326 646 2356 dil.
670 2325 762 2356 IID:
787 2336 852 2356 om.
875 2331 905 2356 et
928 2325 966 2354 ,11
1085 2325 1119 2355 18
1143 2325 1366 2363 omnibusque
1384 2328 1445 2355 rat.
1464 2323 1501 2361 cs.
1524 2322 1591 2354 viii.

267 2382 315 2403 11.
342 2381 352 2401 ι
373 2384 376 2401 :
405 2382 492 2402 omn.
516 2381 589 2400 cum
610 2375 667 2400 rat.
690 2373 760 2399 wll.
855 2380 905 2403 ρο,
926 2379 966 2398 22
992 2369 1244 2407 praestiterint.
1264 2393 1269 2399 .
1289 2393 1295 2399 .
1315 2367 1452 2397 inierint
1470 2363 1593 2397 lVesen-

263 2415 339 2455 berg
469 2424 505 2445 21
536 2412 678 2453 scelere]
697 2413 861 2443 scelerate
881 2411 999 2443 Lamb.
