1791 2796
108 143 228 181 VIII.
248 143 309 181 xii
626 144 682 181 M.
714 143 882 181 TVLLI
915 143 1221 183 CICERONIS

256 253 399 302 resciit,
438 253 649 293 excanduit
687 261 726 293 et
764 267 827 293 me
872 267 1031 293 causam
1077 254 1367 292 inimicitiarum
1407 268 1591 304 quaerere

256 319 483 367 clamitavit,
511 327 566 368 ut,
593 319 624 357 si
655 319 750 357 mibi
781 319 821 358 in
851 319 1019 370 pecunia
1049 319 1178 358 minus
1208 319 1300 358 satis
1330 319 1498 367 fecisset,
1524 334 1592 371 per

257 386 359 423 lianc
398 384 569 436 speciem
616 384 824 423 simultatis
862 399 951 424 eum
999 394 1253 424 consectarer.
1332 387 1473 424 Postea
1510 399 1590 424 non

257 450 407 489 destitit
437 464 635 489 accersere
668 452 805 489 Polam
840 450 1014 489 Servium
1050 458 1331 499 accusatorem,
1366 450 1462 489 inire
1500 464 1590 489 cum

215 520 238 557 3
261 515 440 554 Domitio
469 515 643 555 consilia.
704 515 860 564 Quibus
895 529 985 554 cum
1016 529 1152 566 parum
1182 517 1412 566 procederet
1443 524 1485 554 ut
1514 517 1591 554 ulla
1612 531 1628 561 ,ς

258 583 341 632 lege
381 580 477 619 mihi
516 589 709 631 ponerent
739 588 1019 628 accusatorem,
1057 581 1283 632 compellari
1322 595 1367 619 ea
1405 583 1489 632 lege
1529 595 1591 620 me

256 649 464 686 voluerunt
485 660 563 696 qua
584 645 715 684 dicere
735 660 816 685 non
841 654 1022 696 poterant
1043 661 1049 691 ;
1085 646 1379 685 insolentissimi
1409 646 1592 685 homines

255 711 418 750 summis
441 710 695 752 Circensibus
722 710 825 750 ludis
855 711 951 750 rneis
976 712 1257 762 postulandum
1284 725 1346 749 me
1371 713 1455 761 lege
1476 713 1591 750 Scan-

256 777 350 816 tinia
389 784 581 816 curarunt.
661 776 736 814 Vix
782 777 857 815 hoc
902 785 982 814 erat
1022 777 1119 814 Pola
1157 777 1349 824 elocutus,
1388 790 1477 815 cum
1518 791 1591 827 ego

255 843 430 894 Appium
471 855 674 881 censorem
714 842 854 880 eadem
894 843 977 891 lege
1016 841 1220 891 postulavi.
1292 842 1413 890 Quod
1452 842 1590 880 melius
1614 858 1650 880 10

254 910 411 948 caderet
450 908 546 946 nihil
578 907 682 955 vidi3
723 920 814 945 nam
846 906 901 945 sic
935 915 993 946 est
1026 921 1049 945 a
1086 909 1235 958 populo
1269 915 1306 945 et
1342 921 1420 946 non
1453 907 1590 947 infimo

255 988 415 1025 quoque
435 974 712 1024 approbatum,
729 980 771 1011 ut
792 972 979 1012 maiorem
994 972 1127 1023 Appio
1148 973 1325 1011 dolorem
1347 974 1450 1011 fama
1471 986 1588 1023 quam

255 1039 467 1091 postulatio
505 1038 685 1078 attulerit.
761 1040 963 1077 Praeterea
1002 1037 1114 1089 coepi
1154 1039 1355 1086 sacellum,
1390 1038 1428 1076 in
1468 1039 1590 1077 domo

254 1107 363 1156 quod
384 1114 451 1151 est,
475 1106 525 1143 ab
546 1119 594 1143 eo
615 1112 756 1155 petere.

209 1178 236 1216 4
311 1171 533 1210 Conturbat
564 1184 626 1208 rne
657 1183 764 1208 mora
794 1169 893 1208 servi
924 1169 1040 1208 huius
1067 1169 1134 1220 qui
1162 1169 1231 1208 tibi
1260 1169 1404 1208 litteras
1433 1169 1647 1218 attulit315

255 1250 345 1275 nam
385 1235 557 1287 acceptis
603 1234 796 1286 prioribus
835 1234 970 1274 litteris
1011 1234 1180 1286 amplius
1217 1236 1296 1273 dies
1333 1235 1590 1286 quadraginta

255 1301 407 1340 mansit.
480 1300 588 1350 Quid
623 1299 693 1339 tibi
728 1299 898 1339 scribam
933 1300 1077 1340 nescio.
1149 1300 1231 1339 Scis
1269 1300 1446 1340 Domitio
1483 1302 1589 1339 comi—

254 1369 394 1406 tiorum
421 1367 526 1407 diem
555 1366 684 1406 timori
713 1380 810 1406 esse.
870 1367 928 1405 Te
959 1374 1144 1417 exspecto
1171 1367 1283 1406 valde
1310 1375 1348 1406 et
1372 1370 1490 1418 quam
1518 1367 1589 1417 pri-

255 1447 362 1471 mum
394 1432 525 1471 videre
555 1432 682 1483 cupio.
757 1434 793 1471 A
823 1440 861 1471 te
895 1441 987 1482 peto
1017 1440 1058 1470 ut
1089 1446 1195 1471 meas
1230 1432 1389 1470 iniurias
1423 1431 1589 1482 proinde

253 1499 398 1545 doleas,
423 1507 464 1536 ut
486 1513 548 1537 me
570 1498 767 1537 existimas
788 1507 826 1537 et
846 1499 980 1537 dolere
1001 1506 1037 1536 et
1060 1497 1192 1537 ulcisci
1216 1506 1300 1536 tuas
1322 1499 1455 1537 solere.
1610 1514 1648 1535 20

295 1646 413 1682 XIII
471 1649 539 1681 Sc».
562 1649 690 1681 Romae
703 1662 748 1681 cx.
772 1661 815 1681 m.
832 1650 913 1681 Mas.
930 1653 989 1681 aut
1005 1650 1047 1681 1'11.
1069 1649 1143 1681 Iun.
1160 1661 1190 1682 a.
1210 1661 1269 1691 704
1292 1650 1372 1692 (50).

664 1727 859 1759 CAELIVS
885 1727 1108 1759 CICERONI
1137 1729 1169 1759 S.
1788 1734 1791 1780 Ι

215 1823 232 1850 1
307 1807 489 1845 Gratulor
524 1805 592 1844 tibi
628 1806 832 1845 adfinitate
862 1806 929 1844 viri
961 1806 1114 1846 medius
1145 1806 1260 1845 fidius
1290 1805 1455 1857 optimi3
1494 1819 1584 1845 nam

250 1873 326 1910 hoc
354 1886 426 1922 ego
451 1873 500 1910 de
531 1871 597 1910 illo
628 1871 817 1911 existimo.
880 1873 1019 1912 Cetera
1050 1886 1176 1929 porro²
1200 1871 1344 1922 quibus
1369 1873 1500 1911 adbuc
1521 1871 1585 1910 ille

248 1937 318 1975 sibi
353 1951 486 1987 parum
520 1936 623 1975 utilis
654 1936 735 1984 fuit,
769 1946 806 1976 et
835 1946 962 1976 aetate
994 1935 1069 1976 iarn
1100 1945 1190 1976 sunt
1220 1938 1395 1983 decussa,
1428 1944 1465 1975 et
1495 1950 1584 1976 con·
1607 1949 1643 1979 25

248 2002 457 2041 suetudine
499 2012 617 2053 atque
655 2003 886 2043 auctoritate
927 2012 1002 2050 tua,
1045 2005 1194 2054 pudore
1234 2003 1399 2051 Tulliae,
1438 2003 1468 2041 si
1507 2016 1585 2053 qua

249 2069 464 2108 restabunt.
498 2070 657 2107 confido
697 2069 871 2109 celeriter
910 2071 1107 2109 sublatum
1148 2069 1216 2110 iri:
1264 2083 1343 2108 non
1383 2077 1440 2108 est
1478 2067 1582 2107 enim

249 2147 404 2185 pugnax
444 2133 481 2171 in
517 2134 619 2172 vitiis
661 2149 789 2185 neque
826 2136 947 2174 hebes
981 2137 1031 2174 ad
1068 2135 1106 2174 id
1137 2135 1245 2185 quod
1278 2134 1416 2174 melius
1451 2133 1498 2172 sit
1530 2133 1584 2171 in-

250 2201 524 2251 tellegendum.
591 2199 756 2247 Deinde,
780 2201 888 2250 quod
914 2200 1126 2238 niaximum
1155 2208 1226 2249 est,
1247 2214 1318 2250 ego
1340 2194 1449 2238 illum
1471 2200 1583 2238 valde

249 2278 350 2304 arno.
1603 2273 1644 2305 30

291 2381 313 2409 9
337 2376 496 2402 curarunt
518 2369 705 2409 chsenbctjq
717 2374 848 2411 propter
863 2369 1041 2401 volucrunt
1058 2380 1064 2400 ε
1089 2375 1208 2400 curant
1227 2369 1267 2400 M
1374 2379 1408 2407 ¹7
1433 2368 1580 2400 comitio-

251 2425 321 2445 rum
340 2415 415 2446 ada'.
442 2415 563 2445 lVet'ske
664 2415 701 2444 18
728 2414 840 2445 timori
860 2424 944 2444 esse.
979 2413 1027 2444 'se
1049 2412 1125 2445 Vict.
1142 2425 1149 2444 :
1174 2418 1325 2444 tumorae
1343 2418 1395 2443 cst
1413 2412 1454 2443 Μ
1540 2422 1579 2452 25

251 2460 392 2490 decussa
413 2459 594 2489 Colucct'us:
615 2459 655 2489 dc
674 2462 774 2489 ca'usa
793 2457 849 2489 M:
868 2459 1010 2489 decursa
1026 2461 1092 2488 vcH.
1187 2458 1227 2487 28
1245 2457 1303 2498 sit]
1322 2462 1374 2488 cst
1395 2455 1583 2497 Wcscubctg
