1791 2796
178 151 224 187 X.
245 149 337 187 xvii
658 149 712 187 M.
746 148 915 210 TVLLI
947 148 1253 189 CICERONIS

249 997 264 1023 Ι

241 1401 265 1428 2

287 262 461 301 studium
502 260 599 300 mihi
640 274 754 300 suum
797 263 839 300 L.
875 261 1024 300 Gellius
1069 262 1144 302 †de
1183 260 1306 300 tribus
1344 260 1524 301 fratribus
1558 263 1621 301 Se-

283 326 449 377 gaviano
484 325 672 377 probavit,
710 340 790 376 quo
824 340 897 377 ego
931 326 1140 377 interprete
1181 325 1394 365 novissime
1427 327 1478 365 ad
1508 325 1620 377 Lepi-

284 393 379 431 dum
402 405 489 431 sum
510 405 613 430 usus.
674 391 860 430 Amicum
882 405 974 430 eum
995 391 1047 430 rei
1073 405 1107 442 p.
1132 405 1324 442 cognosse
1344 391 1480 431 videor
1499 391 1620 431 liben-

285 465 420 507 terque
441 456 475 495 ei
497 470 582 495 sum
605 456 833 495 testimonio
847 463 885 495 et
905 455 1091 495 omnibus
1112 470 1178 495 ero
1199 455 1265 506 qui
1288 457 1389 495 bene
1412 464 1618 496 merentur.

286 524 365 561 Fac
399 523 527 561 valeas
558 536 701 572 meque
732 529 871 560 mutuo
901 521 1038 572 diligas
1069 521 1382 573 dignitatemque
1416 535 1556 570 meam,
1588 521 1619 561 si
1642 535 1659 567 5

284 601 445 634 mereor,
488 587 640 635 tuearis,
683 586 783 626 sicut
820 587 952 626 adhuc
992 586 1175 638 singulari
1214 600 1305 626 cum
1345 587 1621 627 benevolentia

283 652 419 692 fecisti.

327 778 486 814 XVIII
533 782 602 814 Ser.
620 783 653 814 ι’νι
670 783 783 814 castris
800 793 837 814 ex
854 782 962 814 itincre
978 782 1017 814 ab
1033 781 1130 814 Isara
1144 782 1270 814 Forma
1287 782 1407 815 Voconi

736 849 780 870 xv
795 838 837 870 K.
858 838 933 870 Iun.
955 849 985 870 a.
1006 848 1060 878 711
1083 838 1164 880 (4j).

710 915 920 948 PLANCVS
954 915 1189 948 CICERONI.
1642 919 1680 940 10

340 993 448 1043 Quid
481 994 519 1033 in
552 993 687 1033 animo
721 994 937 1041 habuerim,
972 1008 1062 1033 eum
1104 996 1255 1033 Laevus
1295 994 1504 1043 Nervaque
1543 992 1619 1032 dis-

284 1068 485 1098 cesserunt
519 1074 541 1098 a
573 1074 646 1107 me,
684 1067 722 1099 et
761 1074 807 1098 ex
839 1059 986 1107 litteris,
1021 1074 1117 1110 quas
1153 1059 1207 1098 eis
1240 1058 1344 1106 dedi,
1376 1066 1414 1097 et
1448 1072 1495 1097 ex
1524 1057 1617 1108 ipsis

283 1138 520 1175 cognoscere
560 1125 731 1176 potuisti,
766 1125 833 1176 qui
868 1125 1053 1164 omnibus
1085 1126 1201 1165 rebus
1233 1123 1485 1174 consiliisque
1520 1122 1617 1162 meis

283 1189 550 1230 interfuerunt.
611 1190 768 1230 Accidit
790 1190 896 1238 mihi,
921 1192 1029 1241 quod
1054 1189 1205 1229 homini
1226 1189 1391 1241 pudenti
1412 1196 1449 1228 et
1471 1188 1617 1240 cupido

284 1256 376 1294 satis
408 1256 577 1296 faciendi
613 1256 665 1295 rei
698 1270 733 1307 p.
772 1256 967 1307 bonisque
999 1256 1183 1295 omnibus
1221 1255 1400 1295 accidere
1431 1255 1539 1301 solet,
1574 1262 1616 1294 ut
1641 1272 1675 1305 ¹5

284 1321 491 1360 consilium
522 1335 704 1373 sequerer
733 1321 996 1372 periculosum
1021 1320 1155 1372 magis,
1179 1322 1274 1360 dum
1303 1334 1365 1359 me
1395 1321 1613 1371 probarem,

285 1400 403 1437 quam
434 1395 573 1434 tutum,
606 1388 714 1438 quod
743 1388 887 1427 habere
914 1394 1046 1438 posset
1076 1386 1414 1426 obtrectationem.
1476 1387 1615 1437 Itaque

283 1461 371 1503 post
403 1452 621 1492 discessum
655 1454 871 1503 legatorum
907 1467 997 1492 eum
1033 1453 1136 1492 binis
1176 1452 1374 1492 continuis
1407 1451 1543 1492 litteris
1577 1460 1615 1491 et

282 1517 456 1568 Lepidus
488 1532 550 1557 me
575 1526 617 1556 ut
641 1518 813 1558 venirem
846 1527 1008 1570 rogaret,
1031 1526 1069 1558 et
1097 1518 1319 1558 Laterensis
1347 1519 1471 1557 multo
1496 1517 1612 1557 etiam

281 1582 403 1633 magis
430 1596 552 1634 prope
583 1583 797 1635 implorans
827 1585 1088 1623 obtestaretur
1117 1598 1198 1623 non
1229 1585 1348 1622 ullam
1383 1597 1464 1623 rem
1496 1583 1612 1621 aliam
1637 1594 1675 1617 20

280 1647 539 1687 extimescens
557 1663 674 1699 quam
697 1651 994 1700 eandem,quae
1016 1649 1110 1688 mihi
1133 1663 1292 1700 quoque
1313 1649 1404 1688 facit
1418 1649 1611 1695 timorem,

279 1713 504 1753 varietatem
546 1722 664 1765 atque
704 1714 975 1754 infidelitatem
1015 1715 1205 1754 exercitus
1247 1715 1340 1762 eius,
1383 1729 1462 1755 non
1502 1714 1613 1754 dubi-

280 1780 443 1818 tandum
466 1780 596 1831 putavi
620 1780 714 1830 quin
745 1795 1011 1820 succurrerem
1041 1795 1183 1832 meque
1211 1780 1413 1820 communi
1439 1780 1612 1831 periculo

279 1846 467 1884 offerrem.
529 1845 710 1885 Sciebam
742 1846 858 1894 enim,
883 1846 954 1885 etsi
985 1847 1136 1886 cautius
1168 1847 1263 1886 illud
1294 1854 1374 1886 erat
1403 1846 1610 1885 consilium

278 1919 502 1960 exspectare
532 1925 594 1950 me
623 1913 674 1951 ad
704 1913 849 1951 Isaram
873 1913 969 1952 dum
1004 1914 1146 1951 Brutus
1164 1912 1354 1952 'traiceret
1386 1911 1609 1958 exercitum,
1635 1924 1671 1956 25

278 1983 316 2014 et
337 1990 426 2016 cum
450 1978 613 2027 conlega
643 1978 928 2026 consentiente,
953 1978 1123 2018 exercitu
1151 1978 1339 2018 concordi
1363 1992 1408 2017 ac
1435 1978 1537 2017 bene
1562 1978 1611 2016 de

278 2054 317 2079 re
347 2054 381 2091 p.
415 2041 619 2089 sentiente,
653 2042 751 2082 sicut
783 2043 925 2083 milites
955 2044 1114 2091 faciunt,
1147 2043 1327 2083 hostibus
1357 2042 1513 2083 obviam
1544 2042 1608 2090 ire,

278 2113 421 2153 tamen,
453 2106 482 2145 si
515 2107 609 2157 quid
643 2108 817 2159 Lepidus
848 2109 950 2149 bene
981 2109 1154 2148 sentiens
1181 2108 1405 2149 detrimenti
1430 2107 1607 2159 cepisset,

277 2172 353 2210 hoc
383 2185 501 2211 omne
531 2172 781 2223 adsignatum
810 2173 854 2212 iri
881 2182 948 2213 aut
977 2174 1215 2225 pertinaciae
1246 2188 1356 2213 meae
1385 2181 1451 2212 aut
1481 2172 1609 2212 timori

277 2235 472 2284 videbam,
495 2237 526 2275 si
556 2246 622 2276 aut
650 2238 852 2278 hominem
880 2240 1074 2279 offensum
1103 2239 1209 2287 mihi,
1236 2238 1490 2278 coniunctum
1518 2252 1608 2277 eum
1630 2251 1668 2282 30

278 2316 316 2341 re
355 2316 390 2353 p.
433 2316 513 2342 non
553 2303 819 2343 sublevassem
859 2312 925 2342 aut
964 2304 1047 2355 ipse
1085 2320 1107 2343 a
1146 2303 1358 2344 certamine
1398 2303 1489 2343 belli
1529 2311 1607 2342 tani

324 2410 335 2431 1
365 2399 495 2432 Gellius
515 2400 554 2431 D.
577 2400 596 2432 s.
617 2400 737 2442 [tribu]
758 2400 834 2431 Fab.
857 2400 1072 2441 Segovianus
1091 2402 1192 2434 Orelli
1319 2401 1400 2443 Epp.
1426 2403 1464 2433 18
1480 2405 1508 2433 et
1527 2411 1566 2442 19
1581 2405 1610 2432 cl

277 2455 327 2483 20,
353 2455 412 2484 1—3
432 2445 553 2484 (certe)
575 2455 638 2475 om.
659 2444 695 2475 D
825 2455 865 2484 24
891 2446 954 2477 etsi
977 2445 1094 2478 Lamb.
1117 2445 1260 2477 Mt'c‘llcr:
1291 2449 1325 2477 ct
1341 2445 1430 2477 codd.
1565 2447 1608 2476 26

276 2488 427 2520 exercitu
445 2512 451 2519 .
473 2512 479 2520 .
501 2512 508 2520 .
528 2489 700 2520 sentiente
717 2487 772 2519 H:
799 2499 863 2520 om.
884 2488 926 2519 M
