1791 2796
159 867 197 889 10

162 1525 199 1547 20

164 1850 201 1882 25

580 154 691 191 EPP.
725 155 801 191 AD
834 156 1180 194 FAMILIARES
1492 160 1585 196 XII.
1607 170 1667 197 xv

215 262 332 301 etiam
355 270 485 301 nostra
503 263 636 302 omnia
657 264 761 314 prius
783 265 945 316 experiri
969 267 1097 305 malui.
1161 270 1300 318 Itaque
1321 269 1370 307 ad
1394 271 1546 314 illorum

216 330 457 367 voluntatem
499 327 744 368 introductus
784 330 822 369 in
864 332 1000 370 urbem
1041 340 1079 371 et
1117 333 1157 370 in
1198 342 1377 372 senatum
1413 348 1548 373 eorum

215 407 333 443 quam
361 394 659 443 diligentissime
688 396 797 445 potui
828 410 986 435 causam
1015 397 1067 436 rei
1098 412 1134 449 p.
1163 399 1222 449 egi
1252 399 1550 450 periculumque

215 472 334 497 omne
364 460 473 508 quod
503 459 663 499 instaret
694 460 723 498 si
753 461 819 500 ille
848 462 945 501 latro
980 476 1071 501 cum
1107 463 1186 502 suis
1220 464 1405 503 omnibus
1441 465 1549 503 navis

216 524 513 564 conscendisset
541 525 713 576 exposui.
785 527 967 566 Rhodios
995 536 1128 567 autem
1155 537 1263 568 tanta
1290 530 1329 567 in
1362 531 1549 580 pravitate

215 589 472 628 animadverti
505 596 547 628 ut
575 590 704 629 omnis
740 590 929 630 firmiores
963 601 1145 643 putarent
1177 608 1294 644 quam
1335 595 1476 641 bonos,
1508 604 1549 634 ut

216 656 318 692 lianc
347 654 602 694 concordiam
636 662 674 695 et
709 656 1041 707 conspirationem
1073 659 1251 697 omnium
1284 660 1467 698 ordinum
1499 661 1549 699 ad

216 721 508 759 defendendam
525 721 744 760 libertatem
762 736 956 773 propense
972 738 1053 762 non
1068 726 1272 763 crederent
1288 739 1374 764 esse
1394 726 1550 767 factam.

216 796 257 824 ut
278 784 506 836 patientiam
524 796 681 826 senatus
703 795 740 826 et
761 788 899 838 optimi
916 788 1106 840 cuiusque
1127 803 1285 829 manere
1305 791 1422 829 etiam
1444 804 1550 828 nunc

216 852 462 890 confiderent
488 865 560 890 nec
581 851 754 902 potuisse
779 855 923 892 audere
950 868 1190 906 quemquam
1215 856 1461 894 Dolabellam
1485 858 1550 894 ho-

217 924 315 955 stem
352 916 534 964 iudicare‚
563 925 604 956 ut
631 918 804 969 denique
844 919 978 958 omnia
1009 934 1110 970 quae
1144 920 1314 971 improbi
1349 922 1549 971 fingebant

217 981 339 1032 magis
378 990 473 1021 vera
506 983 772 1023 existimarent
807 998 926 1036 quam
966 999 1067 1036 quae
1101 1000 1190 1024 vere
1229 988 1330 1025 faeta
1369 994 1478 1025 erant
1512 995 1549 1025 et

216 1061 238 1086 a
268 1047 383 1086 nobis
412 1050 667 1088 docebantur.

272 1115 364 1163 Qua
387 1122 518 1153 mente
544 1115 661 1153 etiam
688 1123 780 1154 ante
807 1123 984 1154 nostrum
1013 1118 1228 1155 adventum
1258 1125 1347 1168 post
1374 1117 1548 1156 Treboni
1567 1126 1593 1164 4

218 1177 530 1229 indignissimam
552 1182 714 1219 caedem
733 1189 940 1232 ceteraque
961 1189 1019 1220 tot
1040 1189 1200 1232 tamque
1214 1182 1361 1221 nefaria
1377 1183 1549 1220 facinora

218 1246 335 1284 binae
366 1247 563 1296 profectae
594 1255 704 1285 erant
732 1248 783 1285 ad
816 1247 1064 1285 Dolabellam
1096 1248 1311 1297 legationes
1341 1262 1486 1295 eorum,
1511 1257 1549 1287 et

219 1312 381 1362 quidem
407 1325 511 1350 novo
537 1314 727 1362 exemplo,
752 1320 889 1350 contra
915 1314 1018 1362 leges
1040 1312 1224 1363 ipsorum,
1248 1314 1549 1364 prohibentibus

220 1378 265 1416 iis
295 1378 363 1428 qui
394 1386 475 1416 tum
509 1376 754 1426 magistratus
784 1378 981 1427 gerebant.
1043 1380 1187 1417 tHaec
1217 1378 1298 1418 sive
1328 1379 1477 1425 timore,
1509 1387 1549 1417 ut

219 1444 410 1491 dictitant,
428 1446 478 1483 de
494 1444 593 1494 agris
615 1457 714 1493 quos
736 1443 775 1480 in
797 1442 1015 1482 continenti
1037 1445 1195 1489 habent,
1220 1444 1300 1483 sive
1321 1445 1448 1483 furore
1470 1445 1550 1483 sive

219 1510 407 1561 patientia
433 1523 659 1560 paucorum,
685 1507 749 1560 qui
782 1516 820 1547 et
844 1516 960 1547 antea
984 1509 1065 1559 pari
1096 1510 1335 1548 contumelia
1356 1510 1457 1549 viros
1479 1512 1551 1549 cla-

220 1575 392 1614 rissimos
421 1570 647 1614 adfecerant
676 1582 714 1612 et
743 1588 849 1613 nunc
879 1574 1070 1613 maximos
1100 1575 1346 1625 magistratus
1373 1584 1551 1625 gerentes

220 1643 328 1679 nullo
349 1642 529 1691 exemplo
551 1654 680 1692 neque
703 1648 835 1679 nostra
862 1654 908 1678 ex
932 1648 1040 1690 parte
1069 1653 1198 1690 neque
1218 1648 1353 1679 nostro
1374 1655 1552 1691 praesen—

220 1707 317 1745 tium
347 1720 477 1757 neque
507 1705 729 1745 imminenti
763 1706 899 1744 Italiae
930 1706 1096 1755 urbique
1127 1714 1282 1745 nostrae
1312 1707 1496 1756 periculo,
1520 1707 1550 1745 si

221 1772 285 1810 ille
314 1772 505 1822 parricida
539 1786 629 1810 cum
662 1772 740 1809 suis
773 1771 989 1809 latronibus
1021 1771 1185 1809 navibus
1222 1786 1268 1810 ex
1302 1772 1396 1810 Asia
1431 1772 1551 1821 Syria-

221 1851 298 1888 que
325 1839 507 1888 expulsus
541 1836 695 1876 Italiam
725 1837 895 1887 petisset,
929 1836 1087 1883 mederi,
1118 1850 1207 1875 curn
1239 1837 1350 1876 facile
1377 1846 1551 1888 possent,

222 1905 465 1943 noluerunt†.

277 1970 369 2007 Non
396 1970 512 2008 nullis
539 1970 656 2009 etiam
685 1970 759 2021 ipsi
786 1971 1032 2021 magistratus
1054 1969 1265 2008 veniebant
1295 1969 1334 2007 in
1365 1970 1549 2020 suspicio-
1568 1982 1592 2021 5

222 2048 313 2073 nem
330 2035 544 2073 detinuisse
566 2050 637 2073 nos
658 2044 696 2074 et
717 2036 908 2074 demorati
931 2049 1025 2081 esse,
1045 2036 1141 2073 dum
1163 2034 1295 2072 classis
1320 2036 1550 2074 Dolabellae

270 2139 307 2168 18
333 2137 429 2168 Haec
447 2161 453 2167 .
475 2161 481 2168 .
504 2161 510 2168 .
533 2136 729 2175 noluerunt]
754 2136 841 2166 locus
865 2135 1014 2166 nondum
1039 2140 1201 2167 sanatus:
1223 2137 1307 2175 sort.
1328 2136 1358 2165 si
1376 2135 1551 2173 provocati

226 2184 313 2212 *cnm
342 2180 542 2220 lVesenbetgss
565 2185 639 2220 post
670 2185 764 2219 parte
794 2180 829 2210 Ὶ1.
859 2181 913 2210 22Ἲ
948 2179 1120 2218 addz'clm's,
1148 2180 1253 2210 locum
1281 2179 1426 2219 quodam
1456 2178 1554 2208 modo

223 2225 349 2259 levabis,
370 2224 522 2255 vocabulo
540 2224 623 2261 haec
639 2225 707 2254 sine
724 2224 880 2264 regimine
899 2227 1035 2264 propter
1051 2223 1223 2254 sententiae
1238 2224 1432 2254 velocitatem
1451 2221 1554 2252 relicto

226 2268 334 2307 Haec]
362 2269 424 2299 hac
452 2279 503 2299 isc.
534 2269 660 2298 mente&
690 2266 888 2298 Lehmann:
923 2267 989 2298 Hic
1016 2267 1133 2298 Orelli:
1169 2278 1208 2298 ac
1238 2267 1375 2307 Madmg
1511 2274 1552 2295 20

224 2312 402 2353 patientia]
430 2312 629 2351 impotentia
655 2315 725 2342 vett.
754 2310 913 2352 Madvig:
955 2312 1105 2350 potentia
1132 2311 1297 2352 Egnatius
1323 2308 1552 2340 Mendelssolm

225 2366 262 2387 21
289 2356 466 2394 gerentes]
491 2361 612 2395 gerunt
639 2354 778 2396 illadvtssg
909 2365 951 2385 22
976 2360 1089 2385 nostra
1114 2365 1156 2385 ex
1181 2353 1292 2395 parte]
1317 2364 1377 2384 nos
1395 2353 1553 2391 accipere

225 2404 324 2439 portu
343 2398 499 2439 Madvig:
527 2403 642 2429 nostra
667 2409 709 2429 ex
726 2404 821 2438 parte
838 2398 971 2441 (neque
989 2399 1137 2438 ipsorum
1162 2399 1195 2428 in
1214 2402 1382 2437 potestate
1406 2394 1553 2438 habent>

227 2443 290 2481 (vel
303 2442 420 2473 St'nn'le‘.
439 2441 614 2473 Lehmann
633 2441 698 2473 coll.
720 2452 767 2481 14.
788 2453 807 2481 3
953 2443 994 2471 26
1017 2441 1196 2472 voluerunt
1216 2441 1302 2472 Crat.
1324 2445 1353 2471 ct
1367 2439 1435 2471 edd.

269 2507 331 2528 cxc.
350 2507 396 2528 AD
414 2507 493 2528 mm.
1424 2496 1464 2525 24
