1813 2763
750 138 1071 177 PRAEFATIO

242 249 445 288 daverunt.
507 251 600 288 Post
621 250 783 300 longum
806 250 1049 289 intervallum
1071 249 1338 301 antiquiorum
1356 256 1577 299 postremus

242 321 431 359 Graevius
457 320 673 359 editionem
696 334 807 359 suam
831 320 1071 368 ‘variorum‚'
1093 328 1135 359 ut
1155 320 1308 369 dicitur,
1331 333 1431 371 opus
1460 319 1580 359 utilis-

242 390 383 429 simum
420 392 489 430 sed
527 391 589 430 vix
623 391 809 430 omnibus
839 393 1011 431 numeris
1041 392 1283 440 absolutum,
1312 391 1483 442 protulit,
1515 390 1578 430 cui

242 462 540 502 emendationes
566 463 735 502 melioris
759 472 876 502 notae
902 476 982 502 non
1007 465 1134 502 nullas
1162 464 1367 502 debemus.
1427 465 1578 502 Recen-

241 533 382 572 tiorum
413 535 608 573 editorum
641 544 679 574 et
710 534 943 586 scriptorum
974 535 1040 585 qui
1076 536 1127 574 de
1161 534 1366 574 Ciceronis
1401 533 1577 585 epistulis

241 606 389 654 optime
410 605 535 644 meriti
557 615 646 645 sunt
677 606 869 656 insignem
900 606 1039 645 seriem
1065 619 1295 645 enumerare
1318 607 1479 656 longum
1505 613 1574 653 est,

241 688 370 726 neque
399 685 503 716 artae
539 677 654 716 huius
689 677 873 717 editionis
904 680 1009 729 leges
1037 677 1171 716 onmia
1200 690 1302 728 quae
1330 677 1369 715 in
1399 676 1575 728 epistulis

241 747 491 786 recensendis
531 750 789 788 emendandis
827 750 1079 789 inlustrandis
1116 750 1309 800 permulta
1348 756 1386 787 et
1424 749 1576 799 egregia

239 831 357 868 opera
392 820 642 858 contulerunt
680 821 842 872 singulis
880 822 975 861 locis
1010 821 1169 872 proferri
1207 820 1351 859 sinunt.
1411 820 1489 858 Sed
1520 819 1575 857 sas

238 890 369 929 obstat
399 892 494 941 quin
526 904 743 932 memorare
772 893 950 932 omittam
975 893 1202 940 Gurlittum‚
1228 893 1429 939 Ruetium‚
1454 892 1502 930 O.
1528 891 1571 928 E.

239 960 514 1010 Schmidtium‚
557 962 622 1013 qui
663 963 757 1002 alias
793 971 830 1002 et
866 964 906 1002 in
940 964 1035 1003 locis
1071 964 1396 1015 temporibusque
1429 963 1572 1014 quibus

182 1070 186 1075 ,
239 1032 387 1071 litterae
432 1032 607 1083 singulae
656 1035 770 1073 datae
810 1042 900 1073 sunt
940 1035 1230 1074 constituendis
1268 1048 1428 1086 operam
1468 1037 1574 1074 lucu-

238 1104 383 1142 lentam
407 1114 645 1144 navaverunt
662 1120 671 1153 3
701 1113 738 1144 et
760 1105 826 1144 tris
848 1105 1017 1145 editores
1040 1106 1394 1157 praestantissimos
1416 1107 1571 1146 Wesen-

239 1175 425 1225 berghun,
448 1176 832 1223 Mendelssohnium,
853 1178 897 1217 C.
918 1179 959 1215 F.
980 1179 1038 1216 W.
1056 1180 1280 1225 Mulierum,
1298 1192 1397 1229 quos
1411 1178 1572 1218 honoris

237 1261 355 1286 causa
377 1247 540 1287 nomino
562 1257 600 1287 et
622 1249 766 1299 quibus
789 1261 876 1288 mea
897 1249 1189 1300 qualiacunque
1217 1250 1384 1289 libenter
1409 1257 1573 1300 accepta

236 1320 370 1358 refero.

1265 1376 1307 1412 L.
1340 1375 1385 1414 C.
1418 1376 1459 1413 P.

280 1443 415 1473 Dabam
432 1442 571 1474 Dublim'

368 1499 482 1529 Mense
498 1498 588 1528 Maio
606 1507 760 1528 rzocccm.
