<?xml version="1.0" encoding="UTF-8"?>
<!DOCTYPE html PUBLIC "-//W3C//DTD XHTML 1.0 Transitional//EN"
    "http://www.w3.org/TR/xhtml1/DTD/xhtml1-transitional.dtd">
<html xmlns="http://www.w3.org/1999/xhtml" xml:lang="en" lang="en">
 <head>
  <title>
</title>
<meta http-equiv="Content-Type" content="text/html;charset=utf-8" />
  <meta name='ocr-system' content='tesseract 3.04.00' />
  <meta name='ocr-capabilities' content='ocr_page ocr_carea ocr_par ocr_line ocrx_word'/>
</head>
<body>
  <div class='ocr_page' id='page_1' title='image "./epistulaerecogno01ciceuoft_0525.png"; bbox 0 0 1791 2796; ppageno 0'>
   <div class='ocr_carea' id='block_1_1' title="bbox 628 152 1738 191">
    <p class='ocr_par' dir='ltr' id='par_1_1' title="bbox 628 152 1738 191">
     <span class='ocr_line' id='line_1_1' title="bbox 628 152 1738 191; baseline -0.001 0"><span class='ocrx_word' id='word_1_1' title='bbox 628 154 738 191; x_wconf 88' lang='lat' dir='ltr'>EPP.</span> <span class='ocrx_word' id='word_1_2' title='bbox 771 154 848 190; x_wconf 91' lang='lat' dir='ltr'>AD</span> <span class='ocrx_word' id='word_1_3' title='bbox 881 153 1226 191; x_wconf 81' lang='lat' dir='ltr'><strong>FAMILIARES</strong></span> <span class='ocrx_word' id='word_1_4' title='bbox 1519 154 1627 191; x_wconf 66' lang='lat' dir='ltr'>XVI.</span> <span class='ocrx_word' id='word_1_5' title='bbox 1648 152 1738 190; x_wconf 83' lang='lat' dir='ltr'>xxii</span> 
     </span>
    </p>
   </div>
   <div class='ocr_carea' id='block_1_2' title="bbox 222 264 1630 710">
    <p class='ocr_par' dir='ltr' id='par_1_2' title="bbox 222 264 1630 710">
     <span class='ocr_line' id='line_1_2' title="bbox 262 264 1630 316; baseline 0 -13"><span class='ocrx_word' id='word_1_6' title='bbox 262 279 312 303; x_wconf 87' lang='lat' dir='ltr'>ne</span> <span class='ocrx_word' id='word_1_7' title='bbox 335 265 496 303; x_wconf 75' lang='lat' dir='ltr'>Publius</span> <span class='ocrx_word' id='word_1_8' title='bbox 521 273 675 314; x_wconf 76' lang='lat' dir='ltr'>rogatus</span> <span class='ocrx_word' id='word_1_9' title='bbox 702 264 759 303; x_wconf 83' lang='lat' dir='ltr'>sit.</span> <span class='ocrx_word' id='word_1_10' title='bbox 823 265 1046 303; x_wconf 85' lang='lat' dir='ltr'>Demetrius</span> <span class='ocrx_word' id='word_1_11' title='bbox 1078 265 1148 303; x_wconf 85' lang='lat' dir='ltr'>iste</span> <span class='ocrx_word' id='word_1_12' title='bbox 1178 279 1395 316; x_wconf 80' lang='lat' dir='ltr'>numquam</span> <span class='ocrx_word' id='word_1_13' title='bbox 1423 266 1586 304; x_wconf 81' lang='lat' dir='ltr'>omnino</span> <span class='ocrx_word' id='word_1_14' title='bbox 1607 276 1630 303; x_wconf 86' lang='lat'>2</span> 
     </span>
     <span class='ocr_line' id='line_1_3' title="bbox 264 330 1587 382; baseline -0.002 -13"><span class='ocrx_word' id='word_1_15' title='bbox 264 332 474 369; x_wconf 77' lang='lat' dir='ltr'>Phalereus</span> <span class='ocrx_word' id='word_1_16' title='bbox 500 330 570 369; x_wconf 89' lang='lat' dir='ltr'>fuit</span> <span class='ocrx_word' id='word_1_17' title='bbox 591 331 660 369; x_wconf 87' lang='lat' dir='ltr'>sed</span> <span class='ocrx_word' id='word_1_18' title='bbox 688 343 793 368; x_wconf 91' lang='lat' dir='ltr'>nune</span> <span class='ocrx_word' id='word_1_19' title='bbox 821 332 937 380; x_wconf 91' lang='lat' dir='ltr'>plane</span> <span class='ocrx_word' id='word_1_20' title='bbox 961 331 1149 369; x_wconf 79' lang='lat' dir='ltr'>Billienus</span> <span class='ocrx_word' id='word_1_21' title='bbox 1177 340 1243 370; x_wconf 88' lang='lat' dir='ltr'>est.</span> <span class='ocrx_word' id='word_1_22' title='bbox 1307 334 1445 382; x_wconf 77' lang='lat' dir='ltr'>Itaque</span> <span class='ocrx_word' id='word_1_23' title='bbox 1471 340 1508 370; x_wconf 80' lang='lat' dir='ltr'>te</span> <span class='ocrx_word' id='word_1_24' title='bbox 1534 333 1587 369; x_wconf 80' lang='lat' dir='ltr'>do</span> 
     </span>
     <span class='ocr_line' id='line_1_4' title="bbox 261 396 1586 445; baseline 0 -11"><span class='ocrx_word' id='word_1_25' title='bbox 261 396 446 435; x_wconf 81' lang='lat' dir='ltr'>vicarium</span> <span class='ocrx_word' id='word_1_26' title='bbox 465 411 474 445; x_wconf 80' lang='lat'><em>3</em></span> <span class='ocrx_word' id='word_1_27' title='bbox 504 404 545 435; x_wconf 89' lang='lat' dir='ltr'>tu</span> <span class='ocrx_word' id='word_1_28' title='bbox 573 410 662 435; x_wconf 89' lang='lat' dir='ltr'>eum</span> <span class='ocrx_word' id='word_1_29' title='bbox 688 396 925 434; x_wconf 75' lang='lat' dir='ltr'>observabis.</span> <span class='ocrx_word' id='word_1_30' title='bbox 988 397 1261 436; x_wconf 78' lang='lat' dir='ltr'>Etsi—verum</span> <span class='ocrx_word' id='word_1_31' title='bbox 1290 406 1420 436; x_wconf 83' lang='lat' dir='ltr'>tamen</span> <span class='ocrx_word' id='word_1_32' title='bbox 1443 399 1492 436; x_wconf 85' lang='lat' dir='ltr'>de</span> <span class='ocrx_word' id='word_1_33' title='bbox 1514 397 1586 434; x_wconf 83' lang='lat' dir='ltr'>illis</span> 
     </span>
     <span class='ocr_line' id='line_1_5' title="bbox 259 461 1585 512; baseline 0 -12"><span class='ocrx_word' id='word_1_34' title='bbox 259 462 417 501; x_wconf 78' lang='lat' dir='ltr'>—nosti</span> <span class='ocrx_word' id='word_1_35' title='bbox 448 469 585 501; x_wconf 87' lang='lat' dir='ltr'>cetera.</span> <span class='ocrx_word' id='word_1_36' title='bbox 659 462 736 500; x_wconf 88' lang='lat' dir='ltr'>Sed</span> <span class='ocrx_word' id='word_1_37' title='bbox 776 470 908 500; x_wconf 89' lang='lat' dir='ltr'>tamen</span> <span class='ocrx_word' id='word_1_38' title='bbox 942 461 974 500; x_wconf 84' lang='lat' dir='ltr'>si</span> <span class='ocrx_word' id='word_1_39' title='bbox 1008 476 1126 512; x_wconf 86' lang='lat' dir='ltr'>quem</span> <span class='ocrx_word' id='word_1_40' title='bbox 1159 477 1247 501; x_wconf 86' lang='lat' dir='ltr'>eum</span> <span class='ocrx_word' id='word_1_41' title='bbox 1284 478 1331 501; x_wconf 86' lang='lat' dir='ltr'>eo</span> <span class='ocrx_word' id='word_1_42' title='bbox 1365 476 1585 502; x_wconf 86' lang='lat' dir='ltr'>sermonem</span> 
     </span>
     <span class='ocr_line' id='line_1_6' title="bbox 222 527 1588 579; baseline 0 -13"><span class='ocrx_word' id='word_1_43' title='bbox 222 540 238 572; x_wconf 86' lang='lat'>5</span> <span class='ocrx_word' id='word_1_44' title='bbox 260 527 442 566; x_wconf 78' lang='lat' dir='ltr'>habueris</span> <span class='ocrx_word' id='word_1_45' title='bbox 471 527 616 566; x_wconf 82' lang='lat' dir='ltr'>scribes</span> <span class='ocrx_word' id='word_1_46' title='bbox 645 529 696 566; x_wconf 88' lang='lat' dir='ltr'>ad</span> <span class='ocrx_word' id='word_1_47' title='bbox 727 541 800 574; x_wconf 90' lang='lat' dir='ltr'>me,</span> <span class='ocrx_word' id='word_1_48' title='bbox 837 535 879 566; x_wconf 86' lang='lat' dir='ltr'>ut</span> <span class='ocrx_word' id='word_1_49' title='bbox 914 527 1009 565; x_wconf 88' lang='lat' dir='ltr'>mihi</span> <span class='ocrx_word' id='word_1_50' title='bbox 1045 537 1226 567; x_wconf 83' lang='lat' dir='ltr'>nascatur</span> <span class='ocrx_word' id='word_1_51' title='bbox 1259 529 1447 579; x_wconf 71' lang='lat' dir='ltr'>epistulae</span> <span class='ocrx_word' id='word_1_52' title='bbox 1481 542 1588 579; x_wconf 83' lang='lat' dir='ltr'>argu-</span> 
     </span>
     <span class='ocr_line' id='line_1_7' title="bbox 260 593 1584 644; baseline 0.001 -13"><span class='ocrx_word' id='word_1_53' title='bbox 260 601 437 632; x_wconf 80' lang='lat' dir='ltr'>mentum</span> <span class='ocrx_word' id='word_1_54' title='bbox 462 601 499 631; x_wconf 85' lang='lat' dir='ltr'>et</span> <span class='ocrx_word' id='word_1_55' title='bbox 524 601 565 631; x_wconf 86' lang='lat' dir='ltr'>ut</span> <span class='ocrx_word' id='word_1_56' title='bbox 590 601 675 631; x_wconf 88' lang='lat' dir='ltr'>tuas</span> <span class='ocrx_word' id='word_1_57' title='bbox 697 606 815 643; x_wconf 87' lang='lat' dir='ltr'>quam</span> <span class='ocrx_word' id='word_1_58' title='bbox 837 593 1083 644; x_wconf 83' lang='lat' dir='ltr'>longissimas</span> <span class='ocrx_word' id='word_1_59' title='bbox 1108 593 1252 632; x_wconf 78' lang='lat' dir='ltr'>litteras</span> <span class='ocrx_word' id='word_1_60' title='bbox 1274 596 1408 644; x_wconf 80' lang='lat' dir='ltr'>legam.</span> <span class='ocrx_word' id='word_1_61' title='bbox 1470 595 1584 641; x_wconf 86' lang='lat' dir='ltr'>Cura,</span> 
     </span>
     <span class='ocr_line' id='line_1_8' title="bbox 260 658 1583 710; baseline 0.002 -14"><span class='ocrx_word' id='word_1_62' title='bbox 260 659 311 697; x_wconf 91' lang='lat' dir='ltr'>mi</span> <span class='ocrx_word' id='word_1_63' title='bbox 326 658 429 705; x_wconf 83' lang='lat' dir='ltr'>Tiro,</span> <span class='ocrx_word' id='word_1_64' title='bbox 447 666 487 697; x_wconf 90' lang='lat' dir='ltr'>ut</span> <span class='ocrx_word' id='word_1_65' title='bbox 504 660 655 707; x_wconf 79' lang='lat' dir='ltr'>valeas;</span> <span class='ocrx_word' id='word_1_66' title='bbox 681 659 756 697; x_wconf 91' lang='lat' dir='ltr'>hoc</span> <span class='ocrx_word' id='word_1_67' title='bbox 771 658 916 708; x_wconf 76' lang='lat' dir='ltr'>gratius</span> <span class='ocrx_word' id='word_1_68' title='bbox 933 658 1028 696; x_wconf 90' lang='lat' dir='ltr'>mihi</span> <span class='ocrx_word' id='word_1_69' title='bbox 1047 660 1171 698; x_wconf 85' lang='lat' dir='ltr'>facere</span> <span class='ocrx_word' id='word_1_70' title='bbox 1193 659 1287 697; x_wconf 88' lang='lat' dir='ltr'>nihil</span> <span class='ocrx_word' id='word_1_71' title='bbox 1310 667 1430 710; x_wconf 82' lang='lat' dir='ltr'>potes.</span> <span class='ocrx_word' id='word_1_72' title='bbox 1476 661 1583 698; x_wconf 75' lang='lat' dir='ltr'>Vale.</span> 
     </span>
    </p>
   </div>
   <div class='ocr_carea' id='block_1_3' title="bbox 301 799 1298 912">
    <p class='ocr_par' dir='ltr' id='par_1_3' title="bbox 301 799 1298 912">
     <span class='ocr_line' id='line_1_9' title="bbox 301 799 1298 842; baseline 0 -8"><span class='ocrx_word' id='word_1_73' title='bbox 301 799 459 834; x_wconf 83' lang='lat' dir='ltr'>XXIII</span> <span class='ocrx_word' id='word_1_74' title='bbox 534 801 604 833; x_wconf 61' lang='grc' dir='ltr'>ΞΝ.</span> <span class='ocrx_word' id='word_1_75' title='bbox 625 803 657 832; x_wconf 73' lang='lat' dir='ltr'>l&#39;il</span> <span class='ocrx_word' id='word_1_76' title='bbox 683 801 868 832; x_wconf 68' lang='lat' dir='ltr'>Tusculano</span> <span class='ocrx_word' id='word_1_77' title='bbox 886 813 904 832; x_wconf 71' lang='lat' dir='ltr'><em>v</em></span> <span class='ocrx_word' id='word_1_78' title='bbox 921 802 963 833; x_wconf 82' lang='lat' dir='ltr'>K.</span> <span class='ocrx_word' id='word_1_79' title='bbox 986 802 1061 833; x_wconf 75' lang='lat' dir='ltr'>Iun.</span> <span class='ocrx_word' id='word_1_80' title='bbox 1084 814 1114 834; x_wconf 81' lang='lat' dir='ltr'>rr.</span> <span class='ocrx_word' id='word_1_81' title='bbox 1139 813 1195 842; x_wconf 81' lang='lat'>710</span> <span class='ocrx_word' id='word_1_82' title='bbox 1217 802 1298 842; x_wconf 48' lang='lat' dir='ltr'>&#39;44ss</span> 
     </span>
     <span class='ocr_line' id='line_1_10' title="bbox 704 880 1130 912; baseline 0.002 -2"><span class='ocrx_word' id='word_1_83' title='bbox 704 880 878 911; x_wconf 68' lang='lat' dir='ltr'>CICERO</span> <span class='ocrx_word' id='word_1_84' title='bbox 904 881 1068 911; x_wconf 79' lang='lat' dir='ltr'>TIRONI</span> <span class='ocrx_word' id='word_1_85' title='bbox 1097 881 1130 912; x_wconf 64' lang='lat' dir='ltr'>S.</span> 
     </span>
    </p>
   </div>
   <div class='ocr_carea' id='block_1_4' title="bbox 195 959 1624 1851">
    <p class='ocr_par' dir='ltr' id='par_1_4' title="bbox 200 959 1624 1271">
     <span class='ocr_line' id='line_1_11' title="bbox 200 959 1621 1010; baseline -0.001 -14"><span class='ocrx_word' id='word_1_86' title='bbox 200 974 238 996; x_wconf 73' lang='grc' dir='ltr'>ιο</span> <span class='ocrx_word' id='word_1_87' title='bbox 311 960 373 996; x_wconf 88' lang='lat' dir='ltr'>Tu</span> <span class='ocrx_word' id='word_1_88' title='bbox 394 972 485 997; x_wconf 77' lang='lat' dir='ltr'>vero</span> <span class='ocrx_word' id='word_1_89' title='bbox 506 960 658 997; x_wconf 88' lang='lat' dir='ltr'>confice</span> <span class='ocrx_word' id='word_1_90' title='bbox 679 959 974 1009; x_wconf 71' lang='lat' dir='ltr'>professionem,</span> <span class='ocrx_word' id='word_1_91' title='bbox 995 960 1023 996; x_wconf 85' lang='lat' dir='ltr'>si</span> <span class='ocrx_word' id='word_1_92' title='bbox 1048 967 1158 1010; x_wconf 87' lang='lat' dir='ltr'>potes</span> <span class='ocrx_word' id='word_1_93' title='bbox 1176 974 1184 1006; x_wconf 86' lang='lat'>;</span> <span class='ocrx_word' id='word_1_94' title='bbox 1211 959 1281 998; x_wconf 84' lang='lat' dir='ltr'>etsi</span> <span class='ocrx_word' id='word_1_95' title='bbox 1303 960 1399 998; x_wconf 86' lang='lat' dir='ltr'>haec</span> <span class='ocrx_word' id='word_1_96' title='bbox 1421 959 1586 1010; x_wconf 85' lang='lat' dir='ltr'>pecunia</span> <span class='ocrx_word' id='word_1_97' title='bbox 1606 969 1621 995; x_wconf 94' lang='lat'>1</span> 
     </span>
     <span class='ocr_line' id='line_1_12' title="bbox 255 1024 1583 1074; baseline 0.001 -13"><span class='ocrx_word' id='word_1_98' title='bbox 255 1037 301 1061; x_wconf 80' lang='lat' dir='ltr'>ex</span> <span class='ocrx_word' id='word_1_99' title='bbox 318 1037 364 1061; x_wconf 90' lang='lat' dir='ltr'>eo</span> <span class='ocrx_word' id='word_1_100' title='bbox 385 1037 526 1073; x_wconf 83' lang='lat' dir='ltr'>genere</span> <span class='ocrx_word' id='word_1_101' title='bbox 547 1033 615 1071; x_wconf 86' lang='lat' dir='ltr'>est,</span> <span class='ocrx_word' id='word_1_102' title='bbox 636 1032 676 1062; x_wconf 90' lang='lat' dir='ltr'>ut</span> <span class='ocrx_word' id='word_1_103' title='bbox 698 1024 940 1074; x_wconf 80' lang='lat' dir='ltr'>professione</span> <span class='ocrx_word' id='word_1_104' title='bbox 957 1038 1036 1062; x_wconf 94' lang='lat' dir='ltr'>non</span> <span class='ocrx_word' id='word_1_105' title='bbox 1059 1033 1179 1074; x_wconf 78' lang='lat' dir='ltr'>egeat.</span> <span class='ocrx_word' id='word_1_106' title='bbox 1224 1027 1369 1063; x_wconf 76' lang='lat' dir='ltr'>Verum</span> <span class='ocrx_word' id='word_1_107' title='bbox 1388 1032 1583 1069; x_wconf 85' lang='lat' dir='ltr'>tamen—.</span> 
     </span>
     <span class='ocr_line' id='line_1_13' title="bbox 256 1089 1584 1141; baseline 0.002 -15"><span class='ocrx_word' id='word_1_108' title='bbox 256 1089 402 1127; x_wconf 89' lang='lat' dir='ltr'>Balbus</span> <span class='ocrx_word' id='word_1_109' title='bbox 423 1091 474 1127; x_wconf 86' lang='lat' dir='ltr'>ad</span> <span class='ocrx_word' id='word_1_110' title='bbox 502 1103 565 1127; x_wconf 87' lang='lat' dir='ltr'>me</span> <span class='ocrx_word' id='word_1_111' title='bbox 594 1089 744 1140; x_wconf 82' lang='lat' dir='ltr'>scripsit</span> <span class='ocrx_word' id='word_1_112' title='bbox 773 1098 879 1128; x_wconf 84' lang='lat' dir='ltr'>tanta</span> <span class='ocrx_word' id='word_1_113' title='bbox 904 1104 945 1128; x_wconf 91' lang='lat' dir='ltr'>se</span> <span class='ocrx_word' id='word_1_114' title='bbox 970 1093 1131 1141; x_wconf 77' lang='grc' dir='ltr'>ἐπιφορᾲ</span> <span class='ocrx_word' id='word_1_115' title='bbox 1151 1104 1392 1141; x_wconf 89' lang='lat' dir='ltr'>oppressum,</span> <span class='ocrx_word' id='word_1_116' title='bbox 1416 1098 1457 1129; x_wconf 89' lang='lat' dir='ltr'>ut</span> <span class='ocrx_word' id='word_1_117' title='bbox 1478 1091 1584 1140; x_wconf 83' lang='lat' dir='ltr'>loqui</span> 
     </span>
     <span class='ocr_line' id='line_1_14' title="bbox 255 1154 1583 1206; baseline 0.002 -15"><span class='ocrx_word' id='word_1_118' title='bbox 255 1167 334 1192; x_wconf 88' lang='lat' dir='ltr'>non</span> <span class='ocrx_word' id='word_1_119' title='bbox 368 1154 501 1204; x_wconf 83' lang='lat' dir='ltr'>possit.</span> <span class='ocrx_word' id='word_1_120' title='bbox 563 1155 760 1193; x_wconf 81' lang='lat' dir='ltr'>Antonius</span> <span class='ocrx_word' id='word_1_121' title='bbox 796 1157 845 1194; x_wconf 86' lang='lat' dir='ltr'>de</span> <span class='ocrx_word' id='word_1_122' title='bbox 879 1157 961 1205; x_wconf 80' lang='lat' dir='ltr'>lege</span> <span class='ocrx_word' id='word_1_123' title='bbox 996 1158 1104 1206; x_wconf 78' lang='lat' dir='ltr'>quod</span> <span class='ocrx_word' id='word_1_124' title='bbox 1140 1156 1428 1205; x_wconf 78' lang='lat' dir='ltr'>egerit—liceat</span> <span class='ocrx_word' id='word_1_125' title='bbox 1464 1157 1583 1194; x_wconf 87' lang='lat' dir='ltr'>modo</span> 
     </span>
     <span class='ocr_line' id='line_1_15' title="bbox 255 1219 1624 1271; baseline 0.002 -14"><span class='ocrx_word' id='word_1_126' title='bbox 255 1219 439 1258; x_wconf 71' lang='lat' dir='ltr'>rusticari.</span> <span class='ocrx_word' id='word_1_127' title='bbox 500 1221 564 1258; x_wconf 74' lang='lat' dir='ltr'>Ad</span> <span class='ocrx_word' id='word_1_128' title='bbox 594 1221 844 1271; x_wconf 71' lang='lat' dir='ltr'>Bithynicum</span> <span class='ocrx_word' id='word_1_129' title='bbox 876 1221 1020 1271; x_wconf 82' lang='lat' dir='ltr'>scripsi.</span> <span class='ocrx_word' id='word_1_130' title='bbox 1085 1224 1144 1259; x_wconf 86' lang='lat' dir='ltr'>De</span> <span class='ocrx_word' id='word_1_131' title='bbox 1175 1222 1335 1260; x_wconf 77' lang='lat' dir='ltr'>Servilio</span> <span class='ocrx_word' id='word_1_132' title='bbox 1363 1230 1404 1260; x_wconf 89' lang='lat' dir='ltr'>tu</span> <span class='ocrx_word' id='word_1_133' title='bbox 1429 1221 1579 1267; x_wconf 82' lang='lat' dir='ltr'>videris,</span> <span class='ocrx_word' id='word_1_134' title='bbox 1601 1233 1624 1260; x_wconf 85' lang='lat'><strong>2</strong></span> 
     </span>
    </p>

    <p class='ocr_par' dir='ltr' id='par_1_5' title="bbox 197 1285 1584 1590">
     <span class='ocr_line' id='line_1_16' title="bbox 197 1285 1583 1337; baseline 0.002 -15"><span class='ocrx_word' id='word_1_135' title='bbox 197 1299 232 1332; x_wconf 78' lang='lat'>15</span> <span class='ocrx_word' id='word_1_136' title='bbox 254 1285 320 1335; x_wconf 88' lang='lat' dir='ltr'>qui</span> <span class='ocrx_word' id='word_1_137' title='bbox 352 1294 593 1324; x_wconf 89' lang='lat' dir='ltr'>senectutem</span> <span class='ocrx_word' id='word_1_138' title='bbox 626 1301 706 1325; x_wconf 87' lang='lat' dir='ltr'>non</span> <span class='ocrx_word' id='word_1_139' title='bbox 735 1287 966 1325; x_wconf 85' lang='lat' dir='ltr'>contemnis.</span> <span class='ocrx_word' id='word_1_140' title='bbox 1028 1287 1110 1325; x_wconf 86' lang='lat' dir='ltr'>Etsi</span> <span class='ocrx_word' id='word_1_141' title='bbox 1139 1287 1293 1325; x_wconf 70' lang='lat' dir='ltr'>Atticus</span> <span class='ocrx_word' id='word_1_142' title='bbox 1324 1295 1465 1334; x_wconf 87' lang='lat' dir='ltr'>noster,</span> <span class='ocrx_word' id='word_1_143' title='bbox 1492 1287 1583 1337; x_wconf 83' lang='lat' dir='ltr'>quia</span> 
     </span>
     <span class='ocr_line' id='line_1_17' title="bbox 254 1352 1584 1402; baseline 0.001 -14"><span class='ocrx_word' id='word_1_144' title='bbox 254 1352 456 1401; x_wconf 85' lang='lat' dir='ltr'>quondam</span> <span class='ocrx_word' id='word_1_145' title='bbox 491 1366 553 1390; x_wconf 88' lang='lat' dir='ltr'>me</span> <span class='ocrx_word' id='word_1_146' title='bbox 588 1353 827 1391; x_wconf 86' lang='lat' dir='ltr'>commoveri</span> <span class='ocrx_word' id='word_1_147' title='bbox 859 1354 1024 1393; x_wconf 63' lang='grc' dir='ltr'>παινικοῖς</span> <span class='ocrx_word' id='word_1_148' title='bbox 1057 1352 1257 1399; x_wconf 79' lang='lat' dir='ltr'>intellexit,</span> <span class='ocrx_word' id='word_1_149' title='bbox 1294 1352 1398 1390; x_wconf 88' lang='lat' dir='ltr'>idem</span> <span class='ocrx_word' id='word_1_150' title='bbox 1431 1365 1584 1402; x_wconf 86' lang='lat' dir='ltr'>semper</span> 
     </span>
     <span class='ocr_line' id='line_1_18' title="bbox 255 1417 1583 1470; baseline 0.001 -16"><span class='ocrx_word' id='word_1_151' title='bbox 255 1426 365 1466; x_wconf 84' lang='lat' dir='ltr'>putat</span> <span class='ocrx_word' id='word_1_152' title='bbox 392 1432 464 1456; x_wconf 90' lang='lat' dir='ltr'>nec</span> <span class='ocrx_word' id='word_1_153' title='bbox 486 1419 590 1457; x_wconf 75' lang='lat' dir='ltr'>videt</span> <span class='ocrx_word' id='word_1_154' title='bbox 613 1419 757 1469; x_wconf 86' lang='lat' dir='ltr'>quibus</span> <span class='ocrx_word' id='word_1_155' title='bbox 778 1419 980 1470; x_wconf 82' lang='lat' dir='ltr'>praesidiis</span> <span class='ocrx_word' id='word_1_156' title='bbox 1002 1418 1276 1469; x_wconf 75' lang='lat' dir='ltr'>philosophiae</span> <span class='ocrx_word' id='word_1_157' title='bbox 1297 1426 1453 1468; x_wconf 87' lang='lat' dir='ltr'>saeptus</span> <span class='ocrx_word' id='word_1_158' title='bbox 1484 1417 1554 1455; x_wconf 89' lang='lat' dir='ltr'>sim</span> <span class='ocrx_word' id='word_1_159' title='bbox 1577 1433 1583 1462; x_wconf 91' lang='lat'>;</span> 
     </span>
     <span class='ocr_line' id='line_1_19' title="bbox 254 1485 1581 1535; baseline 0.001 -15"><span class='ocrx_word' id='word_1_160' title='bbox 254 1490 291 1520; x_wconf 89' lang='lat' dir='ltr'>et</span> <span class='ocrx_word' id='word_1_161' title='bbox 322 1485 461 1531; x_wconf 85' lang='lat' dir='ltr'>hercle,</span> <span class='ocrx_word' id='word_1_162' title='bbox 486 1487 593 1535; x_wconf 85' lang='lat' dir='ltr'>quod</span> <span class='ocrx_word' id='word_1_163' title='bbox 625 1485 784 1524; x_wconf 82' lang='lat' dir='ltr'>timidus</span> <span class='ocrx_word' id='word_1_164' title='bbox 816 1485 898 1535; x_wconf 85' lang='lat' dir='ltr'>ipse</span> <span class='ocrx_word' id='word_1_165' title='bbox 929 1493 996 1532; x_wconf 84' lang='lat' dir='ltr'>est,</span> <span class='ocrx_word' id='word_1_166' title='bbox 1028 1486 1275 1535; x_wconf 75' lang='grc' dir='ltr'>θορυβοποιεΐ.</span> <span class='ocrx_word' id='word_1_167' title='bbox 1336 1486 1420 1534; x_wconf 82' lang='lat' dir='ltr'>Ego</span> <span class='ocrx_word' id='word_1_168' title='bbox 1450 1492 1581 1521; x_wconf 88' lang='lat' dir='ltr'>tamen</span> 
     </span>
     <span class='ocr_line' id='line_1_20' title="bbox 253 1549 1582 1590; baseline 0.001 -5"><span class='ocrx_word' id='word_1_169' title='bbox 253 1550 403 1588; x_wconf 73' lang='lat' dir='ltr'>Antoni</span> <span class='ocrx_word' id='word_1_170' title='bbox 434 1550 686 1589; x_wconf 75' lang='lat' dir='ltr'>inveteratam</span> <span class='ocrx_word' id='word_1_171' title='bbox 717 1551 800 1590; x_wconf 84' lang='lat' dir='ltr'>sine</span> <span class='ocrx_word' id='word_1_172' title='bbox 831 1552 908 1588; x_wconf 90' lang='lat' dir='ltr'>ulla</span> <span class='ocrx_word' id='word_1_173' title='bbox 938 1550 1155 1589; x_wconf 84' lang='lat' dir='ltr'>ofsensione</span> <span class='ocrx_word' id='word_1_174' title='bbox 1181 1549 1393 1588; x_wconf 80' lang='lat' dir='ltr'>amicitiam</span> <span class='ocrx_word' id='word_1_175' title='bbox 1419 1549 1582 1587; x_wconf 90' lang='lat' dir='ltr'>retinere</span> 
     </span>
    </p>

    <p class='ocr_par' dir='ltr' id='par_1_6' title="bbox 195 1616 1582 1851">
     <span class='ocr_line' id='line_1_21' title="bbox 195 1616 1582 1666; baseline 0.001 -15"><span class='ocrx_word' id='word_1_176' title='bbox 195 1627 234 1650; x_wconf 87' lang='lat'>20</span> <span class='ocrx_word' id='word_1_177' title='bbox 254 1627 347 1653; x_wconf 88' lang='lat' dir='ltr'>sane</span> <span class='ocrx_word' id='word_1_178' title='bbox 382 1617 472 1654; x_wconf 82' lang='lat' dir='ltr'>volo</span> <span class='ocrx_word' id='word_1_179' title='bbox 511 1616 758 1666; x_wconf 81' lang='lat' dir='ltr'>scribamque</span> <span class='ocrx_word' id='word_1_180' title='bbox 797 1618 847 1655; x_wconf 86' lang='lat' dir='ltr'>ad</span> <span class='ocrx_word' id='word_1_181' title='bbox 887 1630 988 1663; x_wconf 90' lang='lat' dir='ltr'>eum,</span> <span class='ocrx_word' id='word_1_182' title='bbox 1030 1618 1099 1654; x_wconf 86' lang='lat' dir='ltr'>sed</span> <span class='ocrx_word' id='word_1_183' title='bbox 1139 1629 1218 1654; x_wconf 90' lang='lat' dir='ltr'>non</span> <span class='ocrx_word' id='word_1_184' title='bbox 1257 1623 1348 1654; x_wconf 84' lang='lat' dir='ltr'>ante</span> <span class='ocrx_word' id='word_1_185' title='bbox 1387 1628 1505 1665; x_wconf 80' lang='lat' dir='ltr'>quam</span> <span class='ocrx_word' id='word_1_186' title='bbox 1545 1623 1582 1653; x_wconf 91' lang='lat' dir='ltr'>te</span> 
     </span>
     <span class='ocr_line' id='line_1_22' title="bbox 254 1680 1578 1733; baseline 0.001 -16"><span class='ocrx_word' id='word_1_187' title='bbox 254 1680 398 1718; x_wconf 77' lang='lat' dir='ltr'>videro.</span> <span class='ocrx_word' id='word_1_188' title='bbox 460 1682 545 1720; x_wconf 90' lang='lat' dir='ltr'>Nec</span> <span class='ocrx_word' id='word_1_189' title='bbox 580 1690 710 1720; x_wconf 83' lang='lat' dir='ltr'>tamen</span> <span class='ocrx_word' id='word_1_190' title='bbox 744 1690 781 1720; x_wconf 91' lang='lat' dir='ltr'>te</span> <span class='ocrx_word' id='word_1_191' title='bbox 815 1695 939 1720; x_wconf 82' lang='lat' dir='ltr'>avoco</span> <span class='ocrx_word' id='word_1_192' title='bbox 973 1695 995 1719; x_wconf 94' lang='lat' dir='ltr'>a</span> <span class='ocrx_word' id='word_1_193' title='bbox 1027 1682 1270 1731; x_wconf 77' lang='lat' dir='ltr'>syngrapha:</span> <span class='ocrx_word' id='word_1_194' title='bbox 1312 1682 1400 1733; x_wconf 72' lang='grc' dir='ltr'>γόνυ</span> <span class='ocrx_word' id='word_1_195' title='bbox 1432 1682 1578 1730; x_wconf 80' lang='grc' dir='ltr'>κνήμης.</span> 
     </span>
     <span class='ocr_line' id='line_1_23' title="bbox 255 1745 1580 1797; baseline 0 -13"><span class='ocrx_word' id='word_1_196' title='bbox 255 1746 349 1784; x_wconf 86' lang='lat' dir='ltr'>Cras</span> <span class='ocrx_word' id='word_1_197' title='bbox 371 1755 554 1796; x_wconf 83' lang='lat' dir='ltr'>exspecto</span> <span class='ocrx_word' id='word_1_198' title='bbox 576 1749 741 1797; x_wconf 85' lang='lat' dir='ltr'>Leptam</span> <span class='ocrx_word' id='word_1_199' title='bbox 764 1755 801 1785; x_wconf 87' lang='lat' dir='ltr'>et</span> <span class='ocrx_word' id='word_1_200' title='bbox 824 1750 883 1786; x_wconf 82' lang='lat' dir='ltr'>†n.</span> <span class='ocrx_word' id='word_1_201' title='bbox 907 1748 958 1785; x_wconf 87' lang='lat' dir='ltr'>ad</span> <span class='ocrx_word' id='word_1_202' title='bbox 979 1746 1088 1784; x_wconf 88' lang='lat' dir='ltr'>cuius</span> <span class='ocrx_word' id='word_1_203' title='bbox 1111 1754 1235 1784; x_wconf 83' lang='lat' dir='ltr'>rutam</span> <span class='ocrx_word' id='word_1_204' title='bbox 1258 1745 1389 1795; x_wconf 89' lang='lat' dir='ltr'>puleio</span> <span class='ocrx_word' id='word_1_205' title='bbox 1411 1745 1505 1784; x_wconf 91' lang='lat' dir='ltr'>mihi</span> <span class='ocrx_word' id='word_1_206' title='bbox 1526 1746 1580 1784; x_wconf 86' lang='lat' dir='ltr'>tui</span> 
     </span>
     <span class='ocr_line' id='line_1_24' title="bbox 252 1810 913 1851; baseline 0.003 -3"><span class='ocrx_word' id='word_1_207' title='bbox 252 1810 442 1849; x_wconf 80' lang='lat' dir='ltr'>sermonis</span> <span class='ocrx_word' id='word_1_208' title='bbox 464 1813 656 1851; x_wconf 89' lang='lat' dir='ltr'>utendum</span> <span class='ocrx_word' id='word_1_209' title='bbox 678 1820 744 1850; x_wconf 80' lang='lat' dir='ltr'>est.</span> <span class='ocrx_word' id='word_1_210' title='bbox 805 1813 913 1850; x_wconf 64' lang='lat' dir='ltr'>Vale.</span> 
     </span>
    </p>
   </div>
   <div class='ocr_carea' id='block_1_5' title="bbox 193 1946 1531 2063">
    <p class='ocr_par' dir='ltr' id='par_1_7' title="bbox 193 1946 1531 2063">
     <span class='ocr_line' id='line_1_25' title="bbox 296 1946 1531 1993; baseline 0.002 -13"><span class='ocrx_word' id='word_1_211' title='bbox 296 1946 448 1981; x_wconf 87' lang='lat' dir='ltr'><strong>XXIV</strong></span> <span class='ocrx_word' id='word_1_212' title='bbox 495 1950 562 1982; x_wconf 55' lang='grc' dir='ltr'>δυ’.</span> <span class='ocrx_word' id='word_1_213' title='bbox 580 1952 613 1981; x_wconf 83' lang='grc' dir='ltr'><em>ιή</em></span> <span class='ocrx_word' id='word_1_214' title='bbox 630 1951 791 1992; x_wconf 65' lang='lat' dir='ltr'>Azfit&#39;nalt&#39;</span> <span class='ocrx_word' id='word_1_215' title='bbox 800 1952 903 1992; x_wconf 79' lang='lat' dir='ltr'>paulo</span> <span class='ocrx_word' id='word_1_216' title='bbox 916 1956 989 1993; x_wconf 81' lang='lat' dir='ltr'>post</span> <span class='ocrx_word' id='word_1_217' title='bbox 1005 1962 1034 1983; x_wconf 83' lang='lat' dir='ltr'>a.</span> <span class='ocrx_word' id='word_1_218' title='bbox 1054 1951 1083 1983; x_wconf 80' lang='lat' dir='ltr'>d.</span> <span class='ocrx_word' id='word_1_219' title='bbox 1106 1953 1142 1982; x_wconf 79' lang='lat'>1&#39;1&#39;1&#39;</span> <span class='ocrx_word' id='word_1_220' title='bbox 1157 1951 1204 1983; x_wconf 79' lang='lat' dir='ltr'>Jd.</span> <span class='ocrx_word' id='word_1_221' title='bbox 1223 1950 1304 1983; x_wconf 60' lang='lat' dir='ltr'>Now.</span> <span class='ocrx_word' id='word_1_222' title='bbox 1322 1962 1353 1983; x_wconf 83' lang='lat' dir='ltr'>a.</span> <span class='ocrx_word' id='word_1_223' title='bbox 1371 1962 1428 1991; x_wconf 84' lang='lat'>710</span> <span class='ocrx_word' id='word_1_224' title='bbox 1446 1952 1531 1991; x_wconf 44' lang='lat'>¹²44&amp;</span> 
     </span>
     <span class='ocr_line' id='line_1_26' title="bbox 193 2029 1138 2063; baseline -0.003 0"><span class='ocrx_word' id='word_1_225' title='bbox 193 2031 231 2063; x_wconf 78' lang='lat'>25</span> <span class='ocrx_word' id='word_1_226' title='bbox 687 2029 884 2060; x_wconf 74' lang='lat' dir='ltr'>TVLLIVS</span> <span class='ocrx_word' id='word_1_227' title='bbox 909 2029 1075 2060; x_wconf 82' lang='lat' dir='ltr'>TIRONI</span> <span class='ocrx_word' id='word_1_228' title='bbox 1103 2029 1138 2060; x_wconf 78' lang='lat' dir='ltr'>S.</span> 
     </span>
    </p>
   </div>
   <div class='ocr_carea' id='block_1_6' title="bbox 250 2105 1614 2289">
    <p class='ocr_par' dir='ltr' id='par_1_8' title="bbox 250 2105 1614 2289">
     <span class='ocr_line' id='line_1_27' title="bbox 308 2105 1614 2157; baseline 0.002 -14"><span class='ocrx_word' id='word_1_229' title='bbox 308 2105 390 2143; x_wconf 84' lang='lat' dir='ltr'>Etsi</span> <span class='ocrx_word' id='word_1_230' title='bbox 421 2119 535 2145; x_wconf 88' lang='lat' dir='ltr'>mane</span> <span class='ocrx_word' id='word_1_231' title='bbox 559 2108 777 2157; x_wconf 86' lang='lat' dir='ltr'>Harpalum</span> <span class='ocrx_word' id='word_1_232' title='bbox 807 2107 999 2153; x_wconf 84' lang='lat' dir='ltr'>miseram,</span> <span class='ocrx_word' id='word_1_233' title='bbox 1024 2116 1154 2146; x_wconf 90' lang='lat' dir='ltr'>tamen</span> <span class='ocrx_word' id='word_1_234' title='bbox 1186 2121 1274 2145; x_wconf 89' lang='lat' dir='ltr'>cum</span> <span class='ocrx_word' id='word_1_235' title='bbox 1301 2107 1484 2146; x_wconf 84' lang='lat' dir='ltr'>haberem</span> <span class='ocrx_word' id='word_1_236' title='bbox 1514 2108 1576 2146; x_wconf 90' lang='lat' dir='ltr'>cui</span> <span class='ocrx_word' id='word_1_237' title='bbox 1597 2120 1614 2146; x_wconf 94' lang='lat'>1</span> 
     </span>
     <span class='ocr_line' id='line_1_28' title="bbox 250 2172 1575 2219; baseline 0.003 -11"><span class='ocrx_word' id='word_1_238' title='bbox 250 2179 353 2209; x_wconf 83' lang='lat' dir='ltr'>recte</span> <span class='ocrx_word' id='word_1_239' title='bbox 385 2172 519 2210; x_wconf 85' lang='lat' dir='ltr'>darem</span> <span class='ocrx_word' id='word_1_240' title='bbox 555 2172 709 2219; x_wconf 88' lang='lat' dir='ltr'>litteras,</span> <span class='ocrx_word' id='word_1_241' title='bbox 742 2172 812 2212; x_wconf 85' lang='lat' dir='ltr'>etsi</span> <span class='ocrx_word' id='word_1_242' title='bbox 844 2173 932 2211; x_wconf 72' lang='lat' dir='ltr'>novi</span> <span class='ocrx_word' id='word_1_243' title='bbox 965 2172 1059 2210; x_wconf 86' lang='lat' dir='ltr'>nihil</span> <span class='ocrx_word' id='word_1_244' title='bbox 1096 2182 1185 2219; x_wconf 87' lang='lat' dir='ltr'>erat,</span> <span class='ocrx_word' id='word_1_245' title='bbox 1220 2172 1345 2211; x_wconf 86' lang='lat' dir='ltr'>isdem</span> <span class='ocrx_word' id='word_1_246' title='bbox 1381 2174 1430 2211; x_wconf 91' lang='lat' dir='ltr'>de</span> <span class='ocrx_word' id='word_1_247' title='bbox 1461 2174 1575 2212; x_wconf 85' lang='lat' dir='ltr'>rebus</span> 
     </span>
     <span class='ocr_line' id='line_1_29' title="bbox 250 2236 1576 2289; baseline 0.003 -15"><span class='ocrx_word' id='word_1_248' title='bbox 250 2236 353 2274; x_wconf 74' lang='lat' dir='ltr'>volui</span> <span class='ocrx_word' id='word_1_249' title='bbox 375 2238 425 2275; x_wconf 87' lang='lat' dir='ltr'>ad</span> <span class='ocrx_word' id='word_1_250' title='bbox 446 2246 483 2275; x_wconf 90' lang='lat' dir='ltr'>te</span> <span class='ocrx_word' id='word_1_251' title='bbox 505 2238 658 2287; x_wconf 86' lang='lat' dir='ltr'>saepius</span> <span class='ocrx_word' id='word_1_252' title='bbox 681 2238 858 2285; x_wconf 83' lang='lat' dir='ltr'>scribere,</span> <span class='ocrx_word' id='word_1_253' title='bbox 878 2252 958 2276; x_wconf 89' lang='lat' dir='ltr'>non</span> <span class='ocrx_word' id='word_1_254' title='bbox 980 2238 1074 2288; x_wconf 83' lang='lat' dir='ltr'>quin</span> <span class='ocrx_word' id='word_1_255' title='bbox 1089 2240 1329 2277; x_wconf 80' lang='lat' dir='ltr'>confiderem</span> <span class='ocrx_word' id='word_1_256' title='bbox 1352 2239 1576 2289; x_wconf 72' lang='lat' dir='ltr'>diligentiae</span> 
     </span>
    </p>
   </div>
   <div class='ocr_carea' id='block_1_7' title="bbox 244 2322 1580 2494">
    <p class='ocr_par' dir='ltr' id='par_1_9' title="bbox 244 2322 1580 2494">
     <span class='ocr_line' id='line_1_30' title="bbox 296 2322 1571 2367; baseline 0.004 -14"><span class='ocrx_word' id='word_1_257' title='bbox 296 2333 333 2362; x_wconf 80' lang='lat'>13</span> <span class='ocrx_word' id='word_1_258' title='bbox 358 2329 472 2363; x_wconf 84' lang='lat' dir='ltr'>posset</span> <span class='ocrx_word' id='word_1_259' title='bbox 494 2322 682 2365; x_wconf 57' lang='lat' dir='ltr'>W&#39;fflmbmg</span> <span class='ocrx_word' id='word_1_260' title='bbox 817 2326 907 2364; x_wconf 87' lang='lat' dir='ltr'>quod</span> <span class='ocrx_word' id='word_1_261' title='bbox 925 2324 1254 2364; x_wconf 75' lang='lat' dir='ltr'>egerit—Lehmann</span> <span class='ocrx_word' id='word_1_262' title='bbox 1274 2325 1341 2367; x_wconf 76' lang='lat' dir='ltr'>(De</span> <span class='ocrx_word' id='word_1_263' title='bbox 1356 2331 1421 2367; x_wconf 73' lang='lat' dir='ltr'>epp.</span> <span class='ocrx_word' id='word_1_264' title='bbox 1439 2325 1486 2357; x_wconf 75' lang='grc' dir='ltr'>(ιη’</span> <span class='ocrx_word' id='word_1_265' title='bbox 1498 2326 1571 2358; x_wconf 82' lang='lat' dir='ltr'>Att.</span> 
     </span>
     <span class='ocr_line' id='line_1_31' title="bbox 251 2368 1576 2409; baseline 0.002 -12"><span class='ocrx_word' id='word_1_266' title='bbox 251 2378 363 2399; x_wconf 77' lang='lat' dir='ltr'>recens,</span> <span class='ocrx_word' id='word_1_267' title='bbox 385 2373 419 2408; x_wconf 79' lang='lat' dir='ltr'>p.</span> <span class='ocrx_word' id='word_1_268' title='bbox 446 2378 502 2407; x_wconf 78' lang='lat'>197</span> <span class='ocrx_word' id='word_1_269' title='bbox 535 2369 646 2409; x_wconf 51' lang='lat' dir='ltr'>gquid</span> <span class='ocrx_word' id='word_1_270' title='bbox 664 2368 772 2407; x_wconf 86' lang='lat' dir='ltr'>egerit</span> <span class='ocrx_word' id='word_1_271' title='bbox 789 2368 878 2400; x_wconf 83' lang='lat' dir='ltr'>codd.</span> <span class='ocrx_word' id='word_1_272' title='bbox 897 2381 902 2399; x_wconf 90' lang='lat'><strong>:</strong></span> <span class='ocrx_word' id='word_1_273' title='bbox 933 2369 1095 2408; x_wconf 82' lang='lat' dir='ltr'>quidlibet</span> <span class='ocrx_word' id='word_1_274' title='bbox 1114 2370 1222 2407; x_wconf 82' lang='lat' dir='ltr'>egerit</span> <span class='ocrx_word' id='word_1_275' title='bbox 1245 2368 1332 2400; x_wconf 68' lang='lat' dir='ltr'>Reid</span> <span class='ocrx_word' id='word_1_276' title='bbox 1437 2380 1473 2408; x_wconf 83' lang='lat'>15</span> <span class='ocrx_word' id='word_1_277' title='bbox 1498 2380 1576 2400; x_wconf 89' lang='lat' dir='ltr'>con-</span> 
     </span>
     <span class='ocr_line' id='line_1_32' title="bbox 249 2410 1580 2454; baseline 0.002 -13"><span class='ocrx_word' id='word_1_278' title='bbox 249 2411 373 2441; x_wconf 86' lang='lat' dir='ltr'>temnis</span> <span class='ocrx_word' id='word_1_279' title='bbox 390 2423 396 2442; x_wconf 91' lang='lat'><strong>:</strong></span> <span class='ocrx_word' id='word_1_280' title='bbox 420 2416 452 2441; x_wconf 77' lang='lat' dir='ltr'>at</span> <span class='ocrx_word' id='word_1_281' title='bbox 470 2422 533 2450; x_wconf 84' lang='lat' dir='ltr'>ego</span> <span class='ocrx_word' id='word_1_282' title='bbox 550 2417 748 2451; x_wconf 84' lang='lat' dir='ltr'>contemn0;</span> <span class='ocrx_word' id='word_1_283' title='bbox 774 2413 837 2442; x_wconf 84' lang='lat' dir='ltr'>etsi</span> <span class='ocrx_word' id='word_1_284' title='bbox 855 2412 983 2452; x_wconf 74' lang='lat' dir='ltr'>Kayser</span> <span class='ocrx_word' id='word_1_285' title='bbox 1000 2410 1191 2454; x_wconf 71' lang='lat' dir='ltr'>IVesenbctg</span> <span class='ocrx_word' id='word_1_286' title='bbox 1314 2423 1355 2443; x_wconf 84' lang='lat'>22</span> <span class='ocrx_word' id='word_1_287' title='bbox 1381 2413 1433 2454; x_wconf 55' lang='grc' dir='ltr'>τι]</span> <span class='ocrx_word' id='word_1_288' title='bbox 1452 2413 1580 2444; x_wconf 61' lang='grc' dir='ltr'>υίᾶείιιν</span> 
     </span>
     <span class='ocr_line' id='line_1_33' title="bbox 244 2454 657 2494; baseline 0.005 -10"><span class='ocrx_word' id='word_1_289' title='bbox 244 2454 363 2494; x_wconf 80' lang='lat' dir='ltr'>perisse</span> <span class='ocrx_word' id='word_1_290' title='bbox 378 2454 521 2485; x_wconf 76' lang='lat' dir='ltr'>hominis</span> <span class='ocrx_word' id='word_1_291' title='bbox 537 2465 657 2486; x_wconf 83' lang='lat' dir='ltr'>nomen</span> 
     </span>
    </p>
   </div>
  </div>
 </body>
</html>
