1791 2796
94 115 210 153 VIII.
233 125 294 153 xv
615 115 672 153 M.
705 116 873 153 TVLLI
906 95 1214 154 CICERONIS

247 227 418 266 nummis
434 227 606 278 acceptis
623 227 872 279 comprendit
889 235 927 267 et
944 226 1222 278 strangulavit:
1248 226 1383 265 civitas
1403 228 1454 266 ad
1475 240 1582 266 arrna

248 293 312 340 iit;
361 307 408 331 co
451 298 571 333 †num
617 294 845 332 cohortibus
890 294 985 332 mihi
1029 307 1098 344 per
1146 292 1245 331 nivis
1288 293 1465 332 eundum
1511 300 1578 332 est.

249 361 410 410 ‘Usque
441 361 621 410 quaque‚'
652 359 793 410 inquis,
830 363 891 398 ‘se
924 358 1089 397 Domitii
1120 360 1221 397 male
1253 359 1372 397 dant.'
1429 359 1583 397 Vellem

247 424 407 475 quidem
430 426 584 464 Venere
609 433 821 476 prognatus
851 433 1003 464 tantum
1031 425 1153 463 animi
1175 424 1375 463 habuisset
1396 423 1435 462 in
1456 431 1585 462 vestro

252 491 428 530 Domitio
453 499 645 542 quantum
677 491 852 530 Psecade
878 499 991 529 natus
1017 490 1056 529 in
1087 492 1163 529 hoc
1192 489 1341 529 habuit.
1402 488 1585 529 Ciceroni
1606 505 1622 536 5

249 557 271 594 f.
296 569 323 594 s.
346 558 383 595 d.

292 682 405 718 XVI
566 684 634 716 Ser.
656 684 799 716 Intimili
811 686 870 716 xvi
884 684 926 717 K.
949 684 1032 716 llslai.
1054 695 1083 716 a.
1107 694 1161 724 70)-
1180 683 1268 725 (49).

659 758 858 789 CAELIVS
884 757 1112 789 CICERONI
1140 756 1174 788 S.

213 845 231 872 1
307 830 562 870 Exanimatus
583 831 659 870 tuis
680 830 826 877 litteris,
851 830 994 881 quibus
1016 838 1053 869 te
1074 829 1171 867 nibil
1196 829 1270 867 nisi
1291 828 1398 867 triste
1417 827 1587 879 cogitare

251 897 458 936 ostendisti
497 910 627 948 neque
666 897 706 935 id
745 897 840 947 quid
880 904 981 935 esset
1025 894 1281 947 perscripsisti
1329 907 1459 944 neque
1506 906 1587 932 non
1610 906 1649 929 10

251 971 383 1002 tamen
414 963 529 1012 quale
554 970 656 1001 esset
685 963 794 1012 quod
822 962 1010 1012 cogitares
1040 959 1236 1011 aperuisti,
1260 961 1329 998 has
1356 960 1407 997 ad
1433 966 1471 997 te
1498 958 1589 996 ilico

251 1028 397 1067 litteras
429 1028 574 1078 scripsi.
647 1030 720 1067 Per
751 1029 926 1066 fortunas
956 1035 1053 1074 tuas,
1089 1026 1241 1073 Cicero,
1277 1039 1347 1076 per
1377 1025 1521 1064 liberos
1552 1031 1590 1062 te

250 1107 322 1134 oro
355 1101 395 1134 et
429 1095 595 1133 obsecro
625 1108 675 1132 ne
705 1093 801 1144 quid
830 1092 983 1144 gravius
1016 1094 1066 1131 de
1097 1093 1221 1130 salute
1252 1098 1291 1129 et
1320 1089 1591 1130 incolumitate

251 1167 319 1199 tua
339 1161 521 1199 consulas
540 1175 548 1207 3
579 1173 670 1197 nam
695 1159 791 1198 deos
817 1158 1081 1208 hominesque
1102 1156 1397 1206 amicitiamque
1417 1163 1591 1194 nostram

252 1225 439 1264 testificor
469 1239 532 1263 me
562 1224 633 1263 tibi
662 1223 900 1275 praedixisse
934 1237 1064 1273 neque
1099 1230 1244 1261 temere
1279 1221 1479 1260 monuisse
1508 1221 1589 1269 sed,
1614 1234 1650 1264 15

255 1299 465 1342 postquam
491 1291 701 1330 Caesarem
729 1289 982 1328 convenerim
1010 1287 1326 1337 sententiamque
1353 1286 1436 1325 eius
1466 1285 1592 1337 qualis

256 1358 384 1395 sutura
417 1364 519 1394 esset
554 1363 662 1406 parta
691 1354 853 1393 victoria
887 1353 1101 1405 cognorim,
1134 1360 1172 1391 te
1206 1351 1418 1390 certiorem
1441 1351 1589 1390 fecisse.

256 1422 295 1460 Si
319 1421 517 1460 existimas
544 1422 712 1459 eandem
743 1419 934 1458 rationem
965 1420 1046 1457 fore
1068 1417 1246 1457 Caesaris
1276 1417 1315 1455 in
1345 1415 1593 1455 dimittendis

255 1487 482 1527 adversariis
507 1495 545 1525 et
572 1486 874 1525 condicionibus
905 1486 1084 1532 ferendiS,
1108 1497 1234 1531 erras;
1272 1482 1369 1521 nihil
1390 1482 1464 1521 nisi
1484 1490 1594 1520 atrox

256 1562 294 1593 et
314 1566 473 1592 saevum
495 1552 640 1603 cogitat
660 1561 778 1603 atque
799 1552 916 1590 etiam
944 1550 1116 1601 loquitur
1136 1565 1144 1592 ;
1178 1545 1295 1587 iratus
1316 1547 1468 1587 senatui
1489 1546 1593 1595 exiit,
1615 1561 1653 1582 20

257 1619 315 1658 his
350 1618 696 1658 intercessionibus
726 1620 841 1669 plane
872 1617 1054 1656 incitatus
1083 1624 1169 1663 est3
1208 1628 1289 1653 non
1324 1627 1388 1653 me
1416 1614 1594 1652 hercules

213 1697 236 1724 2
257 1684 327 1724 erit
348 1684 616 1736 deprecationi
637 1686 757 1722 locus.
818 1685 909 1733 Qua
928 1697 978 1730 re,
1002 1684 1033 1720 si
1057 1682 1124 1721 cibi
1147 1690 1198 1728 tu,
1217 1679 1249 1719 si
1270 1679 1371 1718 filius
1392 1679 1542 1725 unicus,
1561 1678 1594 1717 si

257 1752 412 1797 domus,
435 1749 466 1788 si
487 1763 576 1800 spes
597 1758 686 1788 tuae
714 1748 885 1799 reliquae
910 1747 979 1787 tibi
1007 1760 1118 1786 carae
1139 1753 1240 1793 sunt,
1258 1745 1294 1783 si
1318 1743 1466 1794 aliquid
1487 1744 1594 1793 apud

258 1825 295 1856 te
326 1830 408 1865 nos,
441 1816 473 1854 si
499 1816 556 1854 vir
585 1815 769 1866 optimus,
797 1828 916 1865 gener
945 1822 1049 1861 tuus,
1072 1814 1258 1859 valemus,
1281 1823 1449 1861 quorum
1479 1810 1594 1847 sortu-

260 1896 351 1921 nam
378 1895 458 1920 non
486 1882 607 1920 debes
628 1882 727 1920 velle
754 1880 1000 1926 conturbare,
1024 1887 1073 1928 ut
1093 1891 1189 1918 eam
1204 1889 1363 1915 causam
1388 1875 1428 1913 in
1453 1873 1594 1925 quoius
1617 1886 1652 1916 25

260 1947 420 1986 victoria
449 1948 552 1985 salus
583 1954 715 1986 nostra
742 1955 800 1985 est
829 1945 960 1985 odisse
988 1952 1055 1983 aut
1076 1943 1294 1993 relinquere
1314 1948 1499 1991 cogamur
1527 1946 1594 1978 aut

261 2013 421 2064 impiam
450 2011 707 2062 cupiditatem
728 2019 865 2050 contra
894 2011 1059 2049 salutem
1081 2017 1188 2047 tuam
1215 2004 1595 2046 habeamus—deni-

261 2092 339 2129 que
360 2078 456 2116 illud
477 2077 615 2127 cogita,
639 2078 747 2127 quod
769 2078 941 2115 offensae
968 2074 1081 2114 fuerit
1108 2073 1147 2112 in
1175 2072 1247 2111 ista
1271 2071 1533 2118 cunctatione,
1556 2077 1594 2108 te

308 2182 326 2201 2
351 2169 447 2210 num]
467 2179 555 2199 nunc
572 2179 644 2200 cum
667 2182 702 2196 -::-÷÷
724 2167 935 2208 lVese›1be›g:
959 2171 1120 2206 quattuor
1135 2168 1204 2195 vell.
1225 2176 1231 2195 :
1255 2173 1318 2194 vm
1336 2163 1413 2193 coni.
1435 2161 1592 2192 Mendels-

263 2215 345 2245 solm
500 2223 518 2252 5
544 2213 693 2244 Psecade
719 2217 818 2243 natus
842 2210 1084 2251 Pantagafflus,
1111 2208 1149 2248 cs.
1168 2208 1241 2240 Iuv.
1263 2209 1292 2238 6.
1319 2217 1379 2246 491
1399 2218 1405 2236 :
1439 2206 1511 2245 ipse
1531 2204 1598 2243 (vel

265 2259 354 2298 ipsa)
382 2258 567 2289 cadenatus
601 2256 642 2287 M
794 2255 949 2285 Alterum
985 2252 1080 2293 idque
1118 2251 1236 2282 melius
1276 2249 1459 2290 exemplum
1494 2248 1594 2278 leuius

262 2302 417 2343 epistulae
431 2304 534 2332 exstat
549 2301 581 2331 in
599 2299 680 2340 Epp.
700 2298 747 2329 ad
761 2299 831 2329 Ate.
853 2308 883 2328 x.
903 2308 925 2337 9
958 2296 988 2327 Α
1007 2312 1034 2322 =
1052 2295 1118 2327 cod.
1140 2294 1226 2326 Med.
1241 2305 1292 2333 49.
1310 2294 1363 2333 18)
1457 2302 1495 2322 10
1519 2301 1592 2331 per-

264 2346 430 2386 scripsisti
448 2345 480 2375 A
499 2356 506 2376 :
528 2345 593 2384 -psi
612 2343 674 2375 M:
700 2343 780 2382 -psti
798 2339 1027 2372 Mende-Issohn
1204 2348 1242 2377 13
1267 2347 1326 2368 oro
1345 2341 1378 2367 et
1395 2336 1427 2366 A
1446 2347 1452 2365 :
1477 2344 1536 2366 oro
1554 2334 1594 2364 M

270 2400 305 2429 ¹5
331 2389 542 2430 praedixisse
568 2387 626 2418 A:
660 2387 744 2418 -dixi
771 2385 832 2416 M:
868 2384 961 2415 -dixe
990 2381 1218 2414 Mendclssohn
1378 2390 1417 2419 24
1442 2378 1593 2409 valemus

265 2435 297 2464 A
317 2445 323 2464 :
348 2433 437 2465 valet
456 2433 496 2463 M
