1791 2796
94 136 187 173 VII.
213 135 272 172 vii
598 134 652 171 M.
685 134 853 171 TVLLI
886 133 1192 171 CICERONIS

269 290 361 325 VII
544 291 612 323 Ser.
636 290 764 322 Romae
779 301 823 322 (tr.
846 301 890 322 m.
911 289 985 321 Iun.
1007 300 1035 321 a.
1059 300 1118 330 700
1137 290 1220 331 (54).

667 367 842 399 CICERO
867 367 1118 400 TREBATIO.

189 476 205 503 1
281 462 366 511 Ego
396 468 434 499 te
461 460 743 499 commendare
768 472 848 497 non
875 458 1036 504 desisto,
1061 459 1130 497 sed
1159 457 1254 508 quid
1284 458 1486 509 proficiam
1512 472 1559 498 ex

224 534 261 565 te
286 526 383 565 scire
411 525 538 577 cupio.
600 527 719 576 Spem
747 524 957 563 maximam
982 524 1111 563 babeo
1138 523 1178 562 in
1201 524 1337 571 Balbo,
1360 525 1411 563 ad
1438 538 1556 575 quem

222 593 272 631 de
294 600 331 631 te
351 591 650 642 diligentissime
667 598 705 630 et
722 590 948 641 saepissime
969 589 1107 629 scribo.
1169 591 1273 628 Illud
1291 592 1400 629 soleo
1416 590 1553 638 mirari,
1578 602 1595 634 5

223 671 303 697 non
340 672 401 697 me
437 657 580 697 totiens
614 657 792 707 accipere
824 664 909 694 tuas
944 655 1102 704 litteras,
1132 655 1315 706 quotiens
1348 670 1371 694 a
1405 656 1558 706 Quinto

223 723 317 761 mihi
340 724 453 762 fratre
474 724 709 761 adferantur.
770 723 818 760 In
841 721 1042 760 Britannia
1066 721 1162 759 nibil
1183 735 1268 760 esse
1288 721 1407 760 audio
1428 735 1557 773 neque

221 789 303 827 auri
336 802 465 839 neque
493 788 653 839 argenti.
715 789 763 826 Id
792 787 821 826 si
850 787 902 825 ita
930 795 1001 835 est,
1025 788 1208 826 essedum
1235 787 1396 837 aliquod
1425 787 1556 838 capias

178 863 201 890 2
221 855 370 893 suadeo
397 862 435 893 et
461 855 512 892 ad
544 867 616 892 nos
644 867 763 904 quam
791 852 960 903 primum
988 865 1169 891 recurras.
1230 851 1296 891 Sin
1318 860 1449 891 autem
1471 853 1555 892 sine

223 920 424 959 Britannia
451 928 583 958 tamen
616 919 780 969 adsequi
811 920 920 969 quod
950 906 1131 957 volumus
1162 931 1381 968 possumus,
1411 920 1554 968 perfice
1577 932 1615 954 ¹0

221 994 262 1024 ut
297 985 348 1024 sis
383 985 421 1023 in
458 984 711 1023 familiaribus
745 983 932 1023 Caesaris.
1005 984 1178 1021 Multum
1215 990 1251 1022 te
1286 983 1324 1021 in
1359 997 1406 1022 eo
1441 986 1555 1023 frater

161 1061 165 1067 ·
219 1051 422 1090 adiuvabit
445 1064 569 1098 meus,
587 1052 754 1088 multum
780 1050 939 1097 Balbus,
956 1050 1036 1095 sed,
1055 1048 1150 1086 mihi
1171 1049 1300 1096 crede,
1317 1056 1406 1086 tuus
1428 1050 1555 1099 pudor

221 1125 258 1155 et
283 1118 393 1155 labor
413 1116 636 1167 plurimum.
698 1117 1008 1165 †Imperatorem
1036 1113 1361 1160 liberalissimum,
1385 1122 1553 1153 aetatem

220 1182 604 1233 opportunissimam,
625 1180 1013 1220 commendationem
1035 1187 1138 1218 certe
1159 1179 1407 1229 singularem,
1425 1188 1465 1218 ut
1483 1180 1552 1220 tibi

220 1262 343 1286 unum
366 1248 585 1287 timendum
608 1247 656 1285 sit
678 1260 726 1286 ne
748 1246 830 1297 ipse
852 1245 921 1285 tibi
942 1244 1112 1284 defuisse
1132 1244 1298 1284 videare.
1574 1262 1611 1295 15

263 1434 381 1470 VIII
537 1436 606 1469 Ser.
629 1435 759 1467 Romae
774 1447 820 1467 ex.
841 1447 884 1467 m.
904 1434 1016 1475 Quint.
1037 1446 1067 1467 a.
1088 1446 1147 1476 700
1166 1436 1249 1477 (54).

661 1513 837 1545 CICERO
863 1512 1110 1545 TREBATIO.

184 1613 200 1640 1
227 1638 232 1643 ,
274 1597 434 1649 Scripsit
455 1598 505 1636 ad
528 1610 590 1636 me
612 1598 756 1637 Caesar
776 1596 1068 1651 perhumaniter
1093 1597 1270 1636 nondum
1299 1603 1336 1635 te
1360 1595 1434 1635 sibi
1458 1595 1552 1635 satis

217 1677 302 1703 esse
335 1663 564 1702 familiarem
598 1670 756 1713 propter
790 1662 1070 1712 occupationes
1098 1675 1196 1708 suas,
1224 1663 1293 1701 sed
1326 1669 1429 1701 certe
1456 1663 1547 1700 fore.

218 1729 291 1768 Cui
315 1729 476 1779 quidem
503 1742 576 1779 ego
600 1728 788 1778 rescripsi,
812 1741 930 1778 quam
954 1727 1049 1765 mihi
1068 1736 1219 1778 gratum
1241 1735 1342 1766 esset
1363 1729 1546 1774 futurum,
1571 1743 1610 1764 20

217 1795 246 1832 si
279 1808 396 1845 quarn
428 1794 640 1844 plurimum
670 1793 708 1831 in
737 1801 775 1832 te
801 1793 916 1839 studi,
941 1793 1054 1839 offici,
1080 1793 1320 1832 liberalitatis
1347 1806 1440 1832 suae
1460 1806 1550 1831 con-

217 1860 377 1898 tulisset.
429 1860 506 1898 Sed
528 1873 574 1898 ex
596 1859 671 1897 tuis
694 1859 828 1898 litteris
849 1859 1015 1909 cognovi
1033 1872 1330 1910 praeproperam
1348 1860 1549 1909 quandam

217 1924 506 1963 festinationem
536 1932 642 1962 tuam
670 1932 708 1962 et
733 1924 847 1962 simul
877 1938 962 1962 sum
990 1914 1205 1963 admiratus
1235 1939 1302 1963 cur
1329 1924 1548 1963 tribunatus

216 1991 438 2035 commoda,
462 1991 626 2040 dempto
652 1990 876 2040 pracsertim
904 1991 1036 2028 labore
1059 1990 1228 2036 militiae,
1252 1989 1544 2040 contempseris.

172 2070 195 2097 2
216 2056 367 2104 Querar
387 2068 477 2093 cum
500 2057 667 2094 Vacerra
693 2064 730 2094 et
758 2055 924 2094 Manilio
945 2071 951 2099 ;
982 2069 1071 2094 nam
1095 2055 1280 2095 (fornelio
1301 2055 1396 2093 nihil
1417 2056 1546 2094 audeo
1567 2073 1604 2105 25

214 2121 353 2165 dicere,
378 2120 488 2158 cuius
511 2129 550 2158 tu
575 2121 747 2171 periculo
769 2122 909 2159 stultus
931 2134 981 2167 es,
1006 2121 1193 2171 quoniam
1216 2129 1252 2160 te
1272 2122 1322 2160 ab
1343 2134 1391 2160 eo
1411 2134 1546 2171 sapere

214 2185 398 2224 didicisse
435 2186 634 2235 profiteris.
708 2186 814 2235 Quin
852 2194 892 2224 tu
929 2199 1040 2235 urges
1076 2186 1187 2224 istam
1224 2186 1472 2225 occasionem
1507 2194 1545 2224 et

213 2252 449 2297 facultatem,
469 2265 547 2301 qua
570 2251 707 2289 melior
728 2264 944 2301 numquam
968 2251 1209 2302 reperietur?
1266 2253 1386 2300 Quod
1409 2251 1544 2290 scribis

254 2366 270 2394 7
296 2356 495 2387 adferuntur
520 2360 588 2387 vett.
774 2365 810 2395 13
837 2355 941 2386 habes
963 2359 1038 2395 post
1060 2355 1327 2386 liberalissimum
1351 2355 1426 2386 add.
1452 2354 1542 2387 Victa

213 2399 298 2430 alins
315 2400 379 2431 alio
397 2400 459 2430 loco
476 2411 481 2430 :
508 2399 668 2430 invenisti
687 2403 760 2431 ante
779 2399 1021 2440 Imperatorem
1040 2399 1113 2430 add.
1136 2398 1309 2430 Lehmann
