1791 2796
81 156 171 193 XII.
191 156 251 192 vii
568 157 622 193 M.
655 157 822 208 TVLLI
855 156 1161 195 CICERONIS

200 268 431 315 statuebam,
457 269 586 307 omnis
615 281 715 318 quae
737 267 775 306 in
798 267 879 306 istis
900 268 1075 318 partibus
1103 276 1233 308 essent
1254 282 1349 320 opes
1379 267 1531 321 copiae-

201 348 277 384 que
300 342 384 372 tuas
406 347 502 381 esse,
525 347 594 384 per
615 341 732 384 teque
761 333 894 372 Asiam
917 333 1157 385 provinciam
1179 334 1431 373 confidebam
1452 333 1529 372 iam

201 398 251 437 rei
295 413 329 449 p.
365 399 630 450 reciperatam.
691 401 754 437 'l'u
794 400 853 438 sac
889 399 927 437 in
961 401 1143 450 augenda
1177 399 1298 451 gloria
1333 407 1370 439 te
1402 399 1531 450 ipsum

199 464 343 504 vineas.
404 466 512 504 Vale.

244 601 360 636 VIII
405 604 475 636 Scr.
500 604 629 636 Romae
646 615 665 635 v
681 604 730 635 ld.
746 604 823 636 Ilm.
842 608 900 635 cml
910 605 1013 646 paulo
1025 608 1099 646 post
1115 616 1144 637 a.
1169 615 1222 645 711
1238 606 1318 646 (45).

653 683 828 714 CICERO
855 682 1020 714 CASSIO
1046 685 1081 715 S.

165 777 181 803 1
257 762 392 799 Scelus
413 760 554 799 adfinis
577 760 632 799 tui
656 761 794 812 Lepidi
825 775 1100 812 summamque
1121 760 1319 800 levitatem
1341 769 1378 800 et
1400 760 1531 800 incon-

201 826 382 865 stantiam
419 841 464 865 ex
499 826 605 873 actis,
642 841 742 877 quae
779 828 830 866 ad
865 835 902 866 te
938 827 1037 865 mitti
1073 835 1180 866 certo
1211 827 1306 875 scio,
1340 840 1532 877 cognosse

202 900 238 930 te
259 891 433 930 arbitror.
495 894 635 942 Itaque
670 906 742 931 nos
778 893 960 931 confecto
1000 893 1114 939 bello,
1156 900 1198 930 ut
1236 891 1530 937 arbitrabamur,

202 966 431 996 renovatum
455 957 601 996 bellum
623 956 793 1008 gerimus
815 971 1006 1007 spemque
1034 971 1193 995 omnem
1215 957 1253 994 in
1278 958 1324 994 D.
1346 958 1467 994 Bruto
1495 963 1532 994 et

150 1061 154 1067 ,
205 1024 349 1061 Planco
371 1023 575 1069 habemus,
598 1022 629 1060 si
651 1036 784 1061 verum
807 1021 974 1073 quaeris.
995 1021 1033 1059 in
1055 1029 1092 1060 te
1109 1030 1146 1060 et
1167 1021 1205 1059 in
1228 1023 1283 1059 M.
1309 1024 1430 1060 Bruto
1452 1035 1530 1060 non

201 1089 328 1126 solum
355 1089 407 1127 ad
434 1102 616 1139 praesens
638 1087 869 1139 perfugium,
896 1087 938 1129 si.
963 1088 1071 1137 quod
1099 1086 1232 1133 nolim,
1254 1086 1406 1125 adversi
1437 1086 1531 1136 quid

200 1153 396 1200 acciderit,
421 1154 490 1192 sed
512 1152 630 1195 etiam
652 1154 702 1191 ad
727 1151 1067 1191 confirmationem
1096 1159 1307 1202 perpetuae
1329 1150 1529 1190 libertatis.

159 1232 182 1258 2
204 1220 287 1257 Nos
308 1218 372 1257 hie
393 1221 443 1258 de
467 1219 675 1258 Dolabella
697 1217 956 1257 audiebamus
978 1231 1078 1268 quae
1097 1218 1300 1263 vellemus,
1314 1217 1385 1255 sed
1406 1224 1532 1255 certos

200 1293 379 1323 auctores
407 1299 487 1323 non
513 1285 769 1323 habebamus.
830 1286 889 1322 Te
919 1283 1080 1334 quidem
1112 1297 1298 1333 magnum
1328 1281 1531 1321 hominem

200 1359 236 1388 et
259 1350 452 1400 praesenti
485 1349 630 1389 iudicio
661 1358 698 1388 et
729 1349 867 1400 reliqui
899 1348 1084 1399 temporis
1115 1347 1415 1398 exspectatione·
1434 1347 1532 1386 seito

200 1431 294 1454 esse.
358 1418 450 1454 Hoc
491 1415 559 1453 tibi
600 1415 801 1466 proposito
840 1417 900 1453 sac
939 1423 981 1452 ut
1019 1415 1070 1453 ad
1106 1427 1262 1452 summa
1301 1414 1531 1452 contendas.

202 1482 310 1521 Nihil
333 1491 390 1520 est
422 1490 572 1520 tantum
600 1482 708 1531 quod
735 1495 814 1520 non
840 1495 874 1532 p.
897 1482 943 1519 R.
966 1494 988 1518 a
1011 1488 1047 1518 te
1068 1479 1202 1530 perfici
1222 1487 1341 1530 atque
1362 1477 1532 1518 obtineri

201 1563 315 1599 posse
337 1547 492 1587 iudicet.
553 1548 662 1586 Vale.

244 1687 311 1723 IX
409 1690 477 1722 δι’.
500 1690 630 1722 Romae
645 1691 730 1722 inlcr
744 1691 801 1722 xvi
815 1694 843 1721 cl
858 1690 894 1720 ι’ίί
907 1690 949 1721 Κ.
974 1689 1085 1729 Quint.
1107 1699 1141 1720 a.
1165 1698 1219 1729 711
1239 1688 1316 1728 (45⁸¹.

649 1768 824 1801 CICERO
849 1768 1017 1800 CASSIO
1043 1769 1078 1799 5.

163 1859 179 1885 1
256 1846 428 1886 Brevitas
469 1855 621 1885 tuarum
662 1846 874 1886 litterarum
917 1860 978 1885 me
1022 1859 1181 1896 quoque
1228 1844 1444 1883 breviorem
1492 1843 1530 1880 in

199 1912 408 1951 srribendo
440 1912 529 1951 facit
565 1921 613 1957 et,
638 1926 726 1951 vere
757 1920 799 1950 ut
829 1911 970 1959 dicam,
1004 1925 1083 1949 non
1115 1910 1206 1948 satis
1237 1908 1403 1948 ocvurrit
1436 1907 1531 1958 quid

200 1978 364 2016 seribam
385 1993 391 2016 :
423 1987 573 2017 nostras
596 1978 700 2017 enim
730 1992 789 2017 res
817 1977 854 2015 in
883 1977 979 2016 actis
1001 1976 1156 2028 perferri
1178 1977 1229 2014 ad
1252 1983 1288 2013 te
1309 1982 1415 2013 certo
1436 1972 1528 2017 scio,

200 2051 284 2080 tuas
304 2051 435 2081 autem
460 2043 693 2093 ignoramus.
755 2045 977 2093 Tamquam
1001 2042 1104 2080 enim
1128 2043 1259 2079 clausa
1280 2039 1327 2078 sit
1348 2039 1452 2085 Asia,
1476 2037 1530 2075 sic

200 2108 292 2145 niliil
316 2110 503 2158 perfertur
524 2110 573 2147 ad
597 2123 668 2147 nos
690 2117 840 2159 praeter
854 2122 1027 2147 rumores
1048 2108 1098 2146 de
1119 2120 1306 2158 oppresso
1326 2105 1531 2143 Dolabella

156 2189 180 2216 2
200 2173 290 2211 satis
321 2173 406 2211 illos
429 2173 590 2224 quidem
614 2174 841 2221 constantis,
866 2175 934 2212 sed
957 2174 1088 2212 adhuc
1110 2172 1193 2210 sine
1215 2179 1384 2209 auctore.
1438 2171 1530 2207 ‘Nos

199 2242 422 2279 confectum
456 2241 602 2279 bellum
635 2254 755 2290 quom
789 2248 1023 2290 putaremus,
1052 2245 1211 2289 repente
1238 2251 1260 2274 a
1289 2235 1440 2286 Lepido
1463 2242 1530 2272 tuo

241 2357 260 2383 13
286 2346 392 2384 ipsum
412 2345 528 2375 uineas
547 2343 638 2374 llD:
666 2342 837 2382 ipsuinvas
858 2343 912 2372 M:
941 2343 1012 2381 ipsc
1030 2342 1146 2371 vincas
1164 2341 1266 2371 Ernes
1275 2340 1294 2369 ἰ’
1395 2349 1424 2367 ιι
1443 2337 1524 2377 sorl.

197 2391 256 2419 acc]
276 2390 301 2419 gi
439 2389 482 2419 Μ,
508 2388 689 2418 Gronovius
709 2387 850 2417 Mrem-r:
877 2397 949 2416 inco
967 2385 1055 2416 codd.
1079 2386 1168 2425 vulg.
1346 2392 1381 2412 21
1410 2392 1529 2412 CAssro

196 2433 319 2463 ludive>
344 2431 443 2464 Mll:
475 2442 595 2464 Λττιςυ
620 2431 707 2462 codd.
845 2431 886 2460 28
909 2430 1028 2470 quom]
1054 2439 1152 2468 quam
1178 2427 1236 2458 M:
1270 2437 1344 2457 cum
1369 2425 1426 2456 II:
1454 2436 1529 2456 cum

198 2477 261 2507 iam
280 2476 314 2506 D

1554 971 1592 993 10

1555 1298 1591 1330 15

1552 1697 1593 1720 20

1553 2051 1590 2084 ²5
