1791 2796
85 123 169 160 vll.
195 124 333 160 xxxiii
597 124 707 162 EPP.
743 125 819 161 Al)
852 124 1200 161 FAMILIARES

192 479 207 505 1

272 252 476 286 XXXIII
532 256 600 286 Scia
621 255 654 285 in
679 255 862 286 Tusculano
879 267 945 287 circ.
968 255 1048 287 mal.
1073 267 1115 287 m.
1140 255 1251 295 Qm'nl.

789 322 818 342 (1.
843 314 902 351 708
922 312 994 353 (40)

570 388 613 419 M.
643 387 818 419 CICERO
845 388 877 418 S.
908 388 946 419 Di
977 387 1236 419 VOLVMNIO.

282 467 403 515 Quod
435 465 789 504 declamationibus
823 465 962 504 nostris
997 479 1116 513 cares,
1145 467 1279 504 damni
1311 466 1408 505 nihil
1440 467 1562 515 facis;

225 532 334 581 quod
372 531 503 569 Hirtio
537 531 741 578 invidere&
779 530 852 569 nisi
891 544 982 569 eum
1021 545 1172 570 amares
1204 546 1285 570 non
1325 541 1405 571 erat
1444 546 1561 571 causa
1585 545 1602 576 5

227 596 439 643 invidendi,
473 596 545 634 nisi
576 597 673 634 forte
710 595 830 646 ipsius
865 596 1114 646 eloquentiae
1149 596 1271 647 magis
1306 610 1424 648 quam
1455 599 1563 648 quod

227 676 288 700 me
327 661 479 699 audiret
515 661 719 700 invideres,
808 661 893 699 Nos
932 661 1037 699 enim
1077 663 1204 712 plane,
1242 661 1294 700 mi
1334 662 1563 701 suavissime

226 726 426 774 Volumni,
449 735 516 765 aut
544 726 639 764 nihil
671 740 806 765 sumus
837 734 903 765 aut
934 727 1048 765 nobis
1078 727 1240 777 quidem
1268 727 1360 778 ipsis
1385 728 1564 778 displice-

226 806 312 831 mus
332 792 552 842 gregalibus
573 792 656 839 illis,
674 792 818 842 quibus
841 801 879 831 te
899 793 1113 843 plaudente
1133 793 1373 843 vigebamus,
1396 792 1559 840 amissis,

225 867 266 897 ut
296 858 425 905 etiam,
457 858 487 896 si
519 859 680 908 quando
709 858 858 908 aliquid
889 857 1051 908 dignum
1084 866 1218 897 nostro
1247 858 1408 902 nomine
1437 858 1563 898 emisi·
1587 872 1624 894 ιο

227 938 323 970 mus,
347 923 671 974 ingemescamus,
694 924 802 974 quod
829 925 925 962 haec
950 923 1186 974 ‘pinnigero,
1211 937 1290 962 non
1311 923 1502 974 armigero
1524 924 1561 962 in

225 1003 387 1040 corpore
418 991 492 1028 tela
523 990 798 1036 exerceantur,'
826 997 865 1027 ut
896 988 948 1027 ait
982 988 1220 1027 Philoctetes
1249 990 1355 1039 apud
1380 989 1560 1037 Accium,

228 1056 401 1094 ‘abiecta
422 1055 566 1106 gloria.'
611 1057 687 1094 Sed
710 1063 841 1094 tamen
864 1054 997 1094 omnia
1020 1055 1113 1092 mihi
1137 1064 1260 1102 erunt,
1283 1055 1313 1093 si
1336 1063 1377 1093 tu
1398 1056 1560 1103 veneris,

226 1122 404 1160 hilariora
420 1137 428 1170 3
458 1135 699 1171 quamquam
714 1120 832 1168 venis,
856 1128 897 1159 ut
919 1121 1002 1171 ipse
1024 1120 1225 1171 intellegis,
1245 1120 1282 1158 in
1306 1120 1561 1160 maximarum

225 1187 335 1238 quasi
375 1200 611 1226 concursum
652 1186 971 1237 occupationum.
1052 1188 1162 1236 Quas
1202 1186 1244 1234 si,
1286 1194 1327 1225 ut
1367 1188 1559 1234 volumus
1589 1204 1622 1234 ¹5

225 1252 502 1304 exceperimus,
537 1265 610 1302 ego
642 1265 734 1290 vero
773 1253 935 1290 multam
971 1253 1136 1290 salutern
1177 1260 1214 1290 et
1246 1253 1330 1291 foro
1364 1252 1494 1290 dicam
1524 1260 1562 1291 et

225 1319 354 1358 curiae
374 1319 582 1369 vivamque
603 1325 735 1357 tecum
757 1319 924 1356 multum
947 1325 984 1356 et
1006 1331 1095 1356 cum
1119 1318 1398 1357 communibus
1415 1318 1561 1357 nostris

225 1385 475 1423 amatoribus.
537 1386 640 1422 Nam
671 1392 708 1422 ct
730 1384 890 1423 Cassius
921 1392 1009 1422 tuus
1040 1392 1077 1423 et
1109 1385 1316 1423 Dolabella
1345 1392 1477 1423 noster
1500 1385 1560 1422 vel

226 1451 355 1501 potius
378 1458 540 1500 uterquc
562 1458 693 1488 noster
714 1448 852 1487 studiis
874 1449 1013 1488 iisdem
1033 1457 1215 1488 tenentur
1235 1457 1272 1487 et
1294 1449 1391 1488 meis
1411 1449 1560 1500 aequis-

226 1516 334 1553 simis
356 1523 516 1553 utuntur
536 1514 705 1553 auribus.
766 1515 879 1564 Opus
906 1523 964 1553 est
993 1516 1069 1553 huc
1092 1515 1269 1553 limatulo
1289 1523 1326 1553 et
1348 1514 1470 1565 polito
1491 1522 1560 1552 tuo
1581 1531 1620 1552 20

226 1580 372 1619 iudicio
393 1588 430 1618 ct
452 1579 525 1617 illis
554 1579 802 1618 interioribus
830 1579 965 1618 litteris
990 1577 1133 1632 [meis]‚
1157 1580 1300 1629 quibus
1321 1592 1437 1629 saepe
1458 1592 1560 1618 vere-

225 1648 455 1687 cundiorem
478 1661 540 1686 me
562 1647 601 1684 in
622 1648 824 1698 loquendo
846 1643 949 1686 facis.
1004 1646 1104 1685 Mihi
1126 1646 1230 1685 enim
1253 1645 1466 1685 iudicatum
1489 1654 1560 1693 est,

225 1714 253 1751 si
287 1715 407 1752 modo
438 1715 513 1751 hoc
536 1714 680 1751 Caesar
709 1720 775 1751 aut
807 1712 973 1763 patietur
1002 1720 1068 1750 aut
1094 1714 1208 1759 volet,
1231 1713 1429 1762 deponere
1454 1711 1558 1749 illam

226 1781 300 1819 iam
336 1793 556 1830 personam,
592 1779 629 1816 in
663 1792 740 1829 qua
773 1793 835 1818 me
868 1792 984 1829 saepe
1016 1778 1069 1816 illi
1105 1778 1177 1829 ipsi
1212 1777 1384 1829 probavi,
1417 1790 1461 1816 ac
1497 1790 1560 1815 me

224 1855 349 1884 totum
385 1845 422 1883 in
455 1845 599 1883 litteras
634 1845 779 1883 abdere
815 1853 1025 1894 tecumque
1047 1846 1094 1882 ‘et
1129 1857 1219 1882 cum
1255 1842 1391 1881 ceteris
1426 1856 1558 1881 earum
1581 1857 1618 1889 25

224 1910 408 1949 studiosis
429 1910 708 1949 honestissimo
729 1910 810 1949 otio
832 1910 982 1960 perfrui.
1180 1907 1189 1917 ⁹

277 1978 340 2014 Tu
376 1977 514 2014 vellem
556 1990 604 2014 ne
644 1975 787 2014 veritus
823 1989 926 2014 esses
960 1989 1008 2013 ne
1040 1974 1242 2025 *rpluribus
1274 1976 1439 2025 legerem
1472 1981 1558 2012 tuas

225 2042 383 2089 litteras,
414 2042 442 2079 si
478 2041 587 2086 mihi,
617 2055 734 2092 quem
769 2042 819 2079 ad
856 2042 1017 2079 niodum
1054 2040 1203 2087 scribis,
1233 2039 1426 2089 longiores
1461 2040 1559 2078 sorte

227 2107 410 2155 misisses,
445 2120 490 2145 ac
522 2106 638 2145 velim
674 2107 837 2156 posthac
876 2106 931 2143 sic
970 2113 1129 2153 statuas,
1159 2113 1244 2143 tuas
1279 2104 1373 2142 mihi
1414 2103 1558 2142 litteras

225 2172 472 2222 longissimas
493 2185 670 2222 quasque
691 2170 926 2221 gratissimas
947 2171 1037 2208 fore.
1449 2178 1454 2180 '
1578 2182 1618 2213 30

273 2288 311 2309 12
337 2277 467 2308 Attium
493 2274 681 2316 {Vesenbmg
816 2285 852 2313 14
879 2274 996 2304 venies
1013 2273 1111 2303 laum
1243 2273 1281 2303 16
1305 2271 1557 2312 cxpedierimus

227 2322 366 2361 Madvig
491 2331 534 2351 ρο
558 2321 623 2350 huc
640 2317 742 2355 codd„
764 2322 859 2349 recte:
884 2318 936 2348 hic
953 2317 1002 2348 vel
1015 2317 1124 2347 adhuc
1143 2315 1283 2356 [Madvig
1407 2325 1444 2346 21
1474 2316 1556 2346 meis

226 2366 283 2396 dd.
313 2365 464 2395 Ernesti:
499 2365 563 2394 tuis
593 2361 779 2401 {semitm-g
911 2371 950 2400 27
977 2359 1146 2401 pluribus]
1173 2370 1233 2399 per
1257 2360 1410 2391 librarios
1435 2358 1556 2389 Orelli:

227 2410 357 2449 pigrius
375 2408 516 2449 Madvig
