1791 2796
113 107 228 144 VIII.
253 107 298 142 iv
620 105 674 141 M.
708 105 876 142 TVLLI
910 105 1216 143 CICERONIS

247 216 374 255 bonos
405 222 441 254 et
473 222 653 254 senatum
685 216 803 255 malet
818 230 827 263 3
858 223 972 262 totuS,
1004 223 1045 254 ut
1074 230 1178 255 nunc
1206 224 1275 264 est,
1304 218 1380 257 hoc
1410 217 1579 257 scaturit.

250 280 381 319 Huius
402 288 534 319 autem
557 280 769 319 voluntatis
791 280 944 320 initium
976 288 1014 320 et
1042 294 1160 320 causa
1180 289 1238 321 est
1260 283 1368 333 quod
1389 296 1479 322 eum
1502 296 1580 321 non

249 345 497 386 mediocriter
529 347 684 394 Caesar,
721 345 789 396 qui
820 347 920 385 solet
955 346 1181 386 infimorum
1213 346 1420 386 hominum
1453 347 1584 387 amici-

249 411 340 450 tiam
381 411 454 450 sibi
494 411 670 462 qualibet
711 411 888 462 impensa
926 411 1150 462 adiungere,
1186 413 1299 451 valde
1331 411 1580 463 contempsit.

249 479 339 526 Qua
373 477 411 516 in
447 491 486 516 re
522 477 617 516 mihi
652 477 806 516 videtur
833 477 928 516 illud
959 491 1147 528 perquam
1183 485 1347 517 venuste
1381 477 1582 525 cecidisse,
1605 491 1621 521 5

247 544 356 594 quod
390 557 413 582 a
448 543 607 594 reliquis
647 557 807 594 quoque
847 557 972 594 usque
1012 557 1060 582 eo
1095 550 1153 582 est
1184 543 1502 583 animadversum
1543 551 1584 582 ut

249 608 381 656 Curio,
404 609 471 660 qui
498 609 593 648 nihil
621 608 787 648 consilio
813 609 913 656 facit,
939 608 1088 649 ratione
1114 617 1152 649 et
1180 609 1331 649 insidiis
1362 624 1454 649 usus
1481 609 1586 649 vide-

249 683 351 714 retur
379 674 417 713 in
448 674 641 714 evitandis
671 674 855 721 consiliis,
889 674 955 725 qui
986 688 1026 714 se
1060 674 1309 714 intenderant
1343 674 1585 714 adversarios

250 740 288 779 in
311 740 393 780 eius
415 740 668 787 tribunatum,
695 739 848 780 Laelios
870 748 908 780 et
930 739 1126 779 Antonios
1148 748 1186 780 et
1213 739 1253 780 id
1277 754 1401 791 genus
1421 739 1585 779 valentis

251 806 352 846 dico.
1609 820 1646 841 10

209 881 233 918 3
309 873 395 910 Has
435 885 508 922 ego
545 871 614 910 tibi
650 871 795 911 litteras
831 886 879 911 eo
915 870 1061 911 maiore
1101 871 1187 910 misi
1224 870 1438 918 intervallo,
1477 871 1586 922 quod

251 936 500 976 comitiorum
534 936 744 976 dilationes
779 936 1071 988 occupatiorem
1114 950 1176 975 me
1211 937 1412 976 habebant
1451 944 1488 974 et
1528 950 1587 974 ex-

251 1010 426 1053 spectare
457 1002 495 1040 in
526 1002 610 1041 dies
641 1002 788 1041 exitum
822 1003 1027 1052 cogebant,
1053 1009 1094 1041 ut
1115 1001 1305 1041 confectis
1334 1000 1519 1040 omnibus
1551 1008 1587 1039 te

251 1071 419 1109 facerem
451 1069 667 1109 certiorem.
730 1070 794 1108 Ad
824 1071 870 1107 K.
902 1072 1002 1108 Sext.
1031 1082 1156 1119 usque
1184 1067 1415 1119 exspectavi.
1480 1069 1588 1105 Prae-

252 1135 358 1175 toriis
381 1150 512 1175 morae
529 1136 724 1186 quaedam
743 1134 976 1174 inciderunt,
1039 1136 1132 1173 Mea
1152 1148 1267 1185 porro
1288 1132 1448 1173 comitia
1469 1146 1587 1183 quem
1613 1144 1646 1173 ¹5

252 1209 436 1241 eventum
472 1201 549 1240 sint
584 1200 765 1240 habitura
798 1200 959 1245 nesci03
1006 1199 1236 1250 opinionem
1270 1198 1444 1249 quidem,
1479 1198 1588 1248 quod

251 1268 301 1306 ad
327 1267 488 1306 Hirrum
509 1266 658 1313 attinet,
682 1265 954 1306 incredibilem
976 1267 1061 1305 aed.
1086 1267 1134 1317 pl.
1160 1264 1329 1305 comitiis
1351 1272 1465 1303 nacta
1486 1271 1586 1302 sunt.

254 1335 358 1371 Nam
384 1334 437 1370 M.
464 1332 646 1372 Coelium
669 1331 923 1371 Vinicianum
946 1331 1094 1371 mentio
1120 1331 1184 1369 illa
1213 1333 1329 1378 fatua,
1353 1344 1471 1380 quam
1493 1328 1591 1368 deri-

253 1412 426 1437 seramus
457 1398 563 1445 olim,
586 1405 624 1436 et
649 1396 912 1448 promulgatio
936 1398 986 1436 (le
1011 1396 1201 1436 dictatore
1230 1396 1361 1435 subito
1389 1394 1532 1434 deiecit
1553 1401 1590 1432 et

253 1464 451 1503 deiectum
474 1477 618 1514 magno
639 1465 810 1502 clamore
831 1462 1007 1502 insecuta
1027 1471 1095 1502 est.
1150 1463 1250 1501 Inde
1275 1462 1436 1501 Hirrum
1459 1459 1590 1500 cuncti
1613 1475 1651 1496 20

255 1529 329 1567 iam
367 1543 446 1568 non
487 1529 712 1568 faciendum
753 1528 934 1580 flagitare.
1010 1531 1132 1579 Spero
1173 1535 1210 1567 te
1250 1527 1426 1567 celeriter
1464 1534 1502 1565 et
1541 1527 1591 1564 de

255 1595 381 1642 nobis,
405 1596 513 1645 quod
539 1594 711 1646 sperasti,
736 1601 775 1633 et
801 1595 852 1634 de
880 1593 957 1647 illo,
981 1595 1090 1644 quod
1117 1593 1177 1631 vix
1208 1606 1362 1643 sperare
1392 1605 1509 1631 ausus
1537 1605 1589 1638 es,

256 1661 492 1701 auditurum.

213 1741 238 1778 4
319 1730 376 1766 l)e
400 1741 439 1765 re
464 1740 498 1777 p.
524 1726 599 1765 iam
623 1726 713 1766 novi
735 1724 947 1777 quicquam
966 1733 1190 1776 exspectare
1212 1723 1477 1767 desieramus;
1522 1723 1590 1761 sed

259 1807 346 1831 cum
377 1800 534 1832 senatus
562 1792 719 1831 habitus
747 1799 848 1831 esset
875 1793 924 1830 ad
949 1790 1144 1842 Apollinis
1170 1805 1201 1829 a.
1227 1791 1262 1829 d.
1288 1802 1330 1828 xi
1358 1792 1405 1828 K.
1430 1792 1530 1828 Sext.
1555 1795 1592 1826 et
1616 1802 1651 1833 ²5

258 1861 459 1897 referretur
498 1859 548 1897 de
583 1857 782 1909 stipendio
823 1859 894 1895 (fn.
932 1856 1108 1907 Pompei,
1144 1855 1292 1895 mentio
1325 1857 1425 1893 facta
1456 1862 1513 1892 est
1543 1855 1593 1892 de

257 1924 409 1974 legione
431 1938 486 1970 ea,
511 1938 628 1974 quam
657 1937 868 1974 expensam
897 1922 982 1961 tulit
1008 1907 1233 1962 C.·cacs{1ri
1264 1920 1487 1972 Pompeius,
1514 1933 1593 1969 quo

259 2004 424 2028 numero
444 1997 556 2035 esset,
575 1990 707 2039 quoad
725 1996 921 2039 pateretur
942 2002 1027 2027 eam
1053 1986 1264 2038 l‘ompeius
1286 2000 1371 2025 esse
1392 1985 1429 2024 in
1453 1983 1590 2023 Gallia.

259 2057 430 2095 Coactus
452 2063 510 2093 est
531 2054 661 2093 dicere
689 2053 901 2104 Pompeius
930 2068 970 2092 se
998 2052 1193 2104 legionem
1224 2053 1498 2097 abducturum,
1523 2050 1592 2089 sed

259 2135 337 2160 non
378 2119 506 2158 statim
543 2120 616 2158 sub
650 2119 892 2157 mentionem
925 2126 963 2157 et
995 2117 1216 2157 convicium
1257 2117 1563 2155 obtrectatorum
1583 2129 1591 2161 3
1613 2127 1654 2158 30

301 2227 322 2255 6
348 2234 452 2263 usque
471 2235 511 2254 co
528 2222 595 2253 secl.
622 2222 740 2254 l3a1'lcr.
762 2221 847 2253 male
971 2222 991 2251 8
1015 2221 1182 2252 evitandis
1202 2221 1230 2253 G
1248 2218 1474 2250 Mcndclssolm
1491 2229 1498 2248 :
1523 2218 1593 2249 cvi-

260 2270 370 2300 randis
389 2269 428 2299 iis
447 2266 519 2298 MR
538 2266 661 2297 Mnllcr
796 2266 834 2295 18
859 2264 1068 2295 Vinicianum
1092 2265 1254 2295 Ursinus:
1283 2263 1483 2293 vicinianum
1502 2261 1590 2292 codd.

259 2324 300 2344 20
315 2313 393 2351 sort.
421 2311 568 2343 clamore
595 2310 771 2341 insectatio
797 2314 912 2340 secuta
938 2313 989 2339 est
1123 2310 1164 2339 28
1188 2308 1299 2347 quoad
1327 2311 1500 2346 pateretur
1519 2316 1591 2336 eam

261 2358 293 2387 (J.
315 2356 348 2386 Is.
370 2355 547 2386 Hermann
567 2353 795 2384 Alcudclssolm
821 2352 961 2383 aleines:
996 2352 1106 2391 quoad
1131 2355 1314 2391 peteretur,
1336 2360 1408 2380 curn
1433 2349 1590 2390 AIadvtg:

259 2411 325 2440 quo
341 2404 562 2440 appeteretur
581 2409 651 2428 eam
669 2397 758 2428 codd.
