1791 2796
560 149 671 186 EPP.
704 149 781 186 Al)
814 149 1161 186 FAMILIARES
1451 149 1519 186 IV.
1541 159 1574 186 v

174 259 209 298 ei
230 260 282 298 rei
304 259 494 310 sapientia
514 267 580 299 tua
603 267 642 298 te
668 272 879 299 occurrere.
941 260 1062 309 Quod
1084 258 1115 297 si
1136 259 1203 309 qui
1228 259 1345 298 etiam
1373 259 1504 298 inferis

174 338 311 363 sensus
345 333 416 373 est,
447 325 512 375 qui
548 324 650 364 illius
681 324 721 363 in
755 333 793 364 te
824 338 934 364 amor
967 324 1038 363 fuit
1072 324 1277 375 pietasque
1306 324 1346 362 in
1377 324 1506 363 omnis

175 404 279 439 suos,
318 391 394 429 hoc
433 398 536 429 certe
575 390 641 428 illa
679 398 717 429 te
760 391 887 430 facere
930 403 1011 429 non
1057 391 1149 428 vult.
1230 392 1292 428 Da
1330 391 1406 428 hoc
1451 389 1506 428 illi

175 465 364 503 mortuae,
393 457 445 494 da
474 455 610 494 ceteris
640 455 776 495 amicis
805 470 851 494 ac
882 454 1149 503 familiaribus,
1175 455 1242 506 qui
1272 463 1340 494 tuo
1370 456 1506 494 dolore

137 537 153 569 5
174 529 362 569 maerent,
396 521 447 559 da
485 521 644 571 patriae,
679 528 734 570 ut,
767 521 797 559 si
830 535 908 572 qua
942 521 981 559 in
1015 535 1054 559 re
1089 534 1188 572 opus
1224 520 1285 569 sit,
1317 534 1436 571 opera
1469 528 1507 559 et

175 585 339 625 consilio
378 593 447 625 tuo
479 585 534 624 uti
575 586 707 637 possit.
784 586 981 637 Denique,
1017 586 1206 636 quoniam
1238 586 1278 624 in
1310 599 1397 624 eam
1436 587 1508 624 for-

175 659 310 690 tunam
332 650 576 700 devenimus,
598 659 640 690 ut
668 651 785 690 etiam
816 651 907 690 huic
938 651 991 690 rei
1020 651 1135 689 nobis
1163 651 1415 690 serviendum
1446 651 1507 699 sit,

176 716 255 755 noli
285 716 530 755 committere
558 724 600 755 ut
622 716 829 767 quisquam
853 724 889 755 te
911 724 1021 767 putet
1042 730 1123 755 non
1145 724 1225 754 tam
1247 715 1366 754 filiam
1387 729 1508 766 quam

176 782 229 821 rei
251 782 431 832 publicae
453 789 629 831 tempora
651 790 688 820 et
709 782 873 821 aliorum
897 782 1099 820 victoriam
1122 783 1263 832 lugere.

119 863 158 884 10
231 849 346 886 Plura
384 860 447 886 me
485 848 536 885 ad
576 855 613 885 te
653 848 703 885 de
737 849 810 885 hac
843 861 883 886 re
919 846 1087 886 scribere
1121 848 1258 898 pudet,
1292 860 1342 886 ne
1375 846 1509 885 videar

175 912 406 964 prudentiae
427 920 516 951 tuae
533 912 719 952 diffidere.
783 914 874 962 Qua
894 926 946 960 re,
961 912 991 950 si
1013 914 1088 951 hoc
1109 926 1233 951 unum
1255 924 1509 963 proposuero,

176 980 295 1018 finem
337 978 478 1017 faciam
526 978 748 1017 scribendi:
794 977 978 1017 Vidimus
1017 977 1252 1028 aliquotiens
1292 979 1508 1017 secundam

175 1044 434 1096 pulcherrime
473 1052 510 1082 te
549 1045 645 1083 ferre
687 1045 884 1082 fortunam
924 1057 1187 1094 magnamque
1226 1057 1272 1082 ex
1311 1056 1356 1082 ea
1395 1057 1433 1081 re
1472 1050 1510 1081 te

175 1111 333 1149 laudem
391 1109 512 1160 apisci
528 1124 538 1157 ;
596 1110 656 1148 fac
707 1109 922 1160 aliquando
980 1109 1252 1160 intellegamus
1306 1110 1510 1148 adversam

121 1188 155 1219 ¹5
177 1187 336 1226 quoque
361 1182 398 1214 te
424 1186 549 1225 aeque
577 1175 674 1213 ferre
702 1188 818 1225 posse
842 1188 970 1225 neque
992 1174 1032 1213 id
1054 1174 1192 1224 maius,
1213 1188 1332 1225 quam
1353 1174 1511 1221 debeat,

177 1240 248 1280 tibi
283 1253 383 1279 onus
414 1239 549 1287 videri,
581 1253 630 1278 ne
665 1252 711 1278 ex
747 1238 932 1278 omnibus
967 1239 1173 1278 virtutibus
1206 1240 1303 1278 haee
1332 1252 1411 1277 una
1439 1237 1511 1277 tibi

177 1305 354 1345 videatur
374 1306 521 1344 deesse.

233 1370 354 1420 Quod
383 1371 433 1408 ad
461 1383 524 1408 me
554 1370 706 1418 attinet,
736 1383 827 1408 cum
858 1378 896 1409 te
926 1370 1235 1420 tranquilliorem
1264 1369 1397 1408 animo
1427 1381 1511 1407 esse

179 1449 364 1486 cognoro,
393 1436 442 1474 de
472 1434 517 1474 iis
548 1435 676 1483 rebus,
704 1448 805 1486 quae
837 1434 900 1473 hic
929 1443 1128 1485 geruntur,
1158 1435 1512 1486 quemadmodum-

122 1514 160 1535 20
180 1514 256 1552 que
277 1514 318 1540 se
338 1499 538 1552 provincia
558 1500 714 1549 habeat,
737 1499 942 1540 certiorem
964 1500 1115 1539 faciam.
1175 1501 1285 1539 Vale.

224 1664 290 1699 VI
332 1665 401 1699 Scr.
422 1667 455 1698 in
472 1666 576 1697 Attici
588 1666 761 1697 Ficuleano
779 1665 883 1697 medio
902 1677 945 1698 m.
965 1665 1048 1706 Apr.
1068 1676 1098 1696 a.
1120 1675 1178 1706 709
1199 1665 1276 1707 (45).

464 1744 507 1775 M.
535 1743 711 1788 CICERO
737 1743 773 1774 S.
801 1743 839 1773 D.
875 1742 974 1774 SER.
1001 1741 1224 1773 SVLPICIO.

237 1824 321 1873 Ego
359 1835 461 1869 vero,
496 1821 613 1868 Servi,
647 1821 798 1867 vellem,
836 1826 879 1857 ut
912 1818 1059 1866 scribis,
1093 1819 1132 1857 in
1164 1832 1254 1857 meo
1284 1817 1547 1868 gravissim01

183 1901 276 1927 casu
307 1886 526 1933 adfuisses,-
569 1893 761 1936 quantum
793 1883 898 1923 enirn
928 1897 1112 1934 praesens
1142 1897 1205 1923 me
1234 1883 1419 1922 adiuvare
1447 1896 1514 1934 po-

126 1964 163 1995 25
185 1952 302 1992 tueris
332 1959 369 1990 et
396 1951 641 1990 consolando
670 1958 707 1988 et
735 1962 857 2000 prope
882 1962 1008 1999 aeque
1035 1950 1220 1996 dolendo,
1251 1948 1364 1988 facile
1394 1962 1440 1987 ex
1466 1961 1513 1986 eo

183 2018 377 2068 intellego,
402 2017 511 2067 quod
531 2014 666 2054 litteris
689 2014 798 2053 lectis
824 2013 1069 2064 aliquantum
1095 2013 1290 2064 adquievi.
1350 2015 1455 2052 Nam
1476 2020 1514 2052 et

184 2097 230 2122 ea
250 2081 445 2133 scripsisti,
464 2094 565 2131 quae
578 2082 705 2119 levare
726 2081 876 2118 luctum
892 2087 1063 2130 possent,
1080 2087 1118 2118 et
1138 2079 1178 2117 in
1192 2092 1255 2118 me
1269 2079 1514 2118 consolando

185 2161 266 2186 non
304 2146 545 2186 mediocrem
584 2146 667 2196 ipse
706 2145 827 2184 animi
863 2146 1041 2183 dolorem
1075 2143 1300 2183 adhibuisti.
1360 2143 1514 2182 Servius

186 2220 319 2252 tamen
350 2220 439 2251 tuus
474 2211 659 2266 omnibus
692 2211 839 2258 officiis,
876 2224 977 2261 quae
1010 2209 1064 2247 illi
1095 2208 1263 2259 tempori
1301 2207 1418 2247 tribui
1450 2220 1516 2258 po-

128 2288 170 2319 30
188 2284 356 2325 merum,
378 2277 589 2317 declaravit
611 2286 649 2316 et
679 2277 816 2328 quanti
840 2277 924 2327 ipse
952 2290 1015 2315 me
1037 2277 1182 2314 faceret
1202 2282 1240 2312 et
1261 2286 1379 2324 quam
1401 2285 1514 2311 suum

187 2425 197 2456 l
234 2392 271 2430 ις
295 2380 476 2454 apisclivM:
501 2380 640 2421 adipisci
660 2379 723 2410 GR
822 2381 860 2410 18
885 2377 1117 2418 tranquilliore
1134 2375 1382 2416 MartynfiLag.
1474 2375 1517 2405 26

200 2430 282 2456 ectis
299 2429 365 2455 tuis

232 2489 293 2511 cre.
313 2489 360 2510 An
378 2489 456 2510 FAM.
1412 2474 1430 2507 7
