1791 2796
119 149 234 187 xm.
254 149 336 186 via
634 152 689 189 M.
721 152 890 209 TVLLI
922 153 1229 193 CICERONIS

309 286 374 321 VI
389 299 413 322 a
678 290 747 323 Scr.
769 291 843 324 ibid.
865 292 932 324 eod.
944 293 1015 332 sere
1031 296 1179 334 tempore.

373 378 422 410 M.
452 378 625 411 CICERO
649 379 690 419 Q.
721 380 938 411 VALERIO
963 382 1000 421 Q.
1029 382 1068 413 F.
1100 381 1264 412 ORCAE
1283 382 1481 414 PROCOS.

320 469 359 505 P.
396 468 613 516 Cornelius,
648 468 714 519 qui
749 468 821 508 tibi
853 469 998 508 litteras
1032 471 1104 508 lzas
1136 470 1259 518 dedit,
1288 479 1346 509 est
1377 470 1473 509 mihi
1501 485 1524 509 a
1554 473 1595 509 P.

264 533 414 583 Cuspio
444 535 771 583 commendatus3
800 535 911 573 cuius
941 549 1060 573 causa
1087 544 1237 586 quanto
1265 550 1384 586 opere
1414 538 1624 586 cuperem'

264 599 530 649 deberemque
561 601 738 650 profecto
768 614 814 639 ex
844 614 907 638 me
941 600 1055 639 facile
1083 601 1272 651 cognosti.
1332 603 1599 640 Vehementer
1617 617 1634 646 5

263 671 301 702 te
328 677 422 714 rogo
452 672 493 702 ut
523 678 634 703 cures
670 673 711 703 ut
741 679 787 704 ex
821 666 895 704 hac
925 667 1272 704 commendatione
1302 665 1398 704 mihi
1426 666 1598 717 Cuspius

263 742 381 778 quam
404 729 591 769 maximas
613 743 732 781 quam
753 730 923 781 primum
945 744 1064 781 quam
1084 731 1312 782 saepissime
1331 730 1470 783 gratias
1497 740 1595 783 agat.

263 796 370 833 Vale.

306 934 397 969 VII
485 937 554 969 Ser.
578 938 708 970 Romae
724 949 788 969 non
807 942 881 970 ante
899 939 982 970 med.
1006 950 1051 971 m.
1075 940 1142 971 Oct.
1164 950 1194 971 a.
1219 950 1278 981 709
1298 940 1376 981 (45).

710 1027 886 1060 CICERO
912 1029 1083 1060 CLVVIO
1109 1029 1144 1060 S.
1619 1046 1657 1068 10

227 1126 243 1153 1
318 1119 420 1159 Cum
456 1118 494 1156 in
531 1118 700 1157 Galliam
735 1118 988 1169 proficiscens
1027 1132 1099 1169 pro
1133 1126 1266 1158 nostra
1304 1118 1597 1158 necessitudine

263 1191 409 1234 tuaque
437 1198 590 1222 summa
617 1183 656 1221 in
685 1198 749 1223 me
776 1184 1025 1223 observantia
1051 1185 1103 1222 ad
1130 1198 1193 1223 me
1220 1185 1386 1223 domum
1410 1184 1594 1231 venisses,

263 1251 417 1289 locutus
457 1264 543 1288 sum
584 1257 715 1288 tecum
755 1251 806 1289 de
844 1264 938 1300 agro
976 1250 1154 1300 vectigali
1193 1249 1382 1300 municipi
1412 1249 1593 1296 Atellani,

263 1315 330 1365 qui
365 1324 466 1354 esset
496 1315 535 1354 in
564 1315 700 1362 Gallia,
729 1324 959 1366 quantoque
991 1330 1109 1366 opere
1143 1315 1226 1354 eius
1261 1315 1449 1368 municipi
1479 1329 1596 1354 causa

263 1381 479 1420 laborarem
513 1381 583 1419 tibi
622 1381 790 1421 ostendi.
860 1384 955 1419 Post
993 1389 1100 1419 tuam
1139 1388 1272 1419 autem
1311 1380 1594 1431 profectionem
1619 1394 1655 1425 15

263 1460 352 1485 curn
388 1455 426 1486 et
458 1447 628 1485 maxima
665 1461 726 1486 res
765 1447 955 1497 municipi
989 1446 1256 1486 honestissimi
1296 1446 1472 1496 mihique
1506 1460 1596 1485 con-

263 1512 493 1551 iunctissimi
529 1520 566 1551 et
597 1526 797 1551 summum
833 1526 966 1551 meum
1001 1512 1174 1551 officium
1205 1520 1391 1562 ageretur,
1426 1525 1496 1562 pro
1528 1519 1596 1550 tuo

262 1578 395 1616 animo
423 1578 461 1616 in
494 1592 556 1616 me
587 1578 770 1629 singulari
798 1578 1015 1617 existimavi
1045 1592 1108 1617 me
1136 1586 1315 1628 oportere
1341 1578 1392 1616 ad
1420 1586 1457 1615 te
1484 1590 1596 1615 accu-

262 1643 379 1682 ratius
414 1643 592 1691 scribere,
625 1644 697 1683 etsi
731 1658 812 1683 non
847 1649 934 1683 su'm
974 1644 1128 1683 nescius
1167 1651 1206 1682 et
1236 1638 1592 1693 quae'temporum

261 1709 358 1748 ratio
386 1717 423 1748 et
444 1723 545 1760 quae
573 1717 639 1748 tua
665 1717 840 1760 potestas
866 1709 926 1757 sit,
949 1709 1100 1760 tibique
1123 1709 1325 1759 negotium
1346 1709 1482 1747 datum
1508 1720 1593 1746 esse
1614 1723 1655 1744 20

260 1789 283 1814 a
308 1777 351 1815 C.
377 1777 554 1822 Caesare,
581 1789 663 1814 non
690 1775 892 1822 iudicium,
916 1777 1112 1826 praeclare
1139 1774 1332 1825 intellego.
1394 1775 1484 1822 Qua
1508 1786 1548 1811 re
1572 1785 1595 1811 a

263 1850 300 1881 te
322 1850 473 1880 tantum
495 1850 598 1893 peto,
622 1849 814 1892 quantum
841 1849 880 1880 et
907 1849 945 1880 te
972 1843 1098 1880 facere
1118 1855 1234 1892 posse
1255 1848 1293 1879 et
1314 1840 1480 1879 libenter
1508 1852 1596 1878 mea

220 1917 244 1944 2
263 1922 380 1946 causa
408 1909 601 1947 facturum
628 1922 714 1947 esse
737 1907 911 1947 arbitror.
973 1910 1023 1946 Et
1047 1907 1216 1958 primum
1239 1907 1355 1945 velim
1384 1905 1591 1951 existimes,

263 1975 371 2023 quod
411 1987 469 2012 res
509 1981 577 2020 est,
615 1973 804 2024 municipi
847 1975 1019 2012 fortunas
1060 1972 1189 2011 omnis
1227 1971 1266 2010 in
1302 1971 1377 2010 isto
1415 1969 1593 2022 vectigali

262 2038 485 2086 consistere,
510 2039 569 2076 his
593 2047 725 2078 autem
754 2038 997 2090 temporibus
1027 2039 1103 2077 hoc
1128 2037 1386 2088 municipium
1415 2035 1592 2074 maximis
1616 2049 1652 2080 25

262 2103 448 2142 oneribus
488 2118 665 2155 pressum
709 2105 874 2143 summis
916 2106 1115 2144 adfectum
1159 2118 1245 2143 esse
1285 2101 1590 2143 difficultatibus

267 2171 358 2208 Hoc
387 2169 459 2208 etsi
489 2183 702 2208 commune
731 2170 885 2208 videtur
916 2184 1001 2209 esse
1035 2183 1123 2208 cum
1161 2168 1302 2215 multis,
1336 2176 1467 2206 tamen
1498 2165 1593 2205 mihi

264 2235 379 2274 crede
404 2234 607 2285 singularis
634 2235 726 2274 huic
755 2235 972 2285 municipio
992 2235 1233 2274 calamitates
1253 2233 1467 2280 accidisse,
1496 2245 1593 2282 quas

307 2350 327 2379 3
352 2340 413 2371 has
430 2339 507 2371 add.
533 2340 634 2371 Omlls
735 2350 768 2370 11
791 2339 1046 2371 necessitudine
1064 2345 1187 2379 tuaque
1206 2338 1297 2369 HD:
1324 2336 1593 2370 necessitudine-

262 2395 327 2423 que
346 2389 400 2414 tua
421 2384 481 2415 M:
507 2395 579 2415 nec.
603 2395 729 2424 proque
749 2390 806 2415 tua
826 2384 928 2416 Orelli
1055 2394 1096 2414 22
1120 2391 1152 2415 tc
1171 2388 1206 2414 ct
1222 2382 1313 2414 Koch
1438 2391 1478 2420 27
1504 2391 1592 2412 com-

263 2438 365 2459 mune
383 2428 412 2458 ci
432 2427 552 2460 Lamb.
