1791 2796
118 143 212 179 XII.
234 142 340 178 xxiii
637 142 692 178 M.
725 142 892 178 TVLLI
925 142 1233 180 CICERONIS

267 253 446 303 probant.
507 252 616 301 Quid
641 252 826 303 quaeris?
866 267 1007 304 magna
1033 267 1122 304 spes
1152 262 1210 292 est
1240 253 1278 292 in
1309 269 1384 300 cog
1423 254 1517 293 nibil
1545 261 1603 293 est

267 319 375 367 quod
415 331 496 356 non
535 317 776 356 existimetur
817 318 944 357 laudis
990 327 1027 357 et
1072 319 1216 369 gloriae
1265 333 1381 358 causa
1420 321 1600 358 facturus.

270 383 466 422 Antonius
491 391 637 431 autem,
658 392 790 423 noster
820 383 1032 433 familiaris,
1054 393 1163 423 tanto
1194 399 1234 423 se
1264 384 1357 423 odio
1385 400 1469 423 esse
1497 385 1604 423 intel-

267 448 359 498 legit
390 457 441 495 ut,
475 463 565 487 cum
604 449 871 488 interfectores
911 463 1002 487 suos
1041 449 1151 488 domi
1189 449 1492 500 comprenderit,
1524 464 1604 488 rem

269 515 438 564 proferre
471 529 551 553 non
581 515 734 553 audeat.
797 517 842 552 A.
875 516 911 553 d.
941 527 996 552 νη
1031 516 1089 553 Id.
1121 517 1208 554 Oct.
1244 515 1495 554 Brundisium
1526 523 1605 553 erat
1626 530 1642 560 5

270 581 466 630 profectus
489 580 646 618 obviam
667 580 888 630 legionibus
912 581 1184 619 Macedonicis
1202 589 1396 631 qtlattuor,
1415 595 1511 631 quas
1533 580 1605 618 sibi

271 645 479 683 conciliare
508 645 676 695 pecunia
705 645 902 696 cogitabat
933 660 1077 697 easque
1107 648 1159 685 ad
1188 647 1327 685 urbem
1351 647 1548 685 adducere
1569 653 1606 684 et

272 711 311 749 in
332 710 549 749 cervicibus
571 710 712 749 nostris
734 712 952 749 conlocare.

228 787 252 823 3
331 779 466 816 Habes
488 779 653 816 formam
674 777 726 816 rei
749 792 800 828 p.‚
823 777 853 815 si
881 777 919 815 in
949 776 1082 815 castris
1113 785 1241 827 potest
1268 792 1353 816 esse
1383 791 1442 815 res
1467 791 1530 827 μς
1568 776 1606 814 in

272 857 352 893 quo
392 851 498 881 tuam
538 842 663 881 vicem
704 857 821 893 saepe
859 843 987 889 doleo,
1025 843 1134 893 quod
1173 844 1320 881 nullam
1356 850 1504 893 partem
1540 855 1608 892 per
1631 858 1668 880 ιο

269 916 439 947 aetatem
478 922 596 946 sanae
635 917 673 946 et
712 910 840 946 salvae
880 908 932 946 rei
972 922 1007 958 p.
1045 916 1200 958 gustare
1233 907 1404 959 potuisti.
1476 910 1607 957 Atque

270 975 437 1012 antehac
468 973 629 1023 quidem
660 988 813 1024 sperare
841 975 977 1012 saltem
1006 973 1164 1020 licebat,
1186 988 1288 1011 nunc
1316 973 1433 1011 etiam
1462 972 1501 1011 id
1532 986 1608 1010 ere-

272 1048 382 1089 ptum
401 1047 468 1077 est.
511 1042 624 1088 Quae
641 1039 746 1078 enim
768 1048 826 1078 est
847 1054 949 1089 spes,
963 1053 1053 1077 cum
1076 1039 1114 1077 in
1136 1038 1322 1076 contione
1342 1038 1471 1076 dicere
1491 1051 1608 1075 ausus

272 1104 320 1142 sit
342 1104 539 1144 Antonius
561 1104 803 1144 Cannutium
832 1105 938 1155 apud
966 1119 1033 1143 eos
1060 1106 1192 1143 locum
1221 1103 1293 1141 sibi
1319 1117 1503 1154 quaerere
1528 1102 1609 1153 qui-

224 1177 250 1214 4
273 1170 346 1208 bus
367 1185 407 1208 se
429 1171 535 1208 salvo
556 1172 665 1208 locus
686 1169 726 1207 in
748 1169 903 1208 civitate
924 1184 1009 1208 esse
1031 1184 1111 1208 non
1133 1171 1294 1220 posset?
1352 1169 1548 1218 Equidem
1570 1175 1608 1206 et
1631 1184 1668 1215 15

272 1237 368 1274 haec
399 1243 436 1274 et
467 1236 600 1274 onmia
630 1250 730 1286 quae
766 1235 917 1273 homini
952 1235 1131 1274 accidere
1165 1243 1331 1285 possunt
1365 1234 1419 1272 sic
1455 1235 1536 1273 sero
1567 1241 1610 1272 ut

271 1300 546 1350 philosophiae
577 1315 759 1351 magnam
788 1301 956 1338 habeam
984 1300 1160 1349 gratiam,
1181 1314 1282 1350 quae
1303 1313 1366 1338 me
1387 1313 1467 1337 non
1490 1299 1610 1337 modo

270 1367 320 1404 ab
356 1366 621 1405 sollicitudine
652 1365 814 1405 abducit
845 1367 915 1404 sed
951 1365 1068 1403 etiam
1101 1373 1237 1403 contra
1270 1364 1399 1403 omnis
1432 1366 1610 1402 fortunae

271 1431 440 1481 impetus
470 1440 603 1479 armat,
628 1431 778 1482 tibique
808 1431 913 1471 idem
945 1445 1089 1470 censeo
1126 1430 1351 1469 faciendum
1380 1443 1452 1468 nec
1481 1444 1504 1468 a
1530 1443 1609 1480 quo

270 1499 386 1548 culpa
419 1496 521 1536 absit
556 1497 769 1548 quicquam
805 1496 844 1535 in
884 1496 995 1535 malis
1034 1497 1335 1536 numerandum.
1400 1496 1478 1535 Sed
1513 1496 1610 1534 haec
1631 1511 1672 1532 20

272 1571 313 1601 tu
336 1562 484 1601 melius.

325 1628 548 1667 Tratorium
571 1636 747 1666 nostrum
774 1642 864 1666 cum
893 1641 1047 1678 semper
1074 1627 1317 1678 probassem,
1338 1634 1421 1664 tum
1443 1625 1610 1665 maxime

272 1693 310 1731 in
336 1693 412 1732 tuis
442 1694 558 1731 rebus
588 1707 783 1732 summam
815 1693 897 1732 eius
929 1694 1064 1740 fidem,
1084 1692 1326 1743 diligentiam
1348 1691 1611 1742 prudentiam-

272 1773 349 1809 que
388 1759 566 1809 cognovi.
640 1762 702 1798 Da
741 1773 900 1810 operam
934 1767 974 1797 ut
1013 1760 1170 1806 valca53
1217 1759 1293 1797 hoc
1333 1757 1429 1796 mihi
1466 1756 1610 1808 gratius

275 1826 400 1863 facere
422 1823 517 1862 nihil
539 1832 663 1874 potes.
1632 1837 1670 1870 25

321 1978 473 2013 XXIV
557 1982 626 2014 Scr.
651 1983 779 2013 Romae
795 1984 865 2014 circ.
887 1984 922 2013 ix
937 1983 980 2014 Κ.
1002 1983 1091 2014 Fcbr.
1114 1995 1144 2014 (ι.
1170 1994 1223 2022 71!
1244 1984 1322 2023 (43].

680 2061 743 2090 CI(
749 2060 850 2091 ‘ERO
876 2060 1149 2091 CORNIFICIO
1170 2060 1206 2091 S.

242 2149 258 2176 1
336 2139 419 2185 ligo
450 2139 599 2175 nullum
632 2139 761 2175 locum
802 2138 1069 2188 praetermitto
1101 2139 1190 2187 (nec
1225 2137 1328 2176 enim
1360 2138 1505 2187 debeo)
1531 2150 1611 2175 non

280 2203 401 2240 modo
422 2202 607 2241 laudandi
632 2202 685 2240 tui
707 2204 776 2241 sed
798 2217 846 2241 nc
874 2203 1037 2241 ornandi
1060 2203 1220 2253 quidem
1242 2218 1249 2249 3
1283 2204 1351 2240 sed
1379 2216 1464 2239 mea
1484 2201 1612 2240 studia

280 2281 368 2317 erga
390 2276 426 2306 te
448 2275 484 2305 et
511 2267 639 2306 officia
668 2270 771 2306 malo
802 2268 869 2306 tibi
896 2283 941 2307 ex
970 2277 1125 2307 tuorum
1153 2267 1287 2306 litteris
1308 2280 1428 2317 quam
1448 2280 1493 2304 ex
1515 2265 1611 2304 meis
1632 2280 1673 2311 30

328 2384 365 2404 ιο
389 2384 457 2413 quo
476 2373 623 2404 Ernesti:
654 2384 719 2412 qua
738 2373 826 2404 rorlrl.
964 2374 1006 2403 28
1032 2383 1097 2404 non
1125 2373 1224 2404 modo
1249 2371 1389 2403 ornandi
1416 2371 1462 2401 tui
1485 2370 1546 2401 sed
1568 2379 1611 2399 ne

281 2417 439 2449 laudandi
457 2418 592 2457 quidem
613 2417 797 2448 Gronovius
