1791 2796
184 901 221 922 10

181 1554 220 1576 20

181 1878 219 1910 25

180 2205 221 2236 30

611 184 724 221 EPP.
758 184 835 220 AD
867 183 1215 220 FAMILIARES
1538 181 1648 217 XIV.
1670 179 1716 216 iv

240 297 394 344 videte;
434 295 530 334 mihi
550 297 660 334 deest
680 294 899 334 consilium.
959 295 1036 333 Sed
1062 302 1176 341 certe,
1199 307 1362 344 quoquo
1384 294 1505 332 modo
1526 306 1567 330 se

241 376 300 401 res
322 362 493 409 habebit,
517 360 616 399 illius
642 360 814 399 misellae
841 368 878 399 et
910 359 1159 398 matrimonio
1187 367 1223 398 et
1251 361 1378 397 famae
1403 358 1568 397 servien-

240 429 337 467 dum
367 436 434 466 est.
495 426 634 477 Quid?
683 426 822 466 Cicero
852 439 961 464 meus
994 425 1089 475 quid
1118 427 1238 475 aget?
1287 426 1366 463 Iste
1396 438 1487 463 vero
1520 424 1567 462 sit

241 494 280 532 in
315 493 401 531 sinu
436 506 591 543 semper
619 500 657 531 et
688 493 895 542 complexu
926 504 1026 529 meo.
1086 492 1180 529 Non
1212 504 1315 541 queo
1349 492 1459 540 plura
1491 490 1566 528 iam

241 558 433 606 scribere,·
466 557 630 608 impedit
656 570 816 596 maeror.
875 558 937 594 Tu
965 556 1060 606 quid
1087 556 1208 606 egeris
1233 556 1394 604 nescio;
1438 564 1566 594 utrum

241 624 389 675 aliquid
411 631 542 662 teneas
558 637 619 670 an,
637 624 744 673 quod
765 629 910 669 metuo,
927 624 1041 672 plane
1062 621 1113 660 sis
1134 622 1309 672 spoliata.
1371 621 1564 669 Pisonem,
1588 629 1614 666 4

241 698 282 728 ut
310 689 456 736 scribis,
480 702 593 739 spero
621 690 701 727 fore
725 701 879 739 semper
905 695 1092 726 nostrum.
1154 690 1215 726 De
1243 687 1388 725 familia
1409 687 1570 726 liberata

241 755 337 793 nihil
359 763 416 793 est
437 755 544 804 quod
565 762 602 792 te
628 762 792 792 moveat.
853 753 1027 791 Primum
1052 753 1128 791 tuis
1158 752 1210 791 ita
1235 753 1470 803 promissum
1499 760 1566 800 est,

241 828 279 858 te
313 821 501 858 facturam
533 833 627 866 esse,
652 828 692 857 ut
723 819 890 869 quisque
920 827 1021 857 esset
1052 818 1211 856 meritus
1229 833 1239 866 3
1279 826 1337 856 est
1366 826 1498 857 autem
1530 818 1568 856 in

241 885 371 923 officio
397 886 528 923 adhuc
550 886 741 935 Orpheus,
766 892 963 934 praeterea
984 897 1127 934 magno
1148 897 1266 934 opere
1294 897 1440 930 nemo3
1469 892 1570 922 cete-

240 964 370 989 rorum
401 964 598 989 servorum
631 963 676 988 ea
715 963 833 987 causa
867 957 923 987 est
959 957 1011 996 ut,
1048 949 1078 987 si
1118 962 1176 987 res
1210 963 1233 987 a
1264 949 1379 987 nobis
1411 950 1566 996 abisset,

240 1015 368 1054 liberti
389 1015 510 1054 nostri
531 1022 671 1062 essent,
696 1014 726 1052 si
751 1014 928 1053 obtinere
958 1014 1202 1065 potuissent3
1231 1014 1290 1053 sin
1320 1015 1370 1053 ad
1395 1028 1466 1053 nos
1488 1029 1570 1065 per-

241 1081 420 1128 tinerent,
455 1080 639 1119 servirent
678 1088 949 1130 praeterquam
989 1079 1137 1130 oppido
1169 1079 1295 1130 pauci.
1355 1081 1433 1119 Sed
1472 1081 1568 1120 haec

242 1146 394 1185 minora
414 1154 517 1185 sunt.

297 1213 360 1250 Tu
399 1213 507 1262 quod
547 1226 609 1250 me
647 1211 810 1250 hortaris
849 1219 890 1249 ut
928 1210 1061 1249 animo
1101 1211 1172 1249 sim
1209 1225 1352 1262 magno
1386 1220 1423 1251 et
1458 1221 1612 1262 spems

242 1277 410 1316 habeam
450 1277 725 1327 reciperandae
763 1277 907 1323 salutis,
948 1276 989 1315 id
1020 1277 1136 1315 velim
1176 1277 1223 1315 sit
1258 1278 1340 1316 eius
1380 1278 1488 1316 modi
1527 1287 1569 1316 ut

240 1350 344 1381 recte
387 1356 540 1393 sperare
579 1343 784 1393 possimus.
855 1344 974 1380 Nunc
1013 1342 1129 1381 miser
1167 1344 1328 1393 quando
1367 1351 1452 1381 tuas
1492 1344 1568 1382 iam

241 1407 386 1446 litteras
407 1407 632 1458 accipiam?
683 1407 769 1458 quis
789 1409 839 1446 ad
861 1421 924 1445 me
945 1409 1141 1457 perferet?
1190 1409 1299 1456 Quas
1321 1422 1393 1458 ego
1414 1422 1570 1460 exspec-

240 1481 384 1512 tassem
400 1473 595 1520 Brundisi,
615 1473 645 1511 si
666 1480 767 1511 esset
783 1471 932 1511 licitum
953 1486 1021 1523 per
1041 1481 1190 1520 nautas,
1207 1473 1272 1523 qui
1295 1482 1568 1524 tempestatem

241 1538 548 1590 praetermittere
576 1540 795 1576 noluerunt.
854 1538 976 1586 Quod
1003 1538 1196 1589 reliquum
1223 1547 1291 1586 est,
1322 1547 1497 1579 sustenta
1517 1548 1566 1590 te,

240 1618 328 1643 mea
358 1604 554 1652 Terentia,
578 1612 620 1642 ut
645 1612 756 1655 potes
784 1602 1069 1642 honestissime.
1128 1604 1318 1651 Viximus,
1342 1606 1544 1644 floruimus
1559 1621 1569 1654 ς

239 1684 319 1709 non
336 1670 471 1708 vitium
494 1678 670 1708 nostrum
692 1671 761 1708 sed
782 1668 900 1707 virtus
922 1676 1053 1706 nostra
1069 1682 1141 1706 nos
1157 1669 1305 1707 adflixit
1322 1685 1331 1717 3
1361 1678 1567 1720 peccatum

239 1743 296 1774 est
310 1737 472 1783 nullum,
492 1736 565 1774 nisi
582 1736 691 1785 quod
707 1748 788 1772 non
804 1748 882 1772 una
894 1734 1066 1772 animam
1081 1748 1171 1772 cum
1188 1735 1426 1773 ornamentis
1442 1736 1569 1774 amisi-

240 1814 336 1839 mus.
388 1802 466 1846 Sed
487 1801 518 1839 si
535 1803 611 1839 hoc
628 1800 697 1838 fuit
714 1799 844 1838 liberis
865 1799 1006 1837 nostris
1022 1799 1165 1849 gratius
1182 1813 1253 1837 nos
1270 1799 1407 1847 vivere,
1427 1808 1565 1849 cetera,

240 1878 481 1916 quamquam
512 1867 672 1904 ferenda
696 1879 777 1903 non
804 1872 905 1911 sunt,
932 1865 1110 1902 feramus,
1170 1866 1301 1914 Atque
1326 1878 1409 1915 ego,
1436 1865 1502 1916 qui
1529 1873 1568 1904 te

239 1932 441 1978 confirmo,
477 1931 560 1981 ipse
594 1945 657 1969 me
691 1944 770 1968 non
805 1943 976 1980 possum.
1037 1929 1223 1968 Clodium
1263 1930 1566 1978 Philhetaerum,
1589 1934 1616 1971 6

239 1998 348 2046 quod
368 1996 593 2035 valetudine
615 1997 819 2034 oculorum
852 1994 1149 2045 impediebatur,
1173 1993 1376 2032 hominem
1397 1996 1566 2042 fidelem,

239 2062 378 2101 remisi.
450 2062 654 2100 Sallustius
693 2061 822 2100 officio
863 2061 981 2099 vincit
1020 2060 1158 2098 omnis.
1233 2060 1472 2099 Pescennius
1511 2069 1568 2100 est

240 2129 525 2179 perbenevolus
558 2126 672 2165 nobis
691 2141 700 2173 3
742 2140 860 2177 quem
899 2140 1053 2176 semper
1086 2139 1200 2176 spero
1233 2125 1289 2163 tui
1328 2127 1408 2164 sore
1440 2126 1569 2164 obser-

241 2201 408 2231 vantem.
469 2192 580 2230 Sicca
608 2191 756 2230 dixerat
786 2205 827 2229 se
858 2205 1012 2229 mecum
1043 2193 1124 2229 fore
1154 2192 1223 2229 sed
1254 2190 1464 2229 Brundisio
1493 2191 1568 2229 dis-

285 2308 304 2335 4
330 2294 421 2335 meo]
439 2300 497 2325 tuo
515 2294 633 2334 {vrrell
722 2305 738 2333 7
757 2294 930 2325 liberanda
952 2294 1140 2334 ll'esenberg
1230 2304 1264 2324 11
1285 2294 1408 2324 abisset
1425 2292 1544 2324 Lamb.
1562 2306 1569 2324 :

241 2340 375 2370 abesset
393 2338 478 2369 codd.
633 2349 672 2368 12
696 2338 883 2377 pertineret
911 2338 1093 2368 Gronovius
1128 2337 1316 2377 lVesenbetg
1467 2348 1504 2367 21
1532 2343 1568 2367 ut

242 2387 350 2422 potes.
394 2382 644 2413 Honestissime
668 2382 812 2412 viximus
836 2380 949 2411 Baiter
1080 2391 1120 2420 25
1146 2392 1212 2411 non
1231 2392 1295 2411 om.
1316 2381 1358 2411 Μ
1464 2381 1567 2420 Atqui

245 2425 434 2466 Wesenberg
551 2426 591 2454 28
616 2425 797 2455 Sallustius
822 2425 922 2465 vulg,
945 2435 1027 2464 quae
1039 2426 1158 2463 forma
1185 2424 1308 2461 melior,
1326 2425 1363 2464 cs.
1381 2424 1498 2455 indices
1513 2424 1568 2454 In-

241 2470 449 2511 scn'ptionnm
463 2480 469 2498 2
497 2468 666 2500 Salustius
682 2467 768 2499 codd.
909 2468 1014 2499 vincit
1031 2472 1101 2500 vett.
1120 2481 1126 2500 ;
1152 2472 1219 2499 —cet
1235 2468 1324 2501 codd.

1418 2525 1481 2554 29ζ
