1791 2796
144 150 212 188 IV.
231 149 277 186 iv
597 148 653 185 M.
686 147 855 185 TVLLI
887 148 1194 185 CICERONIS

225 260 363 312 sophia
396 259 616 308 delectavit,
649 267 783 298 tamen
817 261 894 299 hoc
929 259 1103 298 studium
1137 259 1284 298 cotidie
1318 258 1559 310 ingravescit,

225 328 354 373 credo,
378 335 416 364 et
442 326 580 365 aetatis
607 326 831 364 maturitate
855 326 906 364 ad
935 325 1184 377 prudentiam
1215 333 1253 364 et
1273 324 1318 364 iis
1340 333 1562 377 temporum

182 398 207 437 5
225 392 340 439 vitiis,
355 401 395 430 ut
412 394 520 430 nulla
539 406 599 431 res
620 391 695 430 alia
715 393 842 430 levare
858 391 1034 430 animum
1051 391 1240 430 molestiis
1257 390 1389 441 possit.
1432 393 1469 430 A
1483 404 1562 441 quo

225 458 356 496 studio
377 466 415 496 te
435 457 581 496 abduci
603 456 769 507 negotiis
791 457 975 507 intellego
995 470 1043 495 ex
1066 455 1142 495 tuis
1169 456 1316 504 litteris,
1340 457 1409 496 sed
1430 465 1562 495 tamen

223 523 372 574 aliquid
392 524 471 562 iam
495 532 630 562 noctes
651 531 689 562 te
710 523 963 561 adiuvabunt.
1581 537 1600 569 5

278 590 433 628 Servius
450 597 539 628 tuus
553 591 613 628 vel
630 589 760 639 potius
782 596 914 627 noster
930 602 1085 627 summa
1101 601 1164 628 me
1181 588 1429 627 observantia
1445 588 1537 627 colit
1552 603 1562 637 3

223 655 334 694 cuius
356 670 428 706 ego
449 670 540 694 curn
562 655 671 694 omni
692 655 886 706 probitate
907 668 1141 705 summaque
1162 653 1302 693 virtute
1323 662 1406 693 turn
1423 653 1561 693 studiis

223 721 482 772 doctrinaque
498 723 683 760 delector.
737 722 775 759 Is
797 734 953 759 mecum
975 734 1091 770 saepe
1113 720 1162 759 de
1183 727 1249 758 tua
1270 719 1475 775 mansione
1495 728 1562 767 aut

223 787 453 826 decessione
473 786 752 826 communicat.
808 787 953 824 Adhuc
974 785 1013 823 in
1034 786 1108 824 hae
1129 799 1216 823 sum
1237 785 1441 833 sententia,
1464 785 1561 824 nihil

226 862 268 892 ut
289 853 478 892 faciamus
508 852 583 890 nisi
613 853 723 902 quod
754 851 922 890 maxime
944 851 1089 890 Caesar
1109 852 1208 889 velle
1229 850 1415 889 videatur.
1478 851 1559 889 Res
1582 865 1622 888 10

222 926 314 956 sunt
335 918 417 957 eius
438 918 559 964 modi,
583 925 634 963 ut,
660 916 690 955 si
709 918 862 955 Romae
883 916 945 963 sis,
969 915 1065 953 nihil
1085 922 1237 965 praeter
1257 923 1344 953 tuos
1365 916 1560 954 delectare

223 984 356 1034 possit.
419 985 480 1022 De
513 983 670 1033 reliquis
703 982 800 1020 nihil
835 981 974 1020 melius
1009 981 1094 1031 ipso
1129 988 1187 1019 est
1220 981 1398 1027 Caesare,
1432 989 1561 1020 cetera

161 1060 165 1066 “
223 1057 314 1088 sunt
343 1049 426 1088 eius
452 1049 571 1095 modi,
597 1056 651 1096 ut,
673 1047 704 1086 si
728 1049 893 1086 alterum
924 1059 1054 1086 utrum
1084 1059 1245 1085 necesse
1273 1045 1330 1094 sit,
1353 1046 1488 1085 audire
1515 1060 1561 1085 ea

224 1116 335 1154 malis
356 1128 475 1165 quam
496 1114 638 1153 videre.
701 1116 794 1153 Hoc
821 1121 998 1152 nostrum
1028 1112 1236 1151 consilium
1262 1112 1377 1151 nobis
1399 1112 1560 1152 minime

223 1180 441 1219 iucundum
466 1188 535 1227 est,
559 1179 626 1230 qui
656 1187 693 1218 te
720 1178 852 1218 videre
882 1177 1076 1229 cupimus,
1103 1178 1174 1216 sed
1203 1177 1446 1216 consulimus
1476 1176 1557 1216 tibi.
1583 1192 1619 1225 ¹5

223 1247 331 1285 Vale.

265 1410 307 1445 V
458 1412 527 1445 Scr.
548 1412 689 1444 Atlzem's
706 1411 772 1443 circ.
795 1410 900 1443 medio
918 1422 960 1442 m.
982 1411 1080 1443 Mmr.
1103 1421 1132 1442 a.
1156 1421 1214 1452 709
1236 1410 1316 1453 (45).

633 1494 830 1527 SERVIVS
856 1493 1085 1526 CICERONI
1113 1493 1146 1526 S.

189 1588 207 1616 1
279 1582 420 1620 Postea
442 1592 560 1631 quam
583 1578 678 1616 mihi
700 1577 966 1617 renuntiatum
987 1585 1045 1616 est
1065 1579 1115 1617 de
1136 1577 1247 1617 obitu
1268 1577 1431 1625 Tulliae,
1456 1578 1558 1618 filiae

224 1654 323 1693 tuae,
354 1659 447 1684 sane
472 1658 591 1695 quam
619 1658 689 1695 pro
718 1658 766 1683 eo
793 1657 839 1682 ac
867 1643 997 1690 debui,
1024 1643 1188 1694 graviter
1218 1645 1462 1694 molesteque
1487 1644 1556 1682 tuli
1579 1659 1619 1681 20

224 1723 559 1760 communemque
598 1723 684 1748 eam
725 1709 987 1747 calamitatem
1023 1708 1263 1757 existimavi3
1298 1709 1375 1759 qui,
1411 1709 1442 1747 si
1473 1709 1558 1747 istic

223 1777 448 1822 adfuissem,
473 1788 602 1826 neque
630 1774 700 1813 tibi
729 1774 940 1813 defuissem
971 1787 1183 1824 coramque
1214 1787 1346 1813 meum
1379 1775 1556 1813 dolorem

225 1842 295 1880 tibi
328 1843 597 1880 declarassem.
673 1840 757 1878 Etsi
788 1853 911 1890 genus
947 1840 1022 1878 hoc
1057 1839 1339 1878 consolationis
1372 1839 1557 1878 miserum

225 1915 343 1957 atque
377 1907 562 1945 acerbum
602 1914 673 1953 est,
708 1912 912 1956 propterea
948 1905 1151 1955 quia‚<per
1179 1917 1286 1955 *quos
1317 1918 1363 1944 ea
1398 1906 1557 1945 confieri

225 1973 353 2017 debet,
388 1971 630 2021 propinquos
661 1985 707 2009 ac
747 1970 954 2017 familiaris,
990 1970 1015 2008 ii
1055 1970 1127 2020 ipsi
1160 1971 1240 2021 pari
1281 1971 1460 2010 molestia
1493 1973 1559 2010 ad·
1580 1983 1616 2014 25

227 2037 408 2075 ficiuntur
438 2050 566 2086 neque
597 2036 679 2074 sine
711 2036 877 2074 lacrimis
910 2036 1041 2074 multis
1072 2036 1111 2075 id
1142 2036 1274 2075 conari
1303 2044 1476 2087 possunt,
1502 2037 1556 2075 uti

226 2102 347 2152 magis
380 2102 450 2152 ipsi
487 2101 691 2140 videantur
722 2102 886 2140 aliorum
923 2102 1194 2141 consolatione
1230 2102 1402 2152 indigere
1437 2115 1555 2152 quam

225 2168 309 2206 aliis
339 2182 453 2218 posse
483 2181 596 2205 suum
629 2167 800 2205 officium
837 2175 1041 2217 praestare,
1077 2175 1220 2214 tamen,
1249 2181 1349 2217 quae
1381 2167 1420 2205 in
1443 2180 1557 2217 ‹prae-

226 2232 350 2271 sentia
380 2232 417 2270 in
450 2240 622 2270 mentem
655 2231 749 2269 mihi
781 2240 980 2279 venerunt,
1009 2232 1162 2271 decrevi
1190 2231 1296 2270 brevi
1328 2233 1378 2270 ad
1409 2239 1446 2270 te
1476 2246 1556 2282 per-

276 2348 311 2367 12
336 2337 482 2368 Caesare
507 2335 557 2365 R:
585 2345 699 2366 cesare
729 2341 761 2366 et
791 2335 838 2366 G:
873 2336 977 2366 ceteri
1004 2341 1036 2366 et
1055 2334 1094 2365 M
1109 2336 1230 2368 Baiter.
1252 2335 1460 2375 lVesenberg:
1495 2335 1553 2368 del.

226 2381 372 2412 caesare
391 2380 475 2410 Boot
587 2389 622 2418 13
648 2384 727 2409 sunt
748 2378 829 2410 GR:
856 2390 920 2410 om.
942 2379 982 2409 M
1109 2390 1151 2411 20
1175 2389 1256 2410 sane
1273 2389 1370 2419 quam
1389 2378 1447 2410 M:
1473 2389 1556 2410 sane

228 2425 290 2455 (lle
423 2433 463 2462 23
490 2423 649 2454 miserum
670 2422 745 2454 Vict.
763 2434 769 2453 :
795 2423 911 2453 mirum
929 2423 1014 2454 codd.
