<?xml version="1.0" encoding="UTF-8"?>
<!DOCTYPE html PUBLIC "-//W3C//DTD XHTML 1.0 Transitional//EN"
    "http://www.w3.org/TR/xhtml1/DTD/xhtml1-transitional.dtd">
<html xmlns="http://www.w3.org/1999/xhtml" xml:lang="en" lang="en">
 <head>
  <title>
</title>
<meta http-equiv="Content-Type" content="text/html;charset=utf-8" />
  <meta name='ocr-system' content='tesseract 3.04.00' />
  <meta name='ocr-capabilities' content='ocr_page ocr_carea ocr_par ocr_line ocrx_word'/>
</head>
<body>
  <div class='ocr_page' id='page_1' title='image "./epistulaerecogno01ciceuoft_0174.png"; bbox 0 0 1791 2796; ppageno 0'>
   <div class='ocr_carea' id='block_1_1' title="bbox 191 140 262 179">
    <p class='ocr_par' dir='ltr' id='par_1_1' title="bbox 191 140 262 179">
     <span class='ocr_line' id='line_1_1' title="bbox 191 140 262 179; baseline -0.014 0"><span class='ocrx_word' id='word_1_1' title='bbox 191 140 220 179; x_wconf 63' lang='lat' dir='ltr'><strong>V</strong></span> <span class='ocrx_word' id='word_1_2' title='bbox 234 140 262 178; x_wconf 83' lang='lat'>1.</span> 
     </span>
    </p>
   </div>
   <div class='ocr_carea' id='block_1_2' title="bbox 255 443 272 470">
    <p class='ocr_par' dir='ltr' id='par_1_2' title="bbox 255 443 272 470">
     <span class='ocr_line' id='line_1_2' title="bbox 255 443 272 470; baseline 0 0"><span class='ocrx_word' id='word_1_3' title='bbox 255 443 272 470; x_wconf 92' lang='lat'>1</span> 
     </span>
    </p>
   </div>
   <div class='ocr_carea' id='block_1_3' title="bbox 292 138 1255 177">
    <p class='ocr_par' dir='ltr' id='par_1_3' title="bbox 292 138 1255 177">
     <span class='ocr_line' id='line_1_3' title="bbox 292 138 1255 177; baseline -0.001 -1"><span class='ocrx_word' id='word_1_4' title='bbox 292 141 330 177; x_wconf 79' lang='lat' dir='ltr'>vi</span> <span class='ocrx_word' id='word_1_5' title='bbox 660 141 713 177; x_wconf 70' lang='lat' dir='ltr'>M.</span> <span class='ocrx_word' id='word_1_6' title='bbox 747 139 915 176; x_wconf 63' lang='lat' dir='ltr'>TVLLI</span> <span class='ocrx_word' id='word_1_7' title='bbox 948 138 1255 176; x_wconf 60' lang='lat' dir='ltr'>(¹1(&#39;ERole</span> 
     </span>
    </p>
   </div>
   <div class='ocr_carea' id='block_1_4' title="bbox 332 269 1317 381">
    <p class='ocr_par' dir='ltr' id='par_1_4' title="bbox 332 269 1317 381">
     <span class='ocr_line' id='line_1_4' title="bbox 332 269 1303 312; baseline -0.002 -8"><span class='ocrx_word' id='word_1_8' title='bbox 332 269 397 304; x_wconf 83' lang='lat' dir='ltr'>VI</span> <span class='ocrx_word' id='word_1_9' title='bbox 610 275 678 302; x_wconf 55' lang='lat' dir='ltr'>scr.</span> <span class='ocrx_word' id='word_1_10' title='bbox 703 271 828 302; x_wconf 67' lang='lat' dir='ltr'>Romus</span> <span class='ocrx_word' id='word_1_11' title='bbox 844 272 911 303; x_wconf 69' lang='lat' dir='ltr'>circ.</span> <span class='ocrx_word' id='word_1_12' title='bbox 934 271 974 302; x_wconf 82' lang='lat' dir='ltr'>K.</span> <span class='ocrx_word' id='word_1_13' title='bbox 998 270 1063 302; x_wconf 63' lang='grc' dir='ltr'>ΟΛ.</span> <span class='ocrx_word' id='word_1_14' title='bbox 1085 282 1115 302; x_wconf 81' lang='lat' dir='ltr'>a.</span> <span class='ocrx_word' id='word_1_15' title='bbox 1140 274 1199 310; x_wconf 62' lang='lat'>708</span> <span class='ocrx_word' id='word_1_16' title='bbox 1217 271 1303 312; x_wconf 50' lang='grc' dir='ltr'>(φή).</span> 
     </span>
     <span class='ocr_line' id='line_1_5' title="bbox 591 349 1317 381; baseline 0 -1"><span class='ocrx_word' id='word_1_17' title='bbox 591 350 632 381; x_wconf 77' lang='grc' dir='ltr'>Μ,</span> <span class='ocrx_word' id='word_1_18' title='bbox 661 350 838 380; x_wconf 68' lang='lat' dir='ltr'>CICERO</span> <span class='ocrx_word' id='word_1_19' title='bbox 866 350 899 380; x_wconf 63' lang='grc' dir='ltr'>ς.</span> <span class='ocrx_word' id='word_1_20' title='bbox 934 351 970 381; x_wconf 68' lang='grc' dir='ltr'>Ι).</span> <span class='ocrx_word' id='word_1_21' title='bbox 999 349 1039 380; x_wconf 83' lang='grc' dir='ltr'>Λ.</span> <span class='ocrx_word' id='word_1_22' title='bbox 1068 349 1317 380; x_wconf 65' lang='lat' dir='ltr'><strong>CAECINAE.</strong></span> 
     </span>
    </p>
   </div>
   <div class='ocr_carea' id='block_1_5' title="bbox 289 426 1624 543">
    <p class='ocr_par' dir='ltr' id='par_1_5' title="bbox 289 426 1624 543">
     <span class='ocr_line' id='line_1_6' title="bbox 343 426 1623 477; baseline 0.001 -13"><span class='ocrx_word' id='word_1_23' title='bbox 343 429 491 467; x_wconf 69' lang='lat' dir='ltr'>Vereor</span> <span class='ocrx_word' id='word_1_24' title='bbox 531 441 581 466; x_wconf 91' lang='lat' dir='ltr'>ne</span> <span class='ocrx_word' id='word_1_25' title='bbox 630 427 829 466; x_wconf 72' lang='lat' dir='ltr'>desideres</span> <span class='ocrx_word' id='word_1_26' title='bbox 873 427 1045 466; x_wconf 84' lang='lat' dir='ltr'>officium</span> <span class='ocrx_word' id='word_1_27' title='bbox 1095 440 1239 474; x_wconf 90' lang='lat' dir='ltr'>meum,</span> <span class='ocrx_word' id='word_1_28' title='bbox 1286 428 1394 477; x_wconf 85' lang='lat' dir='ltr'>quod</span> <span class='ocrx_word' id='word_1_29' title='bbox 1435 426 1505 465; x_wconf 88' lang='lat' dir='ltr'>tibi</span> <span class='ocrx_word' id='word_1_30' title='bbox 1552 439 1623 477; x_wconf 90' lang='lat' dir='ltr'>pro</span> 
     </span>
     <span class='ocr_line' id='line_1_7' title="bbox 289 492 1624 543; baseline -0.001 -12"><span class='ocrx_word' id='word_1_31' title='bbox 289 502 420 531; x_wconf 89' lang='lat' dir='ltr'>nostra</span> <span class='ocrx_word' id='word_1_32' title='bbox 441 501 479 531; x_wconf 89' lang='lat' dir='ltr'>et</span> <span class='ocrx_word' id='word_1_33' title='bbox 500 493 728 531; x_wconf 88' lang='lat' dir='ltr'>meritorum</span> <span class='ocrx_word' id='word_1_34' title='bbox 751 494 963 531; x_wconf 90' lang='lat' dir='ltr'>multorum</span> <span class='ocrx_word' id='word_1_35' title='bbox 981 501 1019 531; x_wconf 92' lang='lat' dir='ltr'>et</span> <span class='ocrx_word' id='word_1_36' title='bbox 1044 492 1262 531; x_wconf 83' lang='lat' dir='ltr'>studiorum</span> <span class='ocrx_word' id='word_1_37' title='bbox 1290 492 1442 543; x_wconf 89' lang='lat' dir='ltr'>parium</span> <span class='ocrx_word' id='word_1_38' title='bbox 1463 492 1624 531; x_wconf 90' lang='lat' dir='ltr'>coniun-</span> 
     </span>
    </p>
   </div>
   <div class='ocr_carea' id='block_1_6' title="bbox 289 557 1660 605">
    <p class='ocr_par' dir='ltr' id='par_1_6' title="bbox 289 557 1660 605">
     <span class='ocr_line' id='line_1_8' title="bbox 289 557 1660 605; baseline -0.001 -8"><span class='ocrx_word' id='word_1_39' title='bbox 289 558 419 597; x_wconf 85' lang='lat' dir='ltr'>ctione</span> <span class='ocrx_word' id='word_1_40' title='bbox 449 558 587 597; x_wconf 78' lang='lat' dir='ltr'>deesse</span> <span class='ocrx_word' id='word_1_41' title='bbox 617 572 698 597; x_wconf 84' lang='lat' dir='ltr'>non</span> <span class='ocrx_word' id='word_1_42' title='bbox 728 559 872 603; x_wconf 82' lang='lat' dir='ltr'>debet3</span> <span class='ocrx_word' id='word_1_43' title='bbox 907 559 976 597; x_wconf 84' lang='lat' dir='ltr'>sed</span> <span class='ocrx_word' id='word_1_44' title='bbox 1007 567 1138 596; x_wconf 88' lang='lat' dir='ltr'>tamen</span> <span class='ocrx_word' id='word_1_45' title='bbox 1169 571 1302 597; x_wconf 80' lang='lat' dir='ltr'>vereor</span> <span class='ocrx_word' id='word_1_46' title='bbox 1332 572 1381 596; x_wconf 90' lang='lat' dir='ltr'>ne</span> <span class='ocrx_word' id='word_1_47' title='bbox 1411 557 1622 597; x_wconf 85' lang='lat' dir='ltr'>litterarum</span> <span class='ocrx_word' id='word_1_48' title='bbox 1644 574 1660 605; x_wconf 84' lang='lat'>5</span> 
     </span>
    </p>
   </div>
   <div class='ocr_carea' id='block_1_7' title="bbox 287 623 1627 1530">
    <p class='ocr_par' dir='ltr' id='par_1_7' title="bbox 287 623 1627 1530">
     <span class='ocr_line' id='line_1_9' title="bbox 288 623 1624 674; baseline 0 -12"><span class='ocrx_word' id='word_1_49' title='bbox 288 638 310 662; x_wconf 85' lang='lat' dir='ltr'>a</span> <span class='ocrx_word' id='word_1_50' title='bbox 332 638 393 662; x_wconf 91' lang='lat' dir='ltr'>me</span> <span class='ocrx_word' id='word_1_51' title='bbox 418 623 591 663; x_wconf 83' lang='lat' dir='ltr'>officium</span> <span class='ocrx_word' id='word_1_52' title='bbox 621 623 805 674; x_wconf 82' lang='lat' dir='ltr'>requiras.</span> <span class='ocrx_word' id='word_1_53' title='bbox 867 625 976 673; x_wconf 86' lang='lat' dir='ltr'>Quas</span> <span class='ocrx_word' id='word_1_54' title='bbox 1002 623 1071 662; x_wconf 85' lang='lat' dir='ltr'>tibi</span> <span class='ocrx_word' id='word_1_55' title='bbox 1099 631 1138 662; x_wconf 87' lang='lat' dir='ltr'>et</span> <span class='ocrx_word' id='word_1_56' title='bbox 1159 623 1235 662; x_wconf 86' lang='lat' dir='ltr'>iam</span> <span class='ocrx_word' id='word_1_57' title='bbox 1261 623 1412 674; x_wconf 81' lang='lat' dir='ltr'>pridem</span> <span class='ocrx_word' id='word_1_58' title='bbox 1441 631 1478 662; x_wconf 90' lang='lat' dir='ltr'>et</span> <span class='ocrx_word' id='word_1_59' title='bbox 1508 636 1624 674; x_wconf 85' lang='lat' dir='ltr'>saepe</span> 
     </span>
     <span class='ocr_line' id='line_1_10' title="bbox 289 688 1623 740; baseline -0.001 -13"><span class='ocrx_word' id='word_1_60' title='bbox 289 689 491 736; x_wconf 83' lang='lat' dir='ltr'>misissem,</span> <span class='ocrx_word' id='word_1_61' title='bbox 543 689 617 727; x_wconf 89' lang='lat' dir='ltr'>nisi</span> <span class='ocrx_word' id='word_1_62' title='bbox 666 689 812 728; x_wconf 88' lang='lat' dir='ltr'>cotidie</span> <span class='ocrx_word' id='word_1_63' title='bbox 861 689 999 728; x_wconf 87' lang='lat' dir='ltr'>melius</span> <span class='ocrx_word' id='word_1_64' title='bbox 1047 697 1277 740; x_wconf 78' lang='lat' dir='ltr'>exspectans</span> <span class='ocrx_word' id='word_1_65' title='bbox 1324 688 1623 739; x_wconf 83' lang='lat' dir='ltr'>gratulationem</span> 
     </span>
     <span class='ocr_line' id='line_1_11' title="bbox 287 755 1620 809; baseline -0.001 -15"><span class='ocrx_word' id='word_1_66' title='bbox 287 769 405 809; x_wconf 81' lang='lat' dir='ltr'>quam</span> <span class='ocrx_word' id='word_1_67' title='bbox 428 755 770 794; x_wconf 81' lang='lat' dir='ltr'>confirmationem</span> <span class='ocrx_word' id='word_1_68' title='bbox 791 755 913 794; x_wconf 87' lang='lat' dir='ltr'>animi</span> <span class='ocrx_word' id='word_1_69' title='bbox 934 755 989 794; x_wconf 89' lang='lat' dir='ltr'>tui</span> <span class='ocrx_word' id='word_1_70' title='bbox 1006 755 1216 806; x_wconf 84' lang='lat' dir='ltr'>complecti</span> <span class='ocrx_word' id='word_1_71' title='bbox 1238 755 1372 794; x_wconf 90' lang='lat' dir='ltr'>litteris</span> <span class='ocrx_word' id='word_1_72' title='bbox 1387 755 1620 794; x_wconf 82' lang='lat' dir='ltr'>maluissem.</span> 
     </span>
     <span class='ocr_line' id='line_1_12' title="bbox 290 820 1624 878; baseline -0.001 -19"><span class='ocrx_word' id='word_1_73' title='bbox 290 823 416 867; x_wconf 79' lang='lat' dir='ltr'>Nunc,</span> <span class='ocrx_word' id='word_1_74' title='bbox 442 829 483 859; x_wconf 92' lang='lat' dir='ltr'>ut</span> <span class='ocrx_word' id='word_1_75' title='bbox 505 834 628 871; x_wconf 86' lang='lat' dir='ltr'>spero,</span> <span class='ocrx_word' id='word_1_76' title='bbox 654 821 761 878; x_wconf 70' lang='lat' dir='ltr'>brevi</span> <span class='ocrx_word' id='word_1_77' title='bbox 783 821 1065 871; x_wconf 76' lang='lat' dir='ltr'>gratulabimur</span> <span class='ocrx_word' id='word_1_78' title='bbox 1084 836 1091 868; x_wconf 90' lang='lat'>;</span> <span class='ocrx_word' id='word_1_79' title='bbox 1128 820 1259 871; x_wconf 84' lang='lat' dir='ltr'>itaque</span> <span class='ocrx_word' id='word_1_80' title='bbox 1280 821 1319 858; x_wconf 91' lang='lat' dir='ltr'>in</span> <span class='ocrx_word' id='word_1_81' title='bbox 1341 820 1447 860; x_wconf 85' lang='lat' dir='ltr'>aliud</span> <span class='ocrx_word' id='word_1_82' title='bbox 1470 828 1624 870; x_wconf 88' lang='lat' dir='ltr'>tempus</span> 
     </span>
     <span class='ocr_line' id='line_1_13' title="bbox 290 886 1623 937; baseline 0 -13"><span class='ocrx_word' id='word_1_83' title='bbox 290 887 328 926; x_wconf 91' lang='lat' dir='ltr'>id</span> <span class='ocrx_word' id='word_1_84' title='bbox 350 895 623 937; x_wconf 73' lang='lat' dir='ltr'>argumentum</span> <span class='ocrx_word' id='word_1_85' title='bbox 641 887 832 937; x_wconf 80' lang='lat' dir='ltr'>epistulae</span> <span class='ocrx_word' id='word_1_86' title='bbox 849 887 997 926; x_wconf 86' lang='lat' dir='ltr'>dissero.</span> <span class='ocrx_word' id='word_1_87' title='bbox 1061 886 1136 925; x_wconf 86' lang='lat' dir='ltr'>His</span> <span class='ocrx_word' id='word_1_88' title='bbox 1149 894 1280 925; x_wconf 87' lang='lat' dir='ltr'>autem</span> <span class='ocrx_word' id='word_1_89' title='bbox 1299 887 1433 925; x_wconf 79' lang='lat' dir='ltr'>litteris</span> <span class='ocrx_word' id='word_1_90' title='bbox 1447 886 1623 925; x_wconf 85' lang='lat' dir='ltr'>animum</span> 
     </span>
     <span class='ocr_line' id='line_1_14' title="bbox 289 952 1624 1003; baseline -0.001 -12"><span class='ocrx_word' id='word_1_91' title='bbox 289 961 412 999; x_wconf 84' lang='lat' dir='ltr'>tuum,</span> <span class='ocrx_word' id='word_1_92' title='bbox 436 967 555 1003; x_wconf 83' lang='lat' dir='ltr'>quem</span> <span class='ocrx_word' id='word_1_93' title='bbox 578 952 741 991; x_wconf 90' lang='lat' dir='ltr'>minime</span> <span class='ocrx_word' id='word_1_94' title='bbox 763 952 1005 991; x_wconf 82' lang='lat' dir='ltr'>imbecillum</span> <span class='ocrx_word' id='word_1_95' title='bbox 1034 966 1119 991; x_wconf 86' lang='lat' dir='ltr'>esse</span> <span class='ocrx_word' id='word_1_96' title='bbox 1148 960 1186 990; x_wconf 90' lang='lat' dir='ltr'>et</span> <span class='ocrx_word' id='word_1_97' title='bbox 1206 952 1326 990; x_wconf 86' lang='lat' dir='ltr'>audio</span> <span class='ocrx_word' id='word_1_98' title='bbox 1347 960 1384 991; x_wconf 81' lang='lat' dir='ltr'>et</span> <span class='ocrx_word' id='word_1_99' title='bbox 1406 965 1529 1002; x_wconf 85' lang='lat' dir='ltr'>spero,</span> <span class='ocrx_word' id='word_1_100' title='bbox 1553 952 1624 990; x_wconf 69' lang='lat' dir='ltr'>etsi</span> 
     </span>
     <span class='ocr_line' id='line_1_15' title="bbox 289 1018 1627 1070; baseline -0.001 -13"><span class='ocrx_word' id='word_1_101' title='bbox 289 1032 370 1057; x_wconf 87' lang='lat' dir='ltr'>non</span> <span class='ocrx_word' id='word_1_102' title='bbox 405 1018 692 1070; x_wconf 78' lang='lat' dir='ltr'>sapientissimi,</span> <span class='ocrx_word' id='word_1_103' title='bbox 729 1026 768 1057; x_wconf 93' lang='lat' dir='ltr'>at</span> <span class='ocrx_word' id='word_1_104' title='bbox 799 1018 1025 1057; x_wconf 78' lang='lat' dir='ltr'>amicissimi</span> <span class='ocrx_word' id='word_1_105' title='bbox 1063 1018 1234 1056; x_wconf 83' lang='lat' dir='ltr'>hominis</span> <span class='ocrx_word' id='word_1_106' title='bbox 1267 1018 1497 1057; x_wconf 84' lang='lat' dir='ltr'>auctoritate</span> <span class='ocrx_word' id='word_1_107' title='bbox 1536 1032 1627 1057; x_wconf 86' lang='lat' dir='ltr'>con-</span> 
     </span>
     <span class='ocr_line' id='line_1_16' title="bbox 290 1084 1622 1135; baseline -0.001 -13"><span class='ocrx_word' id='word_1_108' title='bbox 290 1086 526 1124; x_wconf 82' lang='lat' dir='ltr'>firmandum</span> <span class='ocrx_word' id='word_1_109' title='bbox 548 1085 666 1124; x_wconf 88' lang='lat' dir='ltr'>etiam</span> <span class='ocrx_word' id='word_1_110' title='bbox 688 1092 807 1135; x_wconf 85' lang='lat' dir='ltr'>atque</span> <span class='ocrx_word' id='word_1_111' title='bbox 837 1084 953 1122; x_wconf 87' lang='lat' dir='ltr'>etiam</span> <span class='ocrx_word' id='word_1_112' title='bbox 985 1092 1092 1135; x_wconf 88' lang='lat' dir='ltr'>puto,</span> <span class='ocrx_word' id='word_1_113' title='bbox 1116 1097 1188 1122; x_wconf 87' lang='lat' dir='ltr'>nec</span> <span class='ocrx_word' id='word_1_114' title='bbox 1221 1084 1265 1121; x_wconf 86' lang='lat' dir='ltr'>iis</span> <span class='ocrx_word' id='word_1_115' title='bbox 1296 1084 1456 1133; x_wconf 87' lang='lat' dir='ltr'>quidem</span> <span class='ocrx_word' id='word_1_116' title='bbox 1486 1084 1622 1129; x_wconf 75' lang='lat' dir='ltr'>verbis,</span> 
     </span>
     <span class='ocr_line' id='line_1_17' title="bbox 289 1150 1625 1202; baseline -0.001 -13"><span class='ocrx_word' id='word_1_117' title='bbox 289 1151 433 1202; x_wconf 81' lang='lat' dir='ltr'>quibus</span> <span class='ocrx_word' id='word_1_118' title='bbox 472 1160 509 1190; x_wconf 89' lang='lat' dir='ltr'>te</span> <span class='ocrx_word' id='word_1_119' title='bbox 542 1152 722 1190; x_wconf 87' lang='lat' dir='ltr'>consoler</span> <span class='ocrx_word' id='word_1_120' title='bbox 757 1158 798 1188; x_wconf 87' lang='lat' dir='ltr'>ut</span> <span class='ocrx_word' id='word_1_121' title='bbox 830 1150 1033 1189; x_wconf 84' lang='lat' dir='ltr'>adflictum</span> <span class='ocrx_word' id='word_1_122' title='bbox 1066 1159 1103 1189; x_wconf 89' lang='lat' dir='ltr'>et</span> <span class='ocrx_word' id='word_1_123' title='bbox 1138 1150 1213 1188; x_wconf 90' lang='lat' dir='ltr'>iam</span> <span class='ocrx_word' id='word_1_124' title='bbox 1250 1150 1357 1187; x_wconf 86' lang='lat' dir='ltr'>omni</span> <span class='ocrx_word' id='word_1_125' title='bbox 1390 1162 1458 1200; x_wconf 87' lang='lat' dir='ltr'>spe</span> <span class='ocrx_word' id='word_1_126' title='bbox 1492 1150 1625 1188; x_wconf 81' lang='lat' dir='ltr'>salutis</span> 
     </span>
     <span class='ocr_line' id='line_1_18' title="bbox 291 1215 1625 1265; baseline -0.001 -12"><span class='ocrx_word' id='word_1_127' title='bbox 291 1217 481 1263; x_wconf 83' lang='lat' dir='ltr'>orbatum,</span> <span class='ocrx_word' id='word_1_128' title='bbox 524 1217 594 1255; x_wconf 80' lang='lat' dir='ltr'>sed</span> <span class='ocrx_word' id='word_1_129' title='bbox 634 1224 675 1255; x_wconf 89' lang='lat' dir='ltr'>ut</span> <span class='ocrx_word' id='word_1_130' title='bbox 720 1229 822 1262; x_wconf 89' lang='lat' dir='ltr'>eum,</span> <span class='ocrx_word' id='word_1_131' title='bbox 863 1217 914 1254; x_wconf 88' lang='lat' dir='ltr'>de</span> <span class='ocrx_word' id='word_1_132' title='bbox 953 1215 1064 1254; x_wconf 86' lang='lat' dir='ltr'>cuius</span> <span class='ocrx_word' id='word_1_133' title='bbox 1108 1215 1377 1253; x_wconf 79' lang='lat' dir='ltr'>incolumitate</span> <span class='ocrx_word' id='word_1_134' title='bbox 1420 1227 1499 1252; x_wconf 89' lang='lat' dir='ltr'>non</span> <span class='ocrx_word' id='word_1_135' title='bbox 1538 1216 1625 1265; x_wconf 84' lang='lat' dir='ltr'>plus</span> 
     </span>
     <span class='ocr_line' id='line_1_19' title="bbox 289 1280 1626 1332; baseline -0.002 -12"><span class='ocrx_word' id='word_1_136' title='bbox 289 1281 467 1320; x_wconf 80' lang='lat' dir='ltr'>dubitem</span> <span class='ocrx_word' id='word_1_137' title='bbox 491 1295 609 1332; x_wconf 82' lang='lat' dir='ltr'>quam</span> <span class='ocrx_word' id='word_1_138' title='bbox 632 1290 669 1320; x_wconf 92' lang='lat' dir='ltr'>te</span> <span class='ocrx_word' id='word_1_139' title='bbox 692 1280 853 1320; x_wconf 90' lang='lat' dir='ltr'>memini</span> <span class='ocrx_word' id='word_1_140' title='bbox 874 1281 1054 1319; x_wconf 84' lang='lat' dir='ltr'>dubitare</span> <span class='ocrx_word' id='word_1_141' title='bbox 1075 1282 1126 1319; x_wconf 90' lang='lat' dir='ltr'>de</span> <span class='ocrx_word' id='word_1_142' title='bbox 1157 1294 1251 1319; x_wconf 88' lang='lat' dir='ltr'>mea.</span> <span class='ocrx_word' id='word_1_143' title='bbox 1313 1281 1428 1328; x_wconf 88' lang='lat' dir='ltr'>Nam,</span> <span class='ocrx_word' id='word_1_144' title='bbox 1451 1294 1541 1318; x_wconf 90' lang='lat' dir='ltr'>cum</span> <span class='ocrx_word' id='word_1_145' title='bbox 1565 1293 1626 1318; x_wconf 91' lang='lat' dir='ltr'>me</span> 
     </span>
     <span class='ocr_line' id='line_1_20' title="bbox 290 1346 1625 1398; baseline -0.002 -12"><span class='ocrx_word' id='word_1_146' title='bbox 290 1362 337 1386; x_wconf 72' lang='lat' dir='ltr'>cx</span> <span class='ocrx_word' id='word_1_147' title='bbox 358 1362 396 1387; x_wconf 88' lang='lat' dir='ltr'>re</span> <span class='ocrx_word' id='word_1_148' title='bbox 418 1362 452 1398; x_wconf 90' lang='lat' dir='ltr'>p.</span> <span class='ocrx_word' id='word_1_149' title='bbox 477 1347 717 1398; x_wconf 76' lang='lat' dir='ltr'>expulissent</span> <span class='ocrx_word' id='word_1_150' title='bbox 740 1347 775 1394; x_wconf 93' lang='lat' dir='ltr'>ii,</span> <span class='ocrx_word' id='word_1_151' title='bbox 799 1346 866 1398; x_wconf 86' lang='lat' dir='ltr'>qui</span> <span class='ocrx_word' id='word_1_152' title='bbox 889 1346 993 1385; x_wconf 85' lang='lat' dir='ltr'>illam</span> <span class='ocrx_word' id='word_1_153' title='bbox 1015 1347 1155 1385; x_wconf 81' lang='lat' dir='ltr'>cadere</span> <span class='ocrx_word' id='word_1_154' title='bbox 1176 1359 1291 1397; x_wconf 87' lang='lat' dir='ltr'>posse</span> <span class='ocrx_word' id='word_1_155' title='bbox 1313 1353 1439 1384; x_wconf 85' lang='lat' dir='ltr'>stante</span> <span class='ocrx_word' id='word_1_156' title='bbox 1462 1359 1524 1384; x_wconf 93' lang='lat' dir='ltr'>me</span> <span class='ocrx_word' id='word_1_157' title='bbox 1546 1359 1625 1384; x_wconf 90' lang='lat' dir='ltr'>non</span> 
     </span>
     <span class='ocr_line' id='line_1_21' title="bbox 289 1411 1626 1466; baseline -0.003 -13"><span class='ocrx_word' id='word_1_158' title='bbox 289 1422 487 1466; x_wconf 77' lang='lat' dir='ltr'>putarunt,</span> <span class='ocrx_word' id='word_1_159' title='bbox 521 1413 683 1452; x_wconf 89' lang='lat' dir='ltr'>memini</span> <span class='ocrx_word' id='word_1_160' title='bbox 716 1427 776 1452; x_wconf 92' lang='lat' dir='ltr'>me</span> <span class='ocrx_word' id='word_1_161' title='bbox 806 1426 852 1452; x_wconf 83' lang='lat' dir='ltr'>ex</span> <span class='ocrx_word' id='word_1_162' title='bbox 883 1412 1014 1451; x_wconf 90' lang='lat' dir='ltr'>multis</span> <span class='ocrx_word' id='word_1_163' title='bbox 1045 1411 1276 1463; x_wconf 78' lang='lat' dir='ltr'>hospitibus,</span> <span class='ocrx_word' id='word_1_164' title='bbox 1310 1411 1376 1462; x_wconf 85' lang='lat' dir='ltr'>qui</span> <span class='ocrx_word' id='word_1_165' title='bbox 1407 1412 1456 1450; x_wconf 87' lang='lat' dir='ltr'>ad</span> <span class='ocrx_word' id='word_1_166' title='bbox 1488 1425 1550 1450; x_wconf 89' lang='lat' dir='ltr'>me</span> <span class='ocrx_word' id='word_1_167' title='bbox 1580 1425 1626 1450; x_wconf 84' lang='lat' dir='ltr'>ex</span> 
     </span>
     <span class='ocr_line' id='line_1_22' title="bbox 292 1476 1625 1530; baseline -0.003 -12"><span class='ocrx_word' id='word_1_168' title='bbox 292 1481 395 1526; x_wconf 80' lang='lat' dir='ltr'>Asia,</span> <span class='ocrx_word' id='word_1_169' title='bbox 419 1480 457 1518; x_wconf 85' lang='lat' dir='ltr'>in</span> <span class='ocrx_word' id='word_1_170' title='bbox 479 1493 557 1530; x_wconf 80' lang='lat' dir='ltr'>qua</span> <span class='ocrx_word' id='word_1_171' title='bbox 578 1488 619 1518; x_wconf 91' lang='lat' dir='ltr'>tu</span> <span class='ocrx_word' id='word_1_172' title='bbox 640 1492 734 1524; x_wconf 87' lang='lat' dir='ltr'>eras,</span> <span class='ocrx_word' id='word_1_173' title='bbox 758 1486 955 1522; x_wconf 80' lang='lat' dir='ltr'>venerant.</span> <span class='ocrx_word' id='word_1_174' title='bbox 978 1478 1114 1517; x_wconf 84' lang='lat' dir='ltr'>audire</span> <span class='ocrx_word' id='word_1_175' title='bbox 1135 1485 1172 1516; x_wconf 88' lang='lat' dir='ltr'>te</span> <span class='ocrx_word' id='word_1_176' title='bbox 1192 1479 1242 1517; x_wconf 87' lang='lat' dir='ltr'>de</span> <span class='ocrx_word' id='word_1_177' title='bbox 1262 1477 1432 1528; x_wconf 85' lang='lat' dir='ltr'>glorioso</span> <span class='ocrx_word' id='word_1_178' title='bbox 1453 1485 1490 1516; x_wconf 87' lang='lat' dir='ltr'>et</span> <span class='ocrx_word' id='word_1_179' title='bbox 1511 1476 1625 1515; x_wconf 89' lang='lat' dir='ltr'>celeri</span> 
     </span>
    </p>
   </div>
   <div class='ocr_carea' id='block_1_8' title="bbox 250 1543 1625 1597">
    <p class='ocr_par' dir='ltr' id='par_1_8' title="bbox 250 1543 1625 1597">
     <span class='ocr_line' id='line_1_23' title="bbox 250 1543 1625 1597; baseline -0.001 -14"><span class='ocrx_word' id='word_1_180' title='bbox 250 1559 274 1597; x_wconf 87' lang='lat'><strong>3</strong></span> <span class='ocrx_word' id='word_1_181' title='bbox 292 1546 417 1585; x_wconf 88' lang='lat' dir='ltr'>reditu</span> <span class='ocrx_word' id='word_1_182' title='bbox 440 1559 528 1585; x_wconf 90' lang='lat' dir='ltr'>meo</span> <span class='ocrx_word' id='word_1_183' title='bbox 558 1546 799 1584; x_wconf 85' lang='lat' dir='ltr'>confirmare.</span> <span class='ocrx_word' id='word_1_184' title='bbox 860 1545 898 1583; x_wconf 81' lang='lat' dir='ltr'>si</span> <span class='ocrx_word' id='word_1_185' title='bbox 932 1553 967 1583; x_wconf 83' lang='lat' dir='ltr'>te</span> <span class='ocrx_word' id='word_1_186' title='bbox 998 1544 1094 1582; x_wconf 88' lang='lat' dir='ltr'>ratio</span> <span class='ocrx_word' id='word_1_187' title='bbox 1124 1545 1319 1594; x_wconf 83' lang='lat' dir='ltr'>quaedam</span> <span class='ocrx_word' id='word_1_188' title='bbox 1350 1543 1446 1582; x_wconf 91' lang='lat' dir='ltr'>mira</span> <span class='ocrx_word' id='word_1_189' title='bbox 1471 1545 1625 1582; x_wconf 79' lang='lat' dir='ltr'>Tuscae</span> 
     </span>
    </p>
   </div>
   <div class='ocr_carea' id='block_1_9' title="bbox 248 1955 274 1992">
    <p class='ocr_par' dir='ltr' id='par_1_9' title="bbox 248 1955 274 1992">
     <span class='ocr_line' id='line_1_24' title="bbox 248 1955 274 1992; baseline 0 -11"><span class='ocrx_word' id='word_1_190' title='bbox 248 1955 274 1992; x_wconf 87' lang='lat'>4</span> 
     </span>
    </p>
   </div>
   <div class='ocr_carea' id='block_1_10' title="bbox 290 1608 1626 1860">
    <p class='ocr_par' dir='ltr' id='par_1_10' title="bbox 290 1608 1626 1860">
     <span class='ocr_line' id='line_1_25' title="bbox 291 1608 1623 1661; baseline -0.002 -12"><span class='ocrx_word' id='word_1_191' title='bbox 291 1610 532 1661; x_wconf 84' lang='lat' dir='ltr'>disciplinae,</span> <span class='ocrx_word' id='word_1_192' title='bbox 566 1624 684 1661; x_wconf 85' lang='lat' dir='ltr'>quam</span> <span class='ocrx_word' id='word_1_193' title='bbox 715 1624 737 1649; x_wconf 86' lang='lat' dir='ltr'>a</span> <span class='ocrx_word' id='word_1_194' title='bbox 767 1618 886 1661; x_wconf 83' lang='lat' dir='ltr'>patre,</span> <span class='ocrx_word' id='word_1_195' title='bbox 923 1609 1170 1649; x_wconf 88' lang='lat' dir='ltr'>nobilissimo</span> <span class='ocrx_word' id='word_1_196' title='bbox 1199 1617 1318 1659; x_wconf 84' lang='lat' dir='ltr'>atque</span> <span class='ocrx_word' id='word_1_197' title='bbox 1349 1608 1501 1659; x_wconf 90' lang='lat' dir='ltr'>optimo</span> <span class='ocrx_word' id='word_1_198' title='bbox 1531 1608 1623 1656; x_wconf 66' lang='lat' dir='ltr'>viro,</span> 
     </span>
     <span class='ocr_line' id='line_1_26' title="bbox 290 1674 1626 1727; baseline -0.002 -12"><span class='ocrx_word' id='word_1_199' title='bbox 290 1690 511 1727; x_wconf 81' lang='lat' dir='ltr'>acceperas,</span> <span class='ocrx_word' id='word_1_200' title='bbox 556 1690 634 1715; x_wconf 91' lang='lat' dir='ltr'>non</span> <span class='ocrx_word' id='word_1_201' title='bbox 674 1676 821 1724; x_wconf 85' lang='lat' dir='ltr'>fefellit,</span> <span class='ocrx_word' id='word_1_202' title='bbox 864 1690 913 1714; x_wconf 90' lang='lat' dir='ltr'>ne</span> <span class='ocrx_word' id='word_1_203' title='bbox 953 1689 1025 1714; x_wconf 84' lang='lat' dir='ltr'>nos</span> <span class='ocrx_word' id='word_1_204' title='bbox 1064 1675 1225 1725; x_wconf 85' lang='lat' dir='ltr'>quidem</span> <span class='ocrx_word' id='word_1_205' title='bbox 1267 1682 1398 1714; x_wconf 86' lang='lat' dir='ltr'>nostra</span> <span class='ocrx_word' id='word_1_206' title='bbox 1436 1674 1626 1713; x_wconf 82' lang='lat' dir='ltr'>divinatio</span> 
     </span>
     <span class='ocr_line' id='line_1_27' title="bbox 293 1740 1626 1793; baseline -0.002 -12"><span class='ocrx_word' id='word_1_207' title='bbox 293 1744 408 1790; x_wconf 84' lang='lat' dir='ltr'>fallet,</span> <span class='ocrx_word' id='word_1_208' title='bbox 444 1756 562 1793; x_wconf 79' lang='lat' dir='ltr'>quam</span> <span class='ocrx_word' id='word_1_209' title='bbox 603 1756 693 1781; x_wconf 89' lang='lat' dir='ltr'>cum</span> <span class='ocrx_word' id='word_1_210' title='bbox 734 1742 1111 1793; x_wconf 81' lang='lat' dir='ltr'>sapientissimorum</span> <span class='ocrx_word' id='word_1_211' title='bbox 1147 1742 1315 1780; x_wconf 78' lang='lat' dir='ltr'>virorum</span> <span class='ocrx_word' id='word_1_212' title='bbox 1359 1740 1626 1779; x_wconf 89' lang='lat' dir='ltr'>monumentis</span> 
     </span>
     <span class='ocr_line' id='line_1_28' title="bbox 291 1806 1625 1860; baseline -0.002 -13"><span class='ocrx_word' id='word_1_213' title='bbox 291 1817 408 1859; x_wconf 81' lang='lat' dir='ltr'>atque</span> <span class='ocrx_word' id='word_1_214' title='bbox 426 1809 641 1860; x_wconf 82' lang='lat' dir='ltr'>praeceptis</span> <span class='ocrx_word' id='word_1_215' title='bbox 664 1809 921 1860; x_wconf 83' lang='lat' dir='ltr'>plurimoque,</span> <span class='ocrx_word' id='word_1_216' title='bbox 946 1817 986 1847; x_wconf 90' lang='lat' dir='ltr'>ut</span> <span class='ocrx_word' id='word_1_217' title='bbox 1009 1817 1048 1846; x_wconf 89' lang='lat' dir='ltr'>tu</span> <span class='ocrx_word' id='word_1_218' title='bbox 1064 1808 1149 1855; x_wconf 86' lang='lat' dir='ltr'>scis,</span> <span class='ocrx_word' id='word_1_219' title='bbox 1168 1807 1369 1846; x_wconf 88' lang='lat' dir='ltr'>doctrinae</span> <span class='ocrx_word' id='word_1_220' title='bbox 1391 1806 1522 1845; x_wconf 84' lang='lat' dir='ltr'>studio</span> <span class='ocrx_word' id='word_1_221' title='bbox 1543 1814 1625 1844; x_wconf 86' lang='lat' dir='ltr'>tum</span> 
     </span>
    </p>
   </div>
   <div class='ocr_carea' id='block_1_11' title="bbox 294 1874 1682 1924">
    <p class='ocr_par' dir='ltr' id='par_1_11' title="bbox 294 1874 1682 1924">
     <span class='ocr_line' id='line_1_29' title="bbox 294 1874 1682 1924; baseline -0.002 -12"><span class='ocrx_word' id='word_1_222' title='bbox 294 1888 436 1924; x_wconf 86' lang='lat' dir='ltr'>magno</span> <span class='ocrx_word' id='word_1_223' title='bbox 475 1875 592 1914; x_wconf 89' lang='lat' dir='ltr'>etiam</span> <span class='ocrx_word' id='word_1_224' title='bbox 628 1888 700 1913; x_wconf 85' lang='lat' dir='ltr'>usu</span> <span class='ocrx_word' id='word_1_225' title='bbox 733 1876 958 1914; x_wconf 85' lang='lat' dir='ltr'>tractandae</span> <span class='ocrx_word' id='word_1_226' title='bbox 991 1874 1042 1913; x_wconf 90' lang='lat' dir='ltr'>rei</span> <span class='ocrx_word' id='word_1_227' title='bbox 1080 1887 1113 1924; x_wconf 85' lang='lat' dir='ltr'>p.</span> <span class='ocrx_word' id='word_1_228' title='bbox 1150 1886 1369 1923; x_wconf 69' lang='lat' dir='ltr'>magnaque</span> <span class='ocrx_word' id='word_1_229' title='bbox 1404 1879 1624 1911; x_wconf 83' lang='lat' dir='ltr'>nostrorum</span> <span class='ocrx_word' id='word_1_230' title='bbox 1668 1887 1682 1917; x_wconf 68' lang='grc'>,-</span> 
     </span>
    </p>
   </div>
   <div class='ocr_carea' id='block_1_12' title="bbox 292 1937 1627 2404">
    <p class='ocr_par' dir='ltr' id='par_1_12' title="bbox 292 1937 1626 2317">
     <span class='ocr_line' id='line_1_30' title="bbox 294 1937 1625 1990; baseline -0.002 -12"><span class='ocrx_word' id='word_1_231' title='bbox 294 1948 515 1990; x_wconf 90' lang='lat' dir='ltr'>temporum</span> <span class='ocrx_word' id='word_1_232' title='bbox 532 1940 715 1979; x_wconf 79' lang='lat' dir='ltr'>varietate</span> <span class='ocrx_word' id='word_1_233' title='bbox 732 1940 933 1979; x_wconf 85' lang='lat' dir='ltr'>consecuti</span> <span class='ocrx_word' id='word_1_234' title='bbox 951 1953 1086 1978; x_wconf 87' lang='lat' dir='ltr'>sumus</span> <span class='ocrx_word' id='word_1_235' title='bbox 1102 1954 1110 1986; x_wconf 90' lang='lat'>;</span> <span class='ocrx_word' id='word_1_236' title='bbox 1140 1939 1202 1977; x_wconf 85' lang='lat' dir='ltr'>cui</span> <span class='ocrx_word' id='word_1_237' title='bbox 1220 1938 1379 1989; x_wconf 82' lang='lat' dir='ltr'>quidem</span> <span class='ocrx_word' id='word_1_238' title='bbox 1394 1937 1625 1977; x_wconf 85' lang='lat' dir='ltr'>divinationi</span> 
     </span>
     <span class='ocr_line' id='line_1_31' title="bbox 294 2002 1626 2055; baseline -0.002 -13"><span class='ocrx_word' id='word_1_239' title='bbox 294 2006 368 2043; x_wconf 81' lang='lat' dir='ltr'>hoc</span> <span class='ocrx_word' id='word_1_240' title='bbox 390 2006 476 2054; x_wconf 88' lang='lat' dir='ltr'>plus</span> <span class='ocrx_word' id='word_1_241' title='bbox 503 2005 755 2053; x_wconf 86' lang='lat' dir='ltr'>confidimus,</span> <span class='ocrx_word' id='word_1_242' title='bbox 777 2007 884 2055; x_wconf 82' lang='lat' dir='ltr'>quod</span> <span class='ocrx_word' id='word_1_243' title='bbox 906 2018 951 2044; x_wconf 85' lang='lat' dir='ltr'>ea</span> <span class='ocrx_word' id='word_1_244' title='bbox 979 2018 1050 2043; x_wconf 86' lang='lat' dir='ltr'>nos</span> <span class='ocrx_word' id='word_1_245' title='bbox 1079 2004 1175 2042; x_wconf 78' lang='lat' dir='ltr'>nihil</span> <span class='ocrx_word' id='word_1_246' title='bbox 1204 2003 1241 2041; x_wconf 91' lang='lat' dir='ltr'>in</span> <span class='ocrx_word' id='word_1_247' title='bbox 1269 2003 1328 2041; x_wconf 77' lang='lat' dir='ltr'>his</span> <span class='ocrx_word' id='word_1_248' title='bbox 1350 2010 1427 2041; x_wconf 86' lang='lat' dir='ltr'>tam</span> <span class='ocrx_word' id='word_1_249' title='bbox 1450 2002 1626 2041; x_wconf 86' lang='lat' dir='ltr'>obscuris</span> 
     </span>
     <span class='ocr_line' id='line_1_32' title="bbox 293 2067 1623 2121; baseline -0.002 -14"><span class='ocrx_word' id='word_1_250' title='bbox 293 2071 407 2108; x_wconf 79' lang='lat' dir='ltr'>rebus</span> <span class='ocrx_word' id='word_1_251' title='bbox 422 2078 580 2120; x_wconf 82' lang='lat' dir='ltr'>tamque</span> <span class='ocrx_word' id='word_1_252' title='bbox 597 2070 829 2121; x_wconf 84' lang='lat' dir='ltr'>perturbatis</span> <span class='ocrx_word' id='word_1_253' title='bbox 844 2083 1030 2120; x_wconf 80' lang='lat' dir='ltr'>umquam</span> <span class='ocrx_word' id='word_1_254' title='bbox 1046 2069 1210 2107; x_wconf 91' lang='lat' dir='ltr'>omnino</span> <span class='ocrx_word' id='word_1_255' title='bbox 1225 2068 1368 2107; x_wconf 86' lang='lat' dir='ltr'>fefellit.</span> <span class='ocrx_word' id='word_1_256' title='bbox 1432 2067 1623 2113; x_wconf 77' lang='lat' dir='ltr'>Dicerem,</span> 
     </span>
     <span class='ocr_line' id='line_1_33' title="bbox 292 2133 1626 2185; baseline -0.003 -12"><span class='ocrx_word' id='word_1_257' title='bbox 292 2147 392 2185; x_wconf 83' lang='lat' dir='ltr'>quae</span> <span class='ocrx_word' id='word_1_258' title='bbox 419 2143 509 2174; x_wconf 88' lang='lat' dir='ltr'>ante</span> <span class='ocrx_word' id='word_1_259' title='bbox 541 2136 666 2173; x_wconf 88' lang='lat' dir='ltr'>futura</span> <span class='ocrx_word' id='word_1_260' title='bbox 694 2135 890 2181; x_wconf 75' lang='lat' dir='ltr'>dixissem,</span> <span class='ocrx_word' id='word_1_261' title='bbox 914 2135 951 2172; x_wconf 92' lang='lat' dir='ltr'>ni</span> <span class='ocrx_word' id='word_1_262' title='bbox 981 2148 1129 2173; x_wconf 80' lang='lat' dir='ltr'>vererer</span> <span class='ocrx_word' id='word_1_263' title='bbox 1158 2148 1205 2172; x_wconf 90' lang='lat' dir='ltr'>ne</span> <span class='ocrx_word' id='word_1_264' title='bbox 1235 2148 1280 2172; x_wconf 78' lang='lat' dir='ltr'>ex</span> <span class='ocrx_word' id='word_1_265' title='bbox 1308 2133 1457 2172; x_wconf 78' lang='lat' dir='ltr'>eventis</span> <span class='ocrx_word' id='word_1_266' title='bbox 1483 2133 1626 2182; x_wconf 79' lang='lat' dir='ltr'>lingere</span> 
     </span>
     <span class='ocr_line' id='line_1_34' title="bbox 292 2197 1626 2250; baseline -0.004 -11"><span class='ocrx_word' id='word_1_267' title='bbox 292 2200 451 2239; x_wconf 80' lang='lat' dir='ltr'>viderer.</span> <span class='ocrx_word' id='word_1_268' title='bbox 513 2201 589 2239; x_wconf 83' lang='lat' dir='ltr'>Sed</span> <span class='ocrx_word' id='word_1_269' title='bbox 613 2208 742 2238; x_wconf 86' lang='lat' dir='ltr'>tamen</span> <span class='ocrx_word' id='word_1_270' title='bbox 766 2199 919 2250; x_wconf 87' lang='lat' dir='ltr'>plurimi</span> <span class='ocrx_word' id='word_1_271' title='bbox 943 2207 1032 2238; x_wconf 86' lang='lat' dir='ltr'>sunt</span> <span class='ocrx_word' id='word_1_272' title='bbox 1050 2208 1166 2237; x_wconf 81' lang='lat' dir='ltr'>testes</span> <span class='ocrx_word' id='word_1_273' title='bbox 1190 2213 1251 2237; x_wconf 86' lang='lat' dir='ltr'>me</span> <span class='ocrx_word' id='word_1_274' title='bbox 1272 2207 1309 2237; x_wconf 88' lang='lat' dir='ltr'>et</span> <span class='ocrx_word' id='word_1_275' title='bbox 1332 2197 1455 2241; x_wconf 85' lang='lat' dir='ltr'>initio,</span> <span class='ocrx_word' id='word_1_276' title='bbox 1473 2211 1521 2236; x_wconf 89' lang='lat' dir='ltr'>ne</span> <span class='ocrx_word' id='word_1_277' title='bbox 1536 2210 1626 2235; x_wconf 90' lang='lat' dir='ltr'>con-</span> 
     </span>
     <span class='ocr_line' id='line_1_35' title="bbox 293 2263 1623 2317; baseline -0.004 -12"><span class='ocrx_word' id='word_1_278' title='bbox 293 2266 466 2317; x_wconf 82' lang='lat' dir='ltr'>iungeret</span> <span class='ocrx_word' id='word_1_279' title='bbox 496 2280 536 2304; x_wconf 87' lang='lat' dir='ltr'>se</span> <span class='ocrx_word' id='word_1_280' title='bbox 566 2279 655 2304; x_wconf 82' lang='lat' dir='ltr'>cuni</span> <span class='ocrx_word' id='word_1_281' title='bbox 692 2266 872 2312; x_wconf 81' lang='lat' dir='ltr'>Caesare,</span> <span class='ocrx_word' id='word_1_282' title='bbox 903 2265 1102 2303; x_wconf 83' lang='lat' dir='ltr'>monuisse</span> <span class='ocrx_word' id='word_1_283' title='bbox 1142 2263 1369 2314; x_wconf 90' lang='lat' dir='ltr'>l&#39;ompeium</span> <span class='ocrx_word' id='word_1_284' title='bbox 1406 2271 1442 2301; x_wconf 86' lang='lat' dir='ltr'>et</span> <span class='ocrx_word' id='word_1_285' title='bbox 1478 2270 1623 2312; x_wconf 82' lang='lat' dir='ltr'>postea,</span> 
     </span>
    </p>

    <p class='ocr_par' dir='ltr' id='par_1_13' title="bbox 340 2359 1627 2404">
     <span class='ocr_line' id='line_1_36' title="bbox 340 2359 1627 2404; baseline -0.005 -8"><span class='ocrx_word' id='word_1_286' title='bbox 340 2365 378 2396; x_wconf 86' lang='lat'>18</span> <span class='ocrx_word' id='word_1_287' title='bbox 403 2370 562 2404; x_wconf 80' lang='lat' dir='ltr'>putarant</span> <span class='ocrx_word' id='word_1_288' title='bbox 595 2363 738 2395; x_wconf 79' lang='lat' dir='ltr'>Lamb.:</span> <span class='ocrx_word' id='word_1_289' title='bbox 775 2368 863 2394; x_wconf 86' lang='lat' dir='ltr'>-rent</span> <span class='ocrx_word' id='word_1_290' title='bbox 889 2361 1160 2403; x_wconf 63' lang='lat' dir='ltr'>Mat‘0=111&#39;-Lag.:</span> <span class='ocrx_word' id='word_1_291' title='bbox 1197 2361 1290 2392; x_wconf 84' lang='lat' dir='ltr'>-bant</span> <span class='ocrx_word' id='word_1_292' title='bbox 1321 2361 1398 2391; x_wconf 73' lang='lat' dir='ltr'>coni.</span> <span class='ocrx_word' id='word_1_293' title='bbox 1438 2359 1627 2400; x_wconf 68' lang='lat' dir='ltr'>ll&#39;esenbetg</span> 
     </span>
    </p>
   </div>
   <div class='ocr_carea' id='block_1_13' title="bbox 293 2402 1624 2492">
    <p class='ocr_par' dir='ltr' id='par_1_14' title="bbox 293 2402 1624 2492">
     <span class='ocr_line' id='line_1_37' title="bbox 293 2402 1624 2447; baseline -0.005 -7"><span class='ocrx_word' id='word_1_294' title='bbox 293 2420 334 2440; x_wconf 89' lang='lat'>20</span> <span class='ocrx_word' id='word_1_295' title='bbox 354 2410 437 2439; x_wconf 84' lang='lat' dir='ltr'>mira</span> <span class='ocrx_word' id='word_1_296' title='bbox 454 2408 584 2439; x_wconf 82' lang='lat' dir='ltr'>Tuscae</span> <span class='ocrx_word' id='word_1_297' title='bbox 598 2407 629 2437; x_wconf 82' lang='lat' dir='ltr'><em>R</em></span> <span class='ocrx_word' id='word_1_298' title='bbox 646 2406 720 2447; x_wconf 66' lang='lat' dir='ltr'>(sed</span> <span class='ocrx_word' id='word_1_299' title='bbox 734 2407 844 2447; x_wconf 80' lang='lat' dir='ltr'>tusce)</span> <span class='ocrx_word' id='word_1_300' title='bbox 859 2406 991 2437; x_wconf 63' lang='lat' dir='ltr'>Ban&#39;tcr:</span> <span class='ocrx_word' id='word_1_301' title='bbox 1018 2410 1113 2437; x_wconf 87' lang='lat' dir='ltr'>tusce</span> <span class='ocrx_word' id='word_1_302' title='bbox 1127 2404 1156 2436; x_wconf 87' lang='lat' dir='ltr'><em>G</em></span> <span class='ocrx_word' id='word_1_303' title='bbox 1170 2416 1176 2436; x_wconf 90' lang='lat'>:</span> <span class='ocrx_word' id='word_1_304' title='bbox 1200 2410 1364 2436; x_wconf 81' lang='lat' dir='ltr'>iratuscae</span> <span class='ocrx_word' id='word_1_305' title='bbox 1379 2402 1434 2435; x_wconf 90' lang='lat' dir='ltr'>M:</span> <span class='ocrx_word' id='word_1_306' title='bbox 1462 2404 1624 2435; x_wconf 81' lang='lat' dir='ltr'>Etruscae</span> 
     </span>
     <span class='ocr_line' id='line_1_38' title="bbox 298 2449 965 2492; baseline -0.003 -10"><span class='ocrx_word' id='word_1_307' title='bbox 298 2451 486 2492; x_wconf 74' lang='lat' dir='ltr'>Wesenberg</span> <span class='ocrx_word' id='word_1_308' title='bbox 618 2460 658 2490; x_wconf 83' lang='lat'>23</span> <span class='ocrx_word' id='word_1_309' title='bbox 683 2450 821 2482; x_wconf 88' lang='lat' dir='ltr'>monitis</span> <span class='ocrx_word' id='word_1_310' title='bbox 837 2449 965 2490; x_wconf 78' lang='lat' dir='ltr'>Kayser</span> 
     </span>
    </p>
   </div>
   <div class='ocr_carea' id='block_1_14' title="bbox 1650 903 1688 926">
    <p class='ocr_par' dir='ltr' id='par_1_15' title="bbox 1650 903 1688 926">
     <span class='ocr_line' id='line_1_39' title="bbox 1650 903 1688 926; baseline 0.053 -2"><span class='ocrx_word' id='word_1_311' title='bbox 1650 903 1688 926; x_wconf 90' lang='grc'>10</span> 
     </span>
    </p>
   </div>
   <div class='ocr_carea' id='block_1_15' title="bbox 1651 1228 1686 1260">
    <p class='ocr_par' dir='ltr' id='par_1_16' title="bbox 1651 1228 1686 1260">
     <span class='ocr_line' id='line_1_40' title="bbox 1651 1228 1686 1260; baseline 0 0"><span class='ocrx_word' id='word_1_312' title='bbox 1651 1228 1686 1260; x_wconf 82' lang='lat'>¹5</span> 
     </span>
    </p>
   </div>
   <div class='ocr_carea' id='block_1_16' title="bbox 1648 1559 1687 1581">
    <p class='ocr_par' dir='ltr' id='par_1_17' title="bbox 1648 1559 1687 1581">
     <span class='ocr_line' id='line_1_41' title="bbox 1648 1559 1687 1581; baseline 0 0"><span class='ocrx_word' id='word_1_313' title='bbox 1648 1559 1687 1581; x_wconf 84' lang='lat'>20</span> 
     </span>
    </p>
   </div>
   <div class='ocr_carea' id='block_1_17' title="bbox 1646 2211 1685 2242">
    <p class='ocr_par' dir='ltr' id='par_1_18' title="bbox 1646 2211 1685 2242">
     <span class='ocr_line' id='line_1_42' title="bbox 1646 2211 1685 2242; baseline 0 -8"><span class='ocrx_word' id='word_1_314' title='bbox 1646 2211 1685 2242; x_wconf 82' lang='lat'>30</span> 
     </span>
    </p>
   </div>
  </div>
 </body>
</html>
