1791 2796
104 108 272 146 x·111.ii
591 107 646 144 M.
679 108 847 144 TVLLI
881 108 1188 146 CICERONIS

225 232 287 257 mc
308 218 557 269 designatum
577 217 761 265 audieris,
783 226 824 256 ut
852 218 921 256 tibi
943 232 1058 257 curae
1079 217 1127 257 sit
1148 219 1257 269 quod
1277 221 1333 256 ad
1349 220 1557 269 pantheras

223 283 361 322 attinet
383 297 486 333 rogo.
538 284 808 333 Syngrapham
826 282 1031 321 Sittianam
1049 282 1120 321 tibi
1142 284 1392 321 commendo.
1443 285 1560 323 Com-

226 348 458 386 mentarium
499 361 627 386 rerum
667 348 903 386 urbanarum
944 347 1113 397 primum
1153 346 1246 386 dedi
1286 349 1328 386 L.
1364 347 1560 387 Castrinio

227 415 360 460 Paeto,
383 413 603 452 secundum
625 412 661 451 ci
681 411 749 463 qui
770 414 840 452 has
861 412 1006 451 litteras
1028 412 1099 451 tibi
1119 412 1239 452 dedit.

271 581 345 616 III
525 583 596 616 Ser.
616 583 745 615 Romae
761 583 827 615 circ.
847 583 878 614 iv
893 583 942 614 Id.
962 583 1038 615 Iun.
1057 594 1088 615 a.
1112 594 1164 624 70)¹
1186 584 1264 624 (51).
1583 597 1601 629 5

636 661 834 693 CAELIVS
860 661 1089 694 CICERONI
1117 663 1150 693 S.

194 754 210 781 1
286 742 437 779 Estne?
475 739 550 779 vici
580 748 617 778 et
648 739 717 778 tibi
746 754 877 791 saepe,
898 741 1006 791 quod
1034 754 1194 791 negaras
1222 740 1430 781 discedens
1460 754 1565 780 cura-

231 814 359 845 turum
383 805 466 853 tibi,
488 805 632 844 litteras
659 805 805 844 mitto?
854 807 934 853 Est,
958 805 989 844 si
1011 805 1171 856 quidem
1189 808 1444 857 perferuntur,
1468 820 1565 857 quas

231 873 294 911 do.
368 874 501 922 Atque
536 873 611 910 hoc
646 885 694 909 co
733 871 956 921 diligentius
996 871 1097 910 facio
1132 873 1250 922 quod,
1287 886 1378 911 cum
1417 871 1566 911 otiosus

232 951 332 985 sum,
354 938 469 987 plane
494 936 562 975 ubi
592 937 786 975 delectem
817 935 982 975 otiolum
1015 950 1147 975 meum
1180 950 1259 975 non
1291 937 1430 976 habeo.
1504 938 1567 975 Tu
1590 952 1628 974 10

232 1017 323 1041 cum
365 1004 517 1041 Romae
556 1015 653 1049 eras,
692 1003 768 1039 hoc
812 1001 907 1039 mihi
947 1009 1095 1040 certum
1145 1015 1190 1040 ac
1238 1001 1566 1041 iucundissimum

232 1067 386 1106 vacanti
421 1066 622 1117 negotium
658 1074 750 1114 erat,
782 1074 912 1105 tecum
948 1066 987 1105 id
1026 1066 1081 1106 oti
1120 1074 1275 1117 tempus
1309 1081 1541 1106 consumere
1561 1081 1570 1113 3

234 1133 354 1184 idque
385 1146 465 1171 non
495 1132 745 1171 mediocriter
775 1132 970 1180 desidero,
1000 1140 1041 1170 ut
1073 1131 1167 1170 mihi
1199 1146 1279 1171 non
1312 1133 1433 1171 modo
1464 1133 1570 1171 solus

235 1212 319 1237 esse
350 1198 420 1237 sed
446 1199 600 1236 Romae
627 1205 665 1235 te
690 1198 866 1247 profecto
894 1197 1067 1236 solitudo
1088 1197 1264 1236 videatur
1285 1199 1394 1244 facta,
1419 1205 1466 1244 et,
1490 1196 1571 1248 qui,

235 1278 337 1314 quac
358 1276 446 1302 mea
467 1262 712 1314 neglegentia
733 1270 801 1310 est,
825 1264 970 1302 multos
992 1277 1108 1314 saepe
1129 1262 1213 1303 dies
1233 1264 1284 1302 ad
1315 1271 1362 1310 te,
1390 1277 1480 1302 cum
1508 1262 1571 1301 hic
1596 1276 1630 1308 15

237 1343 332 1376 eras,
367 1342 447 1368 non
486 1329 737 1375 accedebam,
768 1343 874 1367 nunc
904 1328 1050 1368 cotidie
1080 1343 1161 1368 non
1191 1342 1276 1368 esse
1305 1336 1343 1368 te
1372 1330 1423 1368 ad
1453 1342 1571 1379 quem

236 1394 420 1433 cursitem
455 1393 679 1433 discrucior.
747 1393 921 1432 INIaxime
956 1408 1048 1433 vero
1082 1402 1123 1433 ut
1159 1402 1196 1433 te
1234 1394 1318 1433 dics
1357 1402 1573 1444 noctesque

237 1474 421 1510 quaeram
457 1459 691 1509 competitor
719 1459 859 1497 Hirrus
888 1467 1006 1498 curat.
1068 1462 1160 1509 Quo
1182 1461 1303 1499 modo
1323 1459 1432 1498 illum
1460 1467 1573 1510 putas

236 1533 446 1575 auguratus
469 1532 578 1562 tuum
600 1524 898 1575 competitorem
921 1526 1054 1564 dolere
1081 1533 1119 1564 et
1148 1525 1393 1564 dissimulare
1414 1539 1476 1564 me
1497 1539 1575 1563 cer-

239 1591 376 1630 tiorem
416 1603 535 1640 quam
575 1603 616 1629 se
654 1589 941 1644 candidatum?
1013 1592 1074 1629 De
1109 1604 1188 1641 quo
1227 1598 1269 1628 ut
1308 1603 1426 1640 quem
1462 1598 1574 1640 optas
1597 1605 1635 1626 20

239 1670 357 1707 quam
390 1655 558 1706 primum
592 1655 773 1694 nuntium
805 1655 985 1706 accipias,
1021 1663 1086 1694 tua
1119 1655 1271 1694 medius
1302 1655 1417 1694 fidius
1453 1655 1574 1705 magis

240 1737 358 1773 quam
394 1736 483 1761 mea
520 1735 638 1761 causa
675 1721 792 1773 cupio
812 1737 820 1770 3
868 1736 958 1761 nam
999 1736 1095 1769 mea,
1131 1722 1161 1761 si
1193 1724 1254 1768 fio,
1289 1714 1448 1762 forsitan
1483 1736 1574 1761 cum

240 1787 496 1838 locupletiore
534 1788 725 1833 referam3
766 1789 835 1827 sed
874 1789 950 1826 hoc
982 1802 1106 1838 usque
1141 1802 1188 1827 eo
1220 1801 1338 1826 suave
1369 1795 1427 1826 est
1459 1795 1510 1833 ut,
1545 1786 1575 1824 si

241 1852 436 1899 acciderit,
461 1860 543 1890 tota
562 1852 641 1890 vita
661 1852 758 1891 risus
779 1852 894 1892 nobis
914 1854 1028 1892 desse
1056 1867 1134 1892 non
1163 1852 1296 1903 possit.
1355 1853 1458 1892 fficd
1480 1851 1576 1890 tanti

243 1920 311 1955 sed
335 1931 396 1955 me
413 1918 590 1955 hercules
612 1932 690 1955 non
723 1919 889 1956 multum
914 1920 968 1956 M.
994 1903 1340 1956 Octavius'corum
1364 1917 1455 1957 odia
1475 1931 1575 1967 quae
1598 1931 1635 1962 25

250 1985 408 2023 lIirrum
432 1993 623 2034 premunt,
647 1999 747 2036 quae
769 1987 961 2036 permulta
982 1994 1082 2032 sunt,
1105 1987 1292 2025 sublevat.

205 2064 229 2090 2
303 2051 422 2099 Quod
439 2051 488 2089 ad
509 2050 703 2089 Philotimi
726 2051 852 2090 liberti
874 2051 1046 2091 officium
1067 2059 1105 2091 ct
1126 2052 1231 2091 bona
1245 2050 1407 2090 Milonis
1427 2050 1575 2097 attinet,

297 2167 305 2185 ῐ
336 2156 375 2186 ml
399 2155 475 2185 add.
496 2158 564 2186 vell.
699 2167 720 2193 0
744 2167 784 2186 co
804 2159 871 2188 vell.
889 2168 894 2186 :
932 2168 995 2196 ego
1015 2156 1125 2188 aulea:
1157 2167 1222 2196 ego
1240 2168 1281 2187 eo
1301 2156 1405 2187 [Jnsch
1456 2172 1461 2175 ·
1496 2155 1579 2185 facio

251 2199 336 2229 GR:
378 2199 476 2230 savito
494 2199 550 2229 M:
593 2199 706 2229 factito
727 2199 815 2237 vulg.
997 2211 1034 2238 13
1060 2201 1159 2231 modo
1183 2211 1248 2239 ego
1273 2199 1364 2230 solus
1393 2197 1578 2237 Wesmhcag

250 2255 289 2274 22
314 2244 431 2273 lmlmtl
456 2242 543 2273 rodd.
569 2243 710 2273 amram
739 2243 764 2273 si
789 2247 862 2283 suist
888 2243 930 2273 suo
1064 2254 1104 2283 23
1130 2244 1287 2275 reseram!
1319 2244 1393 2272 siam
1423 2241 1577 2281 Pltqvgcts

250 2299 289 2325 24
316 2288 374 2316 “erl
394 2287 475 2317 tanti
495 2291 558 2323 cst,
577 2287 636 2316 scd
655 2285 746 2316 Illam.
767 2298 772 2315 ε
804 2287 862 2317 Est
881 2287 987 2318 tanti?
1012 2286 1072 2317 list
1095 2285 1302 2327 chseubctg:
1333 2286 1392 2316 Est
1410 2286 1489 2315 tanti
1509 2297 1515 2314 ;
1544 2289 1595 2314 et'

253 2331 426 2360 Lclmmmi
593 2341 633 2366 25
659 2331 834 2360 Octavium
856 2355 861 2361 .
882 2354 888 2360 .
910 2353 917 2361 .
935 2329 1109 2361 sublevant
1140 2330 1325 2369 liz-sculum
1442 2328 1574 2368 corum]

249 2376 289 2414 (J.
307 2374 446 2415 ,lladm'g
463 2374 534 2405 ΓΜ,
555 2375 584 2404 ii.
603 2385 664 2413 39:
691 2385 756 2404 om.
775 2373 920 2404 lima-sti:
948 2375 1066 2404 civium
1087 2374 1171 2404 Bao!
