1791 2796
559 164 673 201 EPP.
705 163 782 200 AD
814 163 1160 200 FAMILIARES
1474 163 1519 199 V.
1539 161 1567 198 ii

198 277 353 317 solutio.
413 278 568 316 Nullast
597 290 620 315 a
646 290 709 314 me
734 289 922 325 umquam
953 274 1147 314 sententia
1173 274 1279 313 dicta
1303 273 1342 312 in
1370 275 1525 312 fratrem

197 352 334 390 tuum3
393 342 750 392 quotienscumque
795 340 943 392 aliquid
991 348 1049 378 651
1097 348 1242 387 actum,
1290 341 1432 379 sedens
1482 339 1526 377 iis

195 408 365 455 adsensi,
386 407 453 457 qui
475 406 569 444 mihi
591 405 788 444 lenissime
815 405 957 444 sentire
984 404 1054 443 visi
1078 412 1179 443 sunt.
1239 405 1399 443 Addam
1430 403 1525 443 illud

197 472 327 519 etiam,
349 473 457 522 quod
478 472 554 510 iam
576 485 648 520 ego
670 485 803 509 curare
833 484 913 509 non
941 469 1075 517 debui,
1097 471 1167 508 sed
1189 477 1319 508 tamen
1342 469 1422 508 fieri
1444 484 1524 508 non

157 550 174 581 5
197 539 360 577 moleste
380 536 448 575 tuli
474 545 593 587 atque
620 536 751 583 etiam,
773 543 813 573 ut
835 535 888 573 ita
908 537 1029 583 fieret,
1051 549 1120 585 pro
1142 549 1230 573 mea
1250 542 1358 585 parte
1378 534 1524 582 adiuvi,

195 612 238 641 ut
271 602 395 641 senati
433 603 615 640 consulto
655 615 764 640 meus
797 600 991 647 inimicus,
1025 600 1118 651 quia
1155 608 1245 638 tuus
1284 601 1398 638 frater
1431 608 1525 647 crat,

196 669 471 707 sublevaretur.

250 736 382 783 Quare
402 748 481 773 non
503 748 576 785 ego
607 742 613 753 ⁴
631 732 875 784 oppugnavi'
906 735 1059 772 fratrem
1089 740 1214 774 tuum,
1234 733 1304 771 sed
1332 731 1433 770 fratri
1457 740 1524 771 tuo
1545 737 1590 764 10

195 799 406 851 repugnavi
431 813 504 838 1166
535 799 573 837 111
605 808 655 846 16,
676 807 718 837 111
738 798 888 841 scribis,
912 802 921 817 ‘'
938 798 1072 836 animo
1103 798 1156 836 fui
1182 797 1342 845 mobili,’
1373 798 1442 835 sed
1473 796 1526 834 ita

137 881 176 903 10
195 864 337 913 stabili,
358 873 400 903 ut
421 864 460 902 in
482 878 570 903 mea
589 878 678 915 erga
698 872 736 902 te
755 866 957 903 voluntate
978 863 1096 902 etiam
1117 864 1295 902 desertus
1315 863 1365 901 ab
1387 861 1523 901 officiis

195 929 270 969 tuis
308 943 589 981 permanerem.
660 932 791 980 Atque
831 931 906 968 hoc
945 929 1030 980 ipso
1075 937 1250 980 tempore
1290 928 1359 967 tibi
1399 942 1524 979 paene

195 994 390 1034 minitanti
419 990 534 1034 nobis
564 1009 631 1046 per
655 995 799 1034 litteras
827 996 902 1033 1106
929 994 1100 1034 rescribo
1129 1003 1248 1045 atque
1278 995 1524 1044 respondeo:

196 1063 280 1112 Ego
318 1061 445 1101 dolori
484 1070 551 1100 tuo
591 1075 671 1100 non
709 1063 837 1100 solum
870 1061 1044 1112 ignosco,
1076 1062 1146 1099 sed
1178 1073 1372 1098 summam
1406 1059 1523 1098 etiam

193 1128 350 1166 laudem
381 1127 510 1166 tribuo
540 1130 668 1177 (meus
698 1127 803 1165 enim
834 1141 897 1165 me
926 1140 1077 1174 sensus,
1107 1134 1254 1176 quanta
1281 1125 1338 1164 vis
1368 1124 1523 1164 fraterni

139 1206 173 1237 ¹5
194 1191 242 1230 sit
269 1192 426 1238 amoris,
450 1194 682 1241 admonet)3
725 1207 747 1230 a
775 1200 813 1230 te
844 1201 936 1243 peto
966 1200 1008 1230 ut
1036 1200 1076 1230 tu
1102 1205 1261 1242 quoque
1288 1204 1460 1241 aequum
1486 1198 1523 1228 te

194 1257 364 1297 iudicem
396 1258 523 1297 dolori
555 1272 644 1297 meo
678 1259 888 1309 praebeas3
928 1257 959 1295 si
990 1258 1144 1303 acerbe,
1176 1257 1206 1295 si
1241 1256 1461 1304 crudeliter,
1492 1255 1521 1294 51

193 1323 277 1361 51116
298 1337 415 1361 causa
435 1337 522 1362 sum
542 1338 565 1362 a
579 1323 653 1361 tuis
674 1332 936 1374 oppugnatus,
953 1331 995 1361 ut
1016 1331 1161 1361 statuas
1183 1322 1278 1360 mihi
1299 1336 1380 1361 non
1402 1322 1523 1361 modo

194 1401 274 1427 non
300 1389 525 1427 cedendum
556 1389 626 1427 sed
648 1388 765 1427 etiam
794 1397 862 1426 tuo
885 1396 1004 1439 atque
1031 1387 1221 1426 exercitus
1244 1387 1297 1426 tui
1318 1386 1462 1426 auxilio
1483 1386 1522 1424 in

194 1453 276 1491 eius
309 1453 417 1492 modi
456 1467 574 1492 causa
612 1455 804 1492 utendum
844 1453 973 1492 fuisse.
1035 1455 1119 1504 Ego
1158 1461 1196 1491 te
1235 1452 1330 1490 mihi
1369 1466 1524 1503 semper

137 1533 175 1553 :2
192 1518 365 1557 amicum
386 1533 471 1557 esse
492 1518 611 1566 volui,
628 1532 691 1556 me
712 1526 754 1556 ut
779 1518 847 1557 tibi
869 1517 1152 1556 amicissimum
1173 1532 1258 1556 esse
1279 1517 1522 1568 intellegeres

193 1583 376 1622 laboravi.
437 1585 585 1622 Maneo
598 1583 638 1621 in
658 1585 859 1622 voluntate
872 1591 923 1631 61,
937 1584 1070 1633 quoad
1085 1584 1192 1621 voles
1213 1591 1268 1630 111,
1281 1582 1522 1633 permanebo

192 1647 386 1698 citiusque
404 1662 538 1688 amore
559 1648 614 1687 tui
634 1649 789 1687 fratrem
807 1656 917 1686 tuum
933 1647 1064 1687 odisse
1085 1647 1263 1687 desinam
1280 1661 1398 1698 quam
1421 1646 1522 1685 illius

193 1712 286 1751 odio
307 1712 519 1764 quicquam
540 1714 590 1753 de
612 1721 743 1752 nostra
765 1712 1042 1752 benevolentia
1061 1714 1276 1752 detraham.

236 1889 309 1924 ῙῙῙ
550 1893 618 1924 Srr.
639 1893 672 1923 1'11
690 1892 857 1933 Hispania
874 1894 920 1923 cil.
943 1904 973 1923 a.
995 1894 1060 1933 698
1077 1892 1158 1934 (54.

136 1984 171 2014 25
374 1977 414 2015 Q.
445 1976 686 2008 METELLVS
713 1975 865 2007 NEPOS
891 1978 924 2008 S.
956 1977 994 2007 D.
1024 1976 1066 2006 M.
1095 1975 1333 2007 CICERONI.

248 2064 435 2103 Hominis
455 2065 778 2116 importunissimi
799 2066 1075 2113 contumeliae,
1096 2065 1239 2115 quibus
1260 2063 1403 2103 crebris
1430 2078 1519 2103 con·
1540 2078 1555 2104 1

194 2128 365 2168 tionibus
386 2144 450 2168 me
469 2140 617 2177 onerat,
631 2130 706 2169 tuis
727 2145 817 2181 erga
837 2145 899 2170 me
920 2130 1058 2169 officiis
1077 2130 1276 2169 leniuntur
1296 2137 1346 2175 et,
1368 2137 1409 2167 ut
1430 2138 1520 2167 sunt

193 2195 297 2233 leves
317 2195 368 2233 ab
388 2195 471 2233 eius
500 2196 609 2235 modi
637 2196 811 2245 homine,
831 2211 855 2235 a
881 2211 944 2235 me
971 2196 1253 2247 despiciuntur,
1274 2194 1519 2244 libenterque

193 2268 435 2299 commutata
458 2275 625 2311 persona
648 2270 685 2300 te
706 2261 802 2300 mihi
830 2262 953 2300 fratris
973 2263 1062 2300 1060
1083 2276 1167 2300 6556
1194 2262 1310 2300 duco.
1372 2263 1432 2298 De
1454 2259 1519 2297 illo
1539 2268 1562 2293 2

134 2339 176 2370 30
194 2337 243 2362 ne
264 2324 488 2365 meminisse
508 2326 669 2376 quidem
690 2329 793 2376 volo,
806 2327 961 2366 tametsi
982 2327 1041 2366 bis
1062 2340 1152 2366 eum
1173 2326 1338 2365 invitum
1360 2324 1517 2365 servavi.

684 2442 721 2461 12
746 2432 828 2462 haee
851 2430 1038 2472 chseubcrg
