1791 2796
90 122 182 160 VII.
208 122 347 159 xxviii
609 123 664 160 M.
697 123 866 161 TVLLI
899 123 1205 163 CICERONIS

245 233 392 272 tionem
414 246 619 271 accusares
640 233 748 272 domi
766 240 866 280 tuae,
883 234 1033 273 discere
1049 242 1088 273 te
1103 249 1149 274 ex
1166 235 1263 274 meis
1280 235 1386 274 libris
1403 235 1578 275 animum

200 310 224 347 3
246 312 377 337 meum
410 298 641 337 desiderare.
703 300 781 337 Sed
809 312 872 337 me
899 301 1059 339 hercule
1089 309 1127 338 et
1157 308 1241 339 tum
1270 315 1351 339 reni
1379 302 1578 353 publicam

244 365 438 415 lugebam,
463 377 565 415 quae
590 378 671 403 non
697 366 825 404 solum
850 365 929 404 suis
949 379 1039 415 erga
1060 379 1123 405 me
1143 368 1214 406 sed
1235 366 1353 406 etiam
1374 367 1471 406 meis
1492 382 1581 419 erga

209 466 214 470 .
246 444 287 469 se
327 429 530 469 beneficiis
569 438 650 469 erat
689 430 785 469 mihi
815 431 895 470 vila
931 445 1012 469 mea
1046 431 1185 481 carior,
1211 440 1249 471 et
1283 434 1360 471 hoe
1389 440 1581 484 tempore,

245 509 488 546 quamquam
510 510 572 535 me
594 510 673 535 non
695 496 793 535 ratio
819 497 948 536 solum
976 499 1215 546 consolatur,
1241 512 1342 549 quae
1368 498 1580 549 plurimum

246 562 367 600 debet
398 563 538 609 valere,
570 563 640 601 sed
672 562 790 600 etiarn
822 562 916 609 dies,
951 575 1053 613 quae
1084 563 1212 602 stultis
1243 577 1404 614 quoque
1433 565 1581 603 mederi

247 628 356 674 solet,
381 635 513 666 tamen
534 628 651 666 doleo
674 627 726 666 ita
745 641 827 666 rem
849 641 1104 667 communem
1131 642 1216 667 esse
1242 629 1435 680 dilapsam
1463 637 1505 668 ut
1532 643 1582 668 ne

248 706 337 743 spes
364 692 526 742 quidem
555 693 693 732 melius
719 693 935 743 aliquando
964 695 1046 732 fore
1075 694 1325 745 relinquatur.
1385 696 1471 733 Nec
1491 708 1583 733 vero

248 772 354 797 nune
375 758 536 809 quidem
558 761 673 809 culpa
694 759 733 797 in
754 773 802 798 eo
823 767 881 798 est
907 759 947 798 in
975 760 1085 799 cuius
1112 768 1306 811 potestate
1332 761 1466 799 omnia
1493 768 1582 799 sunt

249 824 341 872 (nisi
376 826 474 863 forte
508 824 547 863 id
583 825 710 876 ipsum
747 839 832 864 esse
863 839 944 863 non
975 825 1140 877 debuit),
1171 827 1242 865 sed
1270 826 1345 865 alia
1373 840 1476 873 casu,
1507 827 1582 865 alia

249 890 367 928 etiam
398 898 529 928 nostra
559 892 674 941 culpa
701 890 756 928 sic
785 890 1015 929 acciderunt
1043 898 1084 929 ut
1111 892 1162 929 de
1182 891 1397 941 praeteritis
1428 905 1507 930 non
1535 892 1582 930 sit

250 955 509 1005 querendum.
571 955 781 1005 Reliquam
814 969 925 1005 spem
961 956 1109 994 nullam
1144 955 1270 995 video.
1333 958 1424 1005 Qua
1458 971 1499 995 re
1532 959 1583 996 ad

251 1020 375 1071 prima
408 1021 550 1060 redeo:
581 1020 787 1072 Sapienter
807 1022 905 1060 haec
932 1020 1131 1072 reliquisti,
1156 1020 1187 1060 si
1207 1021 1383 1071 consilio,
1407 1022 1584 1071 feliciter>

252 1099 283 1123 Sl
305 1098 407 1123 casu.

295 1226 450 1261 XXIX
533 1228 600 1261 Scr.
620 1229 736 1261 Patris
750 1240 781 1262 a.
801 1229 832 1262 d.
852 1229 901 1261 iiii
914 1229 957 1262 K.
977 1229 1059 1263 Nov.
1081 1240 1112 1263 a.
1134 1240 1194 1273 709
1214 1230 1294 1275 (45).

581 1307 750 1339 CVRIVS
776 1307 820 1339 M.
849 1307 1077 1340 CICERONI
1104 1307 1193 1339 SVO
1219 1308 1254 1340 S.

306 1386 342 1424 S.
362 1398 394 1424 V.
418 1385 454 1424 b.
473 1399 482 1433 3
511 1398 598 1423 sum
619 1384 725 1423 enlm
745 1386 880 1437 χρήσει
899 1386 967 1435 μέν
986 1392 1086 1432 tuus,
1107 1387 1234 1436 κτήσει
1252 1386 1294 1425 δέ
1309 1385 1432 1425 Attici
1448 1387 1580 1426 nostri.

254 1453 357 1501 Ergo
387 1452 534 1489 fruetus
566 1458 622 1488 est
653 1458 754 1497 tuus,
791 1451 1032 1501 mancipium
1067 1450 1193 1499 illius;
1223 1453 1331 1502 quod
1361 1451 1522 1502 quidem
1552 1452 1584 1491 si

253 1517 352 1555 inter
385 1529 498 1555 senes
537 1515 812 1566 comptionalis
852 1518 988 1555 venale
1027 1516 1304 1566 proscripserit,
1346 1518 1464 1567 egerit
1503 1531 1584 1556 non

254 1584 432 1621 multum.
492 1584 544 1620 At
575 1581 640 1620 illa
668 1589 801 1620 nostra
830 1581 1070 1632 praedicatio
1099 1582 1235 1632 quanti
1266 1590 1337 1631 est,
1364 1597 1446 1630 nos,
1477 1584 1584 1633 quod

253 1648 387 1695 simus,
408 1648 517 1697 quod
538 1647 765 1694 habeamus,
789 1644 898 1698 quod
920 1647 1100 1686 homines
1121 1647 1396 1695 existimemur,
1414 1648 1452 1687 id
1469 1662 1588 1688 omne

252 1713 322 1751 abs
344 1721 381 1751 te
403 1713 570 1751 habere!
621 1713 712 1762 Qua
732 1726 784 1761 re,
799 1712 940 1752 Cicero
962 1712 1028 1759 mi,
1049 1726 1251 1763 persevera
1271 1721 1496 1752 constanter
1516 1728 1588 1752 nos

253 1791 484 1817 conservare
514 1785 552 1816 et
583 1777 730 1828 Sulpici
758 1777 973 1817 successori
1002 1791 1074 1817 nos
1099 1779 1149 1816 de
1178 1778 1337 1817 meliore
1365 1787 1458 1818 nota
1484 1793 1589 1818 com-

254 1845 412 1891 menda,
434 1856 514 1894 quo
545 1843 696 1882 facilius
727 1843 803 1882 tuis
835 1843 1052 1894 praeceptis
1087 1844 1360 1894 obtemperare
1392 1844 1589 1895 possimus

254 1917 372 1959 teque
397 1910 448 1947 ad
476 1922 543 1947 ver
564 1908 731 1947 libentes
754 1909 886 1948 videre
907 1918 944 1948 et
965 1917 1098 1948 nostra
1125 1906 1284 1959 refigere
1305 1910 1590 1960 deportareque
1633 1925 1647 1955 ,-

255 1982 340 2012 tuto
379 1974 586 2025 possimus.
649 1977 740 2023 Sed,
772 1976 898 2015 amice
938 1990 1092 2026 magne,
1126 1975 1206 2014 noli
1241 1976 1342 2013 hanc
1381 1974 1588 2025 epistulam

257 2039 390 2078 Attico
429 2041 647 2080 ostendere.
709 2042 801 2081 Sine
840 2056 930 2081 eum
970 2056 1095 2081 errare
1126 2049 1164 2080 et
1198 2048 1333 2091 putare
1368 2053 1431 2078 mc
1464 2040 1587 2078 virum

257 2106 407 2144 bonurn
435 2120 520 2146 esse
549 2122 622 2147 nec
647 2110 771 2148 solere
798 2111 879 2148 duo
904 2109 1069 2160 parietes
1093 2110 1143 2148 de
1170 2109 1309 2147 eadem
1338 2107 1468 2146 fidelia
1488 2108 1590 2145 deal-

305 2224 316 2244 1
346 2215 478 2245 discere
498 2214 655 2255 Madvig:
685 2215 799 2246 dicere
817 2215 927 2246 codd:
955 2226 1019 2246 om.
1044 2214 1156 2246 Graev.
1293 2223 1312 2252 3
1337 2214 1407 2244 suis
1432 2224 1512 2253 erga
1538 2224 1590 2245 me

257 2261 353 2289 veih:
384 2269 403 2289 a
421 2259 490 2289 suis
514 2258 569 2289 R:
601 2269 620 2289 a
638 2269 690 2289 me
708 2257 756 2288 G:
786 2269 850 2289 om.
877 2259 917 2289 M
1047 2270 1065 2297 4
1090 2259 1156 2289 vita
1180 2267 1255 2288 mea
1278 2256 1353 2288 add.
1382 2256 1590 2298 Wesenbmg:

258 2302 325 2332 vita
351 2301 454 2342 Kleyn
594 2312 630 2341 17
656 2302 684 2333 b.
707 2301 817 2334 codd.:
850 2302 880 2333 b.
907 2313 934 2334 e.
961 2300 1150 2341 lVesenberg
1293 2309 1330 2339 19
1354 2301 1590 2339 comptionalis

261 2344 340 2383 ΜΟ,
367 2346 406 2385 cs:
435 2344 632 2377 Lachmann
658 2344 704 2375 ad
725 2344 849 2379 Lucret.
876 2346 908 2377 ii.
939 2347 1017 2377 1061
1041 2350 1073 2385 p.
1099 2354 1178 2384 135:
1212 2343 1471 2383 coemptionalis
1498 2344 1586 2384 vulg.

260 2388 385 2419 Muller
516 2400 556 2428 24
583 2390 752 2430 possimus
775 2389 833 2422 del.
850 2388 968 2421 Lamb.
1115 2398 1155 2428 25
1180 2388 1326 2427 refigere
1352 2386 1471 2419 Lamb.
1491 2401 1497 2419 ·.
1533 2389 1589 2419 de—

261 2432 366 2471 figere
387 2432 474 2464 codd.

1601 517 1619 548 5

1606 846 1644 867 10

1607 1242 1644 1273 15

1608 1599 1647 1621 20
