<?xml version="1.0" encoding="UTF-8"?>
<!DOCTYPE html PUBLIC "-//W3C//DTD XHTML 1.0 Transitional//EN"
    "http://www.w3.org/TR/xhtml1/DTD/xhtml1-transitional.dtd">
<html xmlns="http://www.w3.org/1999/xhtml" xml:lang="en" lang="en">
 <head>
  <title>
</title>
<meta http-equiv="Content-Type" content="text/html;charset=utf-8" />
  <meta name='ocr-system' content='tesseract 3.04.00' />
  <meta name='ocr-capabilities' content='ocr_page ocr_carea ocr_par ocr_line ocrx_word'/>
</head>
<body>
  <div class='ocr_page' id='page_1' title='image "./epistulaerecogno01ciceuoft_0158.png"; bbox 0 0 1791 2796; ppageno 0'>
   <div class='ocr_carea' id='block_1_1' title="bbox 204 131 1229 169">
    <p class='ocr_par' dir='ltr' id='par_1_1' title="bbox 204 131 1229 169">
     <span class='ocr_line' id='line_1_1' title="bbox 204 131 1229 169; baseline -0.001 -1"><span class='ocrx_word' id='word_1_1' title='bbox 204 134 225 169; x_wconf 83' lang='lat'><strong>&#39;.</strong></span> <span class='ocrx_word' id='word_1_2' title='bbox 252 143 312 168; x_wconf 87' lang='lat' dir='ltr'><strong>xx</strong></span> <span class='ocrx_word' id='word_1_3' title='bbox 633 132 687 169; x_wconf 73' lang='lat' dir='ltr'><strong>M.</strong></span> <span class='ocrx_word' id='word_1_4' title='bbox 720 132 889 169; x_wconf 67' lang='lat' dir='ltr'>TVLLI</span> <span class='ocrx_word' id='word_1_5' title='bbox 921 131 1229 169; x_wconf 62' lang='lat' dir='ltr'><strong>cIFERONIs</strong></span> 
     </span>
    </p>
   </div>
   <div class='ocr_carea' id='block_1_2' title="bbox 217 243 1655 2132">
    <p class='ocr_par' dir='ltr' id='par_1_2' title="bbox 261 243 1633 689">
     <span class='ocr_line' id='line_1_2' title="bbox 262 243 1594 293; baseline -0.002 -11"><span class='ocrx_word' id='word_1_6' title='bbox 262 244 422 293; x_wconf 75' lang='lat' dir='ltr'><strong>singulis</strong></span> <span class='ocrx_word' id='word_1_7' title='bbox 457 245 507 282; x_wconf 80' lang='lat' dir='ltr'><strong>ad</strong></span> <span class='ocrx_word' id='word_1_8' title='bbox 545 251 584 282; x_wconf 92' lang='lat' dir='ltr'><strong>te</strong></span> <span class='ocrx_word' id='word_1_9' title='bbox 614 244 729 281; x_wconf 81' lang='lat' dir='ltr'><strong>rebus</strong></span> <span class='ocrx_word' id='word_1_10' title='bbox 760 243 939 290; x_wconf 81' lang='lat' dir='ltr'><strong>scribere,</strong></span> <span class='ocrx_word' id='word_1_11' title='bbox 970 244 999 281; x_wconf 79' lang='lat' dir='ltr'><strong>si</strong></span> <span class='ocrx_word' id='word_1_12' title='bbox 1034 245 1088 282; x_wconf 82' lang='lat' dir='ltr'><strong>M.</strong></span> <span class='ocrx_word' id='word_1_13' title='bbox 1121 244 1285 289; x_wconf 80' lang='lat' dir='ltr'><strong>Tullius,</strong></span> <span class='ocrx_word' id='word_1_14' title='bbox 1319 244 1443 282; x_wconf 84' lang='lat' dir='ltr'><strong>scriba</strong></span> <span class='ocrx_word' id='word_1_15' title='bbox 1475 257 1594 291; x_wconf 68' lang='lat' dir='ltr'><strong>meus,</strong></span> 
     </span>
     <span class='ocr_line' id='line_1_3' title="bbox 261 307 1598 359; baseline 0 -12"><span class='ocrx_word' id='word_1_16' title='bbox 261 311 426 347; x_wconf 73' lang='lat' dir='ltr'><strong>adesset.</strong></span> <span class='ocrx_word' id='word_1_17' title='bbox 488 312 523 347; x_wconf 76' lang='lat' dir='ltr'><strong>A</strong></span> <span class='ocrx_word' id='word_1_18' title='bbox 555 322 635 359; x_wconf 80' lang='lat' dir='ltr'><strong>quo</strong></span> <span class='ocrx_word' id='word_1_19' title='bbox 669 307 762 346; x_wconf 79' lang='lat' dir='ltr'><strong>mihi</strong></span> <span class='ocrx_word' id='word_1_20' title='bbox 799 310 1042 359; x_wconf 75' lang='lat' dir='ltr'><strong>exploratum</strong></span> <span class='ocrx_word' id='word_1_21' title='bbox 1075 317 1132 347; x_wconf 79' lang='lat' dir='ltr'><strong>cst</strong></span> <span class='ocrx_word' id='word_1_22' title='bbox 1166 309 1203 347; x_wconf 85' lang='lat' dir='ltr'><strong>in</strong></span> <span class='ocrx_word' id='word_1_23' title='bbox 1235 309 1453 348; x_wconf 77' lang='lat' dir='ltr'><strong>rationibus</strong></span> <span class='ocrx_word' id='word_1_24' title='bbox 1487 310 1598 348; x_wconf 88' lang='lat' dir='ltr'><strong>dum-</strong></span> 
     </span>
     <span class='ocr_line' id='line_1_4' title="bbox 262 374 1596 426; baseline 0 -14"><span class='ocrx_word' id='word_1_25' title='bbox 262 382 365 413; x_wconf 77' lang='lat' dir='ltr'><strong>taxat</strong></span> <span class='ocrx_word' id='word_1_26' title='bbox 397 374 610 413; x_wconf 76' lang='lat' dir='ltr'><strong>referendis</strong></span> <span class='ocrx_word' id='word_1_27' title='bbox 643 375 710 425; x_wconf 88' lang='lat' dir='ltr'><strong>(de</strong></span> <span class='ocrx_word' id='word_1_28' title='bbox 746 374 885 413; x_wconf 87' lang='lat' dir='ltr'><strong>ceteris</strong></span> <span class='ocrx_word' id='word_1_29' title='bbox 916 375 1033 413; x_wconf 83' lang='lat' dir='ltr'><strong>rebus</strong></span> <span class='ocrx_word' id='word_1_30' title='bbox 1063 375 1270 413; x_wconf 78' lang='lat' dir='ltr'><strong>adfirmare</strong></span> <span class='ocrx_word' id='word_1_31' title='bbox 1302 388 1382 414; x_wconf 91' lang='lat' dir='ltr'><strong>non</strong></span> <span class='ocrx_word' id='word_1_32' title='bbox 1417 375 1596 426; x_wconf 87' lang='lat' dir='ltr'><strong>possum)</strong></span> 
     </span>
     <span class='ocr_line' id='line_1_5' title="bbox 262 439 1596 490; baseline 0.002 -13"><span class='ocrx_word' id='word_1_33' title='bbox 262 439 359 478; x_wconf 83' lang='lat' dir='ltr'><strong>nibil</strong></span> <span class='ocrx_word' id='word_1_34' title='bbox 389 454 479 479; x_wconf 90' lang='lat' dir='ltr'><strong>eum</strong></span> <span class='ocrx_word' id='word_1_35' title='bbox 508 440 646 479; x_wconf 85' lang='lat' dir='ltr'><strong>fecisse</strong></span> <span class='ocrx_word' id='word_1_36' title='bbox 670 440 872 487; x_wconf 78' lang='lat' dir='ltr'><strong>scientem,</strong></span> <span class='ocrx_word' id='word_1_37' title='bbox 902 441 1012 490; x_wconf 89' lang='lat' dir='ltr'><strong>quod</strong></span> <span class='ocrx_word' id='word_1_38' title='bbox 1039 448 1142 479; x_wconf 86' lang='lat' dir='ltr'><strong>esset</strong></span> <span class='ocrx_word' id='word_1_39' title='bbox 1171 449 1307 479; x_wconf 76' lang='lat' dir='ltr'><strong>contra</strong></span> <span class='ocrx_word' id='word_1_40' title='bbox 1331 448 1398 480; x_wconf 83' lang='lat' dir='ltr'><strong>aut</strong></span> <span class='ocrx_word' id='word_1_41' title='bbox 1428 454 1509 479; x_wconf 88' lang='lat' dir='ltr'><strong>rem</strong></span> <span class='ocrx_word' id='word_1_42' title='bbox 1529 449 1596 480; x_wconf 82' lang='lat' dir='ltr'><strong>aut</strong></span> 
     </span>
     <span class='ocr_line' id='line_1_6' title="bbox 261 506 1633 554; baseline 0.001 -10"><span class='ocrx_word' id='word_1_43' title='bbox 261 506 590 545; x_wconf 79' lang='lat' dir='ltr'><strong>existimationem</strong></span> <span class='ocrx_word' id='word_1_44' title='bbox 621 513 727 544; x_wconf 87' lang='lat' dir='ltr'><strong>tuam</strong></span> <span class='ocrx_word' id='word_1_45' title='bbox 743 521 753 554; x_wconf 75' lang='lat'>3</span> <span class='ocrx_word' id='word_1_46' title='bbox 793 506 896 552; x_wconf 89' lang='lat' dir='ltr'><strong>dein,</strong></span> <span class='ocrx_word' id='word_1_47' title='bbox 929 506 961 544; x_wconf 88' lang='lat' dir='ltr'><strong>si</strong></span> <span class='ocrx_word' id='word_1_48' title='bbox 991 506 1187 545; x_wconf 84' lang='lat' dir='ltr'><strong>rationum</strong></span> <span class='ocrx_word' id='word_1_49' title='bbox 1217 507 1507 545; x_wconf 82' lang='lat' dir='ltr'><strong>referendarum</strong></span> <span class='ocrx_word' id='word_1_50' title='bbox 1538 506 1596 545; x_wconf 88' lang='lat' dir='ltr'><strong>ius</strong></span> <span class='ocrx_word' id='word_1_51' title='bbox 1617 519 1633 550; x_wconf 85' lang='lat'><strong><em>5</em></strong></span> 
     </span>
     <span class='ocr_line' id='line_1_7' title="bbox 261 572 1596 622; baseline 0 -11"><span class='ocrx_word' id='word_1_52' title='bbox 261 580 373 611; x_wconf 77' lang='lat' dir='ltr'><strong>vetus</strong></span> <span class='ocrx_word' id='word_1_53' title='bbox 394 579 432 612; x_wconf 87' lang='lat' dir='ltr'><strong>et</strong></span> <span class='ocrx_word' id='word_1_54' title='bbox 457 585 543 612; x_wconf 87' lang='lat' dir='ltr'><strong>mos</strong></span> <span class='ocrx_word' id='word_1_55' title='bbox 573 572 759 622; x_wconf 86' lang='lat' dir='ltr'><strong>antiquus</strong></span> <span class='ocrx_word' id='word_1_56' title='bbox 781 580 967 619; x_wconf 85' lang='lat' dir='ltr'><strong>maneret,</strong></span> <span class='ocrx_word' id='word_1_57' title='bbox 990 586 1054 610; x_wconf 86' lang='lat' dir='ltr'><strong>me</strong></span> <span class='ocrx_word' id='word_1_58' title='bbox 1079 574 1290 610; x_wconf 81' lang='lat' dir='ltr'><strong>relaturum</strong></span> <span class='ocrx_word' id='word_1_59' title='bbox 1315 572 1496 620; x_wconf 83' lang='lat' dir='ltr'><strong>rationes,</strong></span> <span class='ocrx_word' id='word_1_60' title='bbox 1522 572 1596 611; x_wconf 85' lang='lat' dir='ltr'><strong>nisi</strong></span> 
     </span>
     <span class='ocr_line' id='line_1_8' title="bbox 261 637 1595 689; baseline 0 -13"><span class='ocrx_word' id='word_1_61' title='bbox 261 646 392 677; x_wconf 83' lang='lat' dir='ltr'><strong>tecum</strong></span> <span class='ocrx_word' id='word_1_62' title='bbox 414 652 484 689; x_wconf 82' lang='lat' dir='ltr'><strong>pro</strong></span> <span class='ocrx_word' id='word_1_63' title='bbox 514 637 796 676; x_wconf 89' lang='lat' dir='ltr'><strong>coniunctione</strong></span> <span class='ocrx_word' id='word_1_64' title='bbox 825 646 980 675; x_wconf 84' lang='lat' dir='ltr'><strong>nostrae</strong></span> <span class='ocrx_word' id='word_1_65' title='bbox 1008 637 1311 676; x_wconf 81' lang='lat' dir='ltr'><strong>necessitudinis</strong></span> <span class='ocrx_word' id='word_1_66' title='bbox 1341 638 1595 676; x_wconf 81' lang='lat' dir='ltr'><strong>contulissem</strong></span> 
     </span>
    </p>

    <p class='ocr_par' dir='ltr' id='par_1_3' title="bbox 217 702 1593 754">
     <span class='ocr_line' id='line_1_9' title="bbox 217 702 1593 754; baseline -0.001 -12"><span class='ocrx_word' id='word_1_67' title='bbox 217 711 242 738; x_wconf 91' lang='lat'><em>2</em></span> <span class='ocrx_word' id='word_1_68' title='bbox 260 703 610 754; x_wconf 87' lang='lat' dir='ltr'><strong>confecissemque‚</strong></span> <span class='ocrx_word' id='word_1_69' title='bbox 627 716 707 741; x_wconf 91' lang='lat' dir='ltr'><strong>non</strong></span> <span class='ocrx_word' id='word_1_70' title='bbox 722 703 850 742; x_wconf 86' lang='lat' dir='ltr'><strong>fuisse.</strong></span> <span class='ocrx_word' id='word_1_71' title='bbox 912 704 1034 752; x_wconf 85' lang='lat' dir='ltr'><strong>Quod</strong></span> <span class='ocrx_word' id='word_1_72' title='bbox 1051 702 1165 753; x_wconf 83' lang='lat' dir='ltr'><strong>igitur</strong></span> <span class='ocrx_word' id='word_1_73' title='bbox 1186 703 1363 742; x_wconf 78' lang='lat' dir='ltr'><strong>fecissem</strong></span> <span class='ocrx_word' id='word_1_74' title='bbox 1378 704 1428 742; x_wconf 83' lang='lat' dir='ltr'><strong>ad</strong></span> <span class='ocrx_word' id='word_1_75' title='bbox 1445 704 1593 749; x_wconf 88' lang='lat' dir='ltr'><strong>urbem,</strong></span> 
     </span>
    </p>

    <p class='ocr_par' dir='ltr' id='par_1_4' title="bbox 259 768 1655 2132">
     <span class='ocr_line' id='line_1_10' title="bbox 261 768 1596 820; baseline 0 -13"><span class='ocrx_word' id='word_1_76' title='bbox 261 770 291 807; x_wconf 84' lang='lat' dir='ltr'><strong>si</strong></span> <span class='ocrx_word' id='word_1_77' title='bbox 313 771 561 809; x_wconf 83' lang='lat' dir='ltr'><strong>consuetudo</strong></span> <span class='ocrx_word' id='word_1_78' title='bbox 582 769 743 820; x_wconf 85' lang='lat' dir='ltr'><strong>pristina</strong></span> <span class='ocrx_word' id='word_1_79' title='bbox 765 777 951 816; x_wconf 81' lang='lat' dir='ltr'><strong>maneret,</strong></span> <span class='ocrx_word' id='word_1_80' title='bbox 976 769 1025 815; x_wconf 87' lang='lat' dir='ltr'><strong>id,</strong></span> <span class='ocrx_word' id='word_1_81' title='bbox 1050 768 1236 819; x_wconf 83' lang='lat' dir='ltr'><strong>quoniam</strong></span> <span class='ocrx_word' id='word_1_82' title='bbox 1259 770 1342 819; x_wconf 80' lang='lat' dir='ltr'><strong>lege</strong></span> <span class='ocrx_word' id='word_1_83' title='bbox 1366 769 1465 807; x_wconf 84' lang='lat' dir='ltr'><strong>Iulia</strong></span> <span class='ocrx_word' id='word_1_84' title='bbox 1486 769 1596 808; x_wconf 86' lang='lat' dir='ltr'><strong>relin-</strong></span> 
     </span>
     <span class='ocr_line' id='line_1_11' title="bbox 260 834 1655 886; baseline 0.001 -12"><span class='ocrx_word' id='word_1_85' title='bbox 260 848 381 886; x_wconf 85' lang='lat' dir='ltr'><strong>quere</strong></span> <span class='ocrx_word' id='word_1_86' title='bbox 401 834 570 874; x_wconf 86' lang='lat' dir='ltr'><strong>rationes</strong></span> <span class='ocrx_word' id='word_1_87' title='bbox 592 835 630 873; x_wconf 90' lang='lat' dir='ltr'><strong>in</strong></span> <span class='ocrx_word' id='word_1_88' title='bbox 652 834 854 885; x_wconf 80' lang='lat' dir='ltr'><strong>provincia</strong></span> <span class='ocrx_word' id='word_1_89' title='bbox 874 847 1035 873; x_wconf 85' lang='lat' dir='ltr'><strong>necesse</strong></span> <span class='ocrx_word' id='word_1_90' title='bbox 1060 841 1140 873; x_wconf 80' lang='lat' dir='ltr'><strong>erat</strong></span> <span class='ocrx_word' id='word_1_91' title='bbox 1167 835 1407 885; x_wconf 81' lang='lat' dir='ltr'><strong>easdemque</strong></span> <span class='ocrx_word' id='word_1_92' title='bbox 1429 835 1593 874; x_wconf 82' lang='lat' dir='ltr'><strong>totidem</strong></span> <span class='ocrx_word' id='word_1_93' title='bbox 1617 855 1655 876; x_wconf 87' lang='lat'><strong>10</strong></span> 
     </span>
     <span class='ocr_line' id='line_1_12' title="bbox 260 899 1593 950; baseline 0 -11"><span class='ocrx_word' id='word_1_94' title='bbox 260 901 389 940; x_wconf 77' lang='lat' dir='ltr'><strong>verbis</strong></span> <span class='ocrx_word' id='word_1_95' title='bbox 418 903 557 939; x_wconf 88' lang='lat' dir='ltr'><strong>referre</strong></span> <span class='ocrx_word' id='word_1_96' title='bbox 586 902 637 939; x_wconf 83' lang='lat' dir='ltr'><strong>ad</strong></span> <span class='ocrx_word' id='word_1_97' title='bbox 664 900 866 947; x_wconf 78' lang='lat' dir='ltr'><strong>aerarium,</strong></span> <span class='ocrx_word' id='word_1_98' title='bbox 890 899 963 938; x_wconf 85' lang='lat' dir='ltr'><strong>feci</strong></span> <span class='ocrx_word' id='word_1_99' title='bbox 989 899 1027 937; x_wconf 89' lang='lat' dir='ltr'><strong>in</strong></span> <span class='ocrx_word' id='word_1_100' title='bbox 1053 899 1262 950; x_wconf 73' lang='lat' dir='ltr'><strong>provincia,</strong></span> <span class='ocrx_word' id='word_1_101' title='bbox 1288 913 1417 950; x_wconf 80' lang='lat' dir='ltr'><strong>neque</strong></span> <span class='ocrx_word' id='word_1_102' title='bbox 1445 900 1496 938; x_wconf 81' lang='lat' dir='ltr'><strong>ita</strong></span> <span class='ocrx_word' id='word_1_103' title='bbox 1522 901 1593 939; x_wconf 82' lang='lat' dir='ltr'><strong>feci</strong></span> 
     </span>
     <span class='ocr_line' id='line_1_13' title="bbox 261 961 1593 1012; baseline -0.001 -7"><span class='ocrx_word' id='word_1_104' title='bbox 261 974 303 1005; x_wconf 90' lang='lat' dir='ltr'><strong>ut</strong></span> <span class='ocrx_word' id='word_1_105' title='bbox 324 974 362 1005; x_wconf 91' lang='lat' dir='ltr'><strong>te</strong></span> <span class='ocrx_word' id='word_1_106' title='bbox 381 968 431 1005; x_wconf 84' lang='lat' dir='ltr'><strong>ad</strong></span> <span class='ocrx_word' id='word_1_107' title='bbox 454 980 585 1005; x_wconf 89' lang='lat' dir='ltr'><strong>meum</strong></span> <span class='ocrx_word' id='word_1_108' title='bbox 606 966 808 1004; x_wconf 80' lang='lat' dir='ltr'><strong>arbitrium</strong></span> <span class='ocrx_word' id='word_1_109' title='bbox 833 961 1084 1012; x_wconf 82' lang='lat' dir='ltr'><strong>adducerem,</strong></span> <span class='ocrx_word' id='word_1_110' title='bbox 1109 966 1177 1003; x_wconf 78' lang='lat' dir='ltr'><strong>sed</strong></span> <span class='ocrx_word' id='word_1_111' title='bbox 1199 964 1316 1003; x_wconf 86' lang='lat' dir='ltr'><strong>tribui</strong></span> <span class='ocrx_word' id='word_1_112' title='bbox 1337 965 1406 1003; x_wconf 89' lang='lat' dir='ltr'><strong>tibi</strong></span> <span class='ocrx_word' id='word_1_113' title='bbox 1429 974 1593 1012; x_wconf 81' lang='lat' dir='ltr'><strong>tantum,</strong></span> 
     </span>
     <span class='ocr_line' id='line_1_14' title="bbox 260 1031 1595 1083; baseline -0.001 -12"><span class='ocrx_word' id='word_1_114' title='bbox 260 1040 452 1083; x_wconf 81' lang='lat' dir='ltr'><strong>quantum</strong></span> <span class='ocrx_word' id='word_1_115' title='bbox 488 1045 550 1071; x_wconf 91' lang='lat' dir='ltr'><strong>me</strong></span> <span class='ocrx_word' id='word_1_116' title='bbox 591 1032 773 1070; x_wconf 76' lang='lat' dir='ltr'><strong>tribuisse</strong></span> <span class='ocrx_word' id='word_1_117' title='bbox 812 1044 1030 1081; x_wconf 78' lang='lat' dir='ltr'><strong>numquam</strong></span> <span class='ocrx_word' id='word_1_118' title='bbox 1066 1044 1128 1069; x_wconf 91' lang='lat' dir='ltr'><strong>me</strong></span> <span class='ocrx_word' id='word_1_119' title='bbox 1162 1031 1387 1081; x_wconf 76' lang='lat' dir='ltr'><strong>paenitebit.</strong></span> <span class='ocrx_word' id='word_1_120' title='bbox 1447 1033 1595 1070; x_wconf 79' lang='lat' dir='ltr'><strong>Totum</strong></span> 
     </span>
     <span class='ocr_line' id='line_1_15' title="bbox 260 1096 1592 1147; baseline -0.001 -11"><span class='ocrx_word' id='word_1_121' title='bbox 260 1098 366 1137; x_wconf 84' lang='lat' dir='ltr'><strong>enim</strong></span> <span class='ocrx_word' id='word_1_122' title='bbox 388 1098 555 1136; x_wconf 84' lang='lat' dir='ltr'><strong>scribam</strong></span> <span class='ocrx_word' id='word_1_123' title='bbox 578 1111 721 1143; x_wconf 84' lang='lat' dir='ltr'><strong>meum,</strong></span> <span class='ocrx_word' id='word_1_124' title='bbox 745 1110 864 1147; x_wconf 85' lang='lat' dir='ltr'><strong>quem</strong></span> <span class='ocrx_word' id='word_1_125' title='bbox 887 1096 955 1135; x_wconf 88' lang='lat' dir='ltr'><strong>tibi</strong></span> <span class='ocrx_word' id='word_1_126' title='bbox 978 1096 1095 1135; x_wconf 73' lang='lat' dir='ltr'><strong>video</strong></span> <span class='ocrx_word' id='word_1_127' title='bbox 1122 1110 1228 1134; x_wconf 86' lang='lat' dir='ltr'><strong>nunc</strong></span> <span class='ocrx_word' id='word_1_128' title='bbox 1249 1110 1334 1135; x_wconf 78' lang='lat' dir='ltr'><strong>esse</strong></span> <span class='ocrx_word' id='word_1_129' title='bbox 1355 1106 1592 1147; x_wconf 83' lang='lat' dir='ltr'><strong>suspectum,</strong></span> 
     </span>
     <span class='ocr_line' id='line_1_16' title="bbox 261 1163 1654 1213; baseline -0.001 -10"><span class='ocrx_word' id='word_1_130' title='bbox 261 1164 331 1203; x_wconf 83' lang='lat' dir='ltr'><strong>tibi</strong></span> <span class='ocrx_word' id='word_1_131' title='bbox 353 1164 505 1203; x_wconf 79' lang='lat' dir='ltr'><strong>tradidi.</strong></span> <span class='ocrx_word' id='word_1_132' title='bbox 565 1166 628 1202; x_wconf 79' lang='lat' dir='ltr'><strong>&#39;l&#39;u</strong></span> <span class='ocrx_word' id='word_1_133' title='bbox 656 1163 690 1202; x_wconf 88' lang='lat' dir='ltr'><strong>ei</strong></span> <span class='ocrx_word' id='word_1_134' title='bbox 718 1165 773 1202; x_wconf 79' lang='lat' dir='ltr'><strong>M.</strong></span> <span class='ocrx_word' id='word_1_135' title='bbox 799 1163 1012 1210; x_wconf 83' lang='lat' dir='ltr'><strong>Mindium,</strong></span> <span class='ocrx_word' id='word_1_136' title='bbox 1037 1163 1190 1200; x_wconf 79' lang='lat' dir='ltr'><strong>fratrem</strong></span> <span class='ocrx_word' id='word_1_137' title='bbox 1220 1170 1342 1208; x_wconf 88' lang='lat' dir='ltr'><strong>tuum,</strong></span> <span class='ocrx_word' id='word_1_138' title='bbox 1370 1163 1591 1203; x_wconf 76' lang='lat' dir='ltr'><strong>adiunxisti.</strong></span> <span class='ocrx_word' id='word_1_139' title='bbox 1619 1181 1654 1213; x_wconf 77' lang='lat'><strong>15</strong></span> 
     </span>
     <span class='ocr_line' id='line_1_17' title="bbox 264 1229 1595 1279; baseline -0.002 -10"><span class='ocrx_word' id='word_1_140' title='bbox 264 1231 452 1269; x_wconf 79' lang='lat' dir='ltr'><strong>Rationes</strong></span> <span class='ocrx_word' id='word_1_141' title='bbox 479 1231 684 1269; x_wconf 87' lang='lat' dir='ltr'><strong>confectae</strong></span> <span class='ocrx_word' id='word_1_142' title='bbox 713 1243 776 1268; x_wconf 91' lang='lat' dir='ltr'><strong>me</strong></span> <span class='ocrx_word' id='word_1_143' title='bbox 805 1230 969 1267; x_wconf 78' lang='lat' dir='ltr'><strong>absente</strong></span> <span class='ocrx_word' id='word_1_144' title='bbox 999 1236 1090 1267; x_wconf 84' lang='lat' dir='ltr'><strong>sunt</strong></span> <span class='ocrx_word' id='word_1_145' title='bbox 1120 1236 1250 1266; x_wconf 84' lang='lat' dir='ltr'><strong>tecum</strong></span> <span class='ocrx_word' id='word_1_146' title='bbox 1269 1243 1278 1275; x_wconf 84' lang='lat'>;</span> <span class='ocrx_word' id='word_1_147' title='bbox 1318 1229 1368 1267; x_wconf 76' lang='lat' dir='ltr'><strong>ad</strong></span> <span class='ocrx_word' id='word_1_148' title='bbox 1399 1242 1495 1278; x_wconf 79' lang='lat' dir='ltr'><strong>quas</strong></span> <span class='ocrx_word' id='word_1_149' title='bbox 1523 1243 1595 1279; x_wconf 75' lang='lat' dir='ltr'><strong>ego</strong></span> 
     </span>
     <span class='ocr_line' id='line_1_18' title="bbox 261 1294 1595 1347; baseline 0 -13"><span class='ocrx_word' id='word_1_150' title='bbox 261 1296 357 1335; x_wconf 80' lang='lat' dir='ltr'><strong>nihil</strong></span> <span class='ocrx_word' id='word_1_151' title='bbox 382 1296 547 1336; x_wconf 84' lang='lat' dir='ltr'><strong>adhibui</strong></span> <span class='ocrx_word' id='word_1_152' title='bbox 571 1303 723 1347; x_wconf 87' lang='lat' dir='ltr'><strong>praeter</strong></span> <span class='ocrx_word' id='word_1_153' title='bbox 752 1295 975 1334; x_wconf 82' lang='lat' dir='ltr'><strong>lectionem.</strong></span> <span class='ocrx_word' id='word_1_154' title='bbox 1037 1296 1099 1333; x_wconf 81' lang='lat' dir='ltr'><strong>Ita</strong></span> <span class='ocrx_word' id='word_1_155' title='bbox 1125 1294 1260 1345; x_wconf 81' lang='lat' dir='ltr'><strong>accepi</strong></span> <span class='ocrx_word' id='word_1_156' title='bbox 1287 1294 1430 1333; x_wconf 89' lang='lat' dir='ltr'><strong>librum</strong></span> <span class='ocrx_word' id='word_1_157' title='bbox 1458 1309 1480 1333; x_wconf 80' lang='lat' dir='ltr'><strong>a</strong></span> <span class='ocrx_word' id='word_1_158' title='bbox 1506 1309 1595 1334; x_wconf 90' lang='lat' dir='ltr'><strong>meo</strong></span> 
     </span>
     <span class='ocr_line' id='line_1_19' title="bbox 260 1360 1594 1412; baseline -0.001 -11"><span class='ocrx_word' id='word_1_159' title='bbox 260 1376 372 1402; x_wconf 86' lang='lat' dir='ltr'><strong>servo</strong></span> <span class='ocrx_word' id='word_1_160' title='bbox 392 1362 530 1410; x_wconf 85' lang='lat' dir='ltr'><strong>scriba,</strong></span> <span class='ocrx_word' id='word_1_161' title='bbox 552 1369 595 1401; x_wconf 90' lang='lat' dir='ltr'><strong>ut</strong></span> <span class='ocrx_word' id='word_1_162' title='bbox 625 1362 796 1401; x_wconf 88' lang='lat' dir='ltr'><strong>eundem</strong></span> <span class='ocrx_word' id='word_1_163' title='bbox 826 1360 1046 1412; x_wconf 83' lang='lat' dir='ltr'><strong>acceperim</strong></span> <span class='ocrx_word' id='word_1_164' title='bbox 1075 1373 1099 1399; x_wconf 86' lang='lat' dir='ltr'><strong>a</strong></span> <span class='ocrx_word' id='word_1_165' title='bbox 1127 1361 1242 1399; x_wconf 85' lang='lat' dir='ltr'><strong>fratre</strong></span> <span class='ocrx_word' id='word_1_166' title='bbox 1269 1368 1346 1399; x_wconf 84' lang='lat' dir='ltr'><strong>tuo.</strong></span> <span class='ocrx_word' id='word_1_167' title='bbox 1407 1361 1445 1398; x_wconf 84' lang='lat' dir='ltr'><strong>Si</strong></span> <span class='ocrx_word' id='word_1_168' title='bbox 1469 1362 1594 1400; x_wconf 83' lang='lat' dir='ltr'><strong>honos</strong></span> 
     </span>
     <span class='ocr_line' id='line_1_20' title="bbox 260 1425 1593 1477; baseline -0.001 -11"><span class='ocrx_word' id='word_1_169' title='bbox 260 1428 291 1466; x_wconf 81' lang='lat' dir='ltr'><strong>is</strong></span> <span class='ocrx_word' id='word_1_170' title='bbox 325 1428 407 1474; x_wconf 87' lang='lat' dir='ltr'><strong>fuit,</strong></span> <span class='ocrx_word' id='word_1_171' title='bbox 445 1427 633 1466; x_wconf 86' lang='lat' dir='ltr'><strong>maiorem</strong></span> <span class='ocrx_word' id='word_1_172' title='bbox 662 1427 732 1466; x_wconf 86' lang='lat' dir='ltr'><strong>tibi</strong></span> <span class='ocrx_word' id='word_1_173' title='bbox 763 1427 908 1465; x_wconf 84' lang='lat' dir='ltr'><strong>habere</strong></span> <span class='ocrx_word' id='word_1_174' title='bbox 938 1440 1019 1465; x_wconf 91' lang='lat' dir='ltr'><strong>non</strong></span> <span class='ocrx_word' id='word_1_175' title='bbox 1050 1426 1170 1477; x_wconf 87' lang='lat' dir='ltr'><strong>potui,</strong></span> <span class='ocrx_word' id='word_1_176' title='bbox 1204 1425 1236 1464; x_wconf 79' lang='lat' dir='ltr'><strong>si</strong></span> <span class='ocrx_word' id='word_1_177' title='bbox 1266 1427 1373 1472; x_wconf 84' lang='lat' dir='ltr'><strong>fides,</strong></span> <span class='ocrx_word' id='word_1_178' title='bbox 1407 1426 1593 1466; x_wconf 82' lang='lat' dir='ltr'><strong>maiorem</strong></span> 
     </span>
     <span class='ocr_line' id='line_1_21' title="bbox 260 1492 1653 1543; baseline -0.002 -11"><span class='ocrx_word' id='word_1_179' title='bbox 260 1493 330 1532; x_wconf 77' lang='lat' dir='ltr'><strong>tibi</strong></span> <span class='ocrx_word' id='word_1_180' title='bbox 361 1493 481 1532; x_wconf 82' lang='lat' dir='ltr'><strong>habui</strong></span> <span class='ocrx_word' id='word_1_181' title='bbox 506 1507 625 1543; x_wconf 84' lang='lat' dir='ltr'><strong>quam</strong></span> <span class='ocrx_word' id='word_1_182' title='bbox 655 1506 781 1543; x_wconf 83' lang='lat' dir='ltr'><strong>paene</strong></span> <span class='ocrx_word' id='word_1_183' title='bbox 806 1492 877 1542; x_wconf 86' lang='lat' dir='ltr'><strong>ipsi</strong></span> <span class='ocrx_word' id='word_1_184' title='bbox 907 1492 1026 1540; x_wconf 78' lang='lat' dir='ltr'><strong>mihi3</strong></span> <span class='ocrx_word' id='word_1_185' title='bbox 1070 1492 1101 1529; x_wconf 76' lang='lat' dir='ltr'><strong>si</strong></span> <span class='ocrx_word' id='word_1_186' title='bbox 1132 1492 1420 1542; x_wconf 84' lang='lat' dir='ltr'><strong>providendum</strong></span> <span class='ocrx_word' id='word_1_187' title='bbox 1449 1493 1520 1531; x_wconf 87' lang='lat' dir='ltr'><strong>fuit</strong></span> <span class='ocrx_word' id='word_1_188' title='bbox 1544 1507 1594 1532; x_wconf 90' lang='lat' dir='ltr'><strong>ne</strong></span> <span class='ocrx_word' id='word_1_189' title='bbox 1616 1508 1653 1530; x_wconf 84' lang='lat'><strong>20</strong></span> 
     </span>
     <span class='ocr_line' id='line_1_22' title="bbox 260 1558 1592 1609; baseline 0.001 -13"><span class='ocrx_word' id='word_1_190' title='bbox 260 1558 356 1609; x_wconf 83' lang='lat' dir='ltr'><strong>quid</strong></span> <span class='ocrx_word' id='word_1_191' title='bbox 377 1559 487 1597; x_wconf 83' lang='lat' dir='ltr'><strong>aliter</strong></span> <span class='ocrx_word' id='word_1_192' title='bbox 512 1572 557 1597; x_wconf 83' lang='lat' dir='ltr'><strong>ac</strong></span> <span class='ocrx_word' id='word_1_193' title='bbox 579 1558 649 1596; x_wconf 87' lang='lat' dir='ltr'><strong>tibi</strong></span> <span class='ocrx_word' id='word_1_194' title='bbox 674 1566 712 1596; x_wconf 90' lang='lat' dir='ltr'><strong>ct</strong></span> <span class='ocrx_word' id='word_1_195' title='bbox 733 1559 943 1596; x_wconf 82' lang='lat' dir='ltr'><strong>honestum</strong></span> <span class='ocrx_word' id='word_1_196' title='bbox 971 1566 1009 1596; x_wconf 85' lang='lat' dir='ltr'><strong>et</strong></span> <span class='ocrx_word' id='word_1_197' title='bbox 1035 1558 1127 1595; x_wconf 89' lang='lat' dir='ltr'><strong>utile</strong></span> <span class='ocrx_word' id='word_1_198' title='bbox 1155 1566 1257 1596; x_wconf 82' lang='lat' dir='ltr'><strong>esset</strong></span> <span class='ocrx_word' id='word_1_199' title='bbox 1277 1560 1489 1605; x_wconf 83' lang='lat' dir='ltr'><strong>referretur,</strong></span> <span class='ocrx_word' id='word_1_200' title='bbox 1513 1573 1592 1597; x_wconf 90' lang='lat' dir='ltr'><strong>non</strong></span> 
     </span>
     <span class='ocr_line' id='line_1_23' title="bbox 260 1623 1592 1675; baseline 0.002 -14"><span class='ocrx_word' id='word_1_201' title='bbox 260 1624 380 1662; x_wconf 86' lang='lat' dir='ltr'><strong>habui</strong></span> <span class='ocrx_word' id='word_1_202' title='bbox 415 1624 478 1663; x_wconf 91' lang='lat' dir='ltr'><strong>cui</strong></span> <span class='ocrx_word' id='word_1_203' title='bbox 511 1624 642 1675; x_wconf 84' lang='lat' dir='ltr'><strong>potius</strong></span> <span class='ocrx_word' id='word_1_204' title='bbox 677 1623 716 1662; x_wconf 91' lang='lat' dir='ltr'><strong>id</strong></span> <span class='ocrx_word' id='word_1_205' title='bbox 747 1623 1051 1673; x_wconf 77' lang='lat' dir='ltr'><strong>negotidareln,</strong></span> <span class='ocrx_word' id='word_1_206' title='bbox 1079 1636 1197 1672; x_wconf 59' lang='lat' dir='ltr'><strong>quami</strong></span> <span class='ocrx_word' id='word_1_207' title='bbox 1227 1624 1290 1661; x_wconf 76' lang='lat' dir='ltr'><strong>cui</strong></span> <span class='ocrx_word' id='word_1_208' title='bbox 1315 1624 1417 1662; x_wconf 85' lang='lat' dir='ltr'><strong>dedi.</strong></span> <span class='ocrx_word' id='word_1_209' title='bbox 1489 1626 1592 1663; x_wconf 83' lang='lat' dir='ltr'><strong>Illud</strong></span> 
     </span>
     <span class='ocr_line' id='line_1_24' title="bbox 259 1688 1592 1740; baseline -0.001 -11"><span class='ocrx_word' id='word_1_210' title='bbox 259 1689 421 1740; x_wconf 83' lang='lat' dir='ltr'><strong>quidem</strong></span> <span class='ocrx_word' id='word_1_211' title='bbox 452 1698 555 1728; x_wconf 89' lang='lat' dir='ltr'><strong>certe</strong></span> <span class='ocrx_word' id='word_1_212' title='bbox 586 1691 731 1727; x_wconf 86' lang='lat' dir='ltr'><strong>factum</strong></span> <span class='ocrx_word' id='word_1_213' title='bbox 763 1697 830 1735; x_wconf 84' lang='lat' dir='ltr'><strong>est,</strong></span> <span class='ocrx_word' id='word_1_214' title='bbox 861 1690 970 1738; x_wconf 79' lang='lat' dir='ltr'><strong>quod</strong></span> <span class='ocrx_word' id='word_1_215' title='bbox 1001 1690 1061 1726; x_wconf 76' lang='lat' dir='ltr'><strong>lex</strong></span> <span class='ocrx_word' id='word_1_216' title='bbox 1092 1688 1262 1735; x_wconf 79' lang='lat' dir='ltr'><strong>iubebat,</strong></span> <span class='ocrx_word' id='word_1_217' title='bbox 1288 1697 1330 1727; x_wconf 93' lang='lat' dir='ltr'><strong>ut</strong></span> <span class='ocrx_word' id='word_1_218' title='bbox 1358 1691 1465 1740; x_wconf 83' lang='lat' dir='ltr'><strong>apud</strong></span> <span class='ocrx_word' id='word_1_219' title='bbox 1494 1692 1592 1729; x_wconf 85' lang='lat' dir='ltr'><strong>duas</strong></span> 
     </span>
     <span class='ocr_line' id='line_1_25' title="bbox 259 1755 1592 1804; baseline 0 -10"><span class='ocrx_word' id='word_1_220' title='bbox 259 1756 445 1803; x_wconf 79' lang='lat' dir='ltr'><strong>civitates,</strong></span> <span class='ocrx_word' id='word_1_221' title='bbox 470 1755 760 1794; x_wconf 84' lang='lat' dir='ltr'><strong>Laudicensem</strong></span> <span class='ocrx_word' id='word_1_222' title='bbox 789 1762 826 1792; x_wconf 86' lang='lat' dir='ltr'><strong>et</strong></span> <span class='ocrx_word' id='word_1_223' title='bbox 852 1756 1130 1804; x_wconf 80' lang='lat' dir='ltr'><strong>Apamensem,</strong></span> <span class='ocrx_word' id='word_1_224' title='bbox 1156 1767 1257 1804; x_wconf 73' lang='lat' dir='ltr'><strong>quae</strong></span> <span class='ocrx_word' id='word_1_225' title='bbox 1288 1755 1402 1793; x_wconf 82' lang='lat' dir='ltr'><strong>nobis</strong></span> <span class='ocrx_word' id='word_1_226' title='bbox 1424 1755 1592 1794; x_wconf 82' lang='lat' dir='ltr'><strong>maxime</strong></span> 
     </span>
     <span class='ocr_line' id='line_1_26' title="bbox 259 1820 1650 1871; baseline 0.001 -12"><span class='ocrx_word' id='word_1_227' title='bbox 259 1820 503 1868; x_wconf 75' lang='lat' dir='ltr'><strong>videbantur,</strong></span> <span class='ocrx_word' id='word_1_228' title='bbox 541 1821 728 1871; x_wconf 83' lang='lat' dir='ltr'><strong>quoniam</strong></span> <span class='ocrx_word' id='word_1_229' title='bbox 769 1820 821 1858; x_wconf 82' lang='lat' dir='ltr'><strong>ita</strong></span> <span class='ocrx_word' id='word_1_230' title='bbox 860 1833 1020 1857; x_wconf 76' lang='lat' dir='ltr'><strong>necesse</strong></span> <span class='ocrx_word' id='word_1_231' title='bbox 1058 1827 1149 1865; x_wconf 76' lang='lat' dir='ltr'><strong>erat,</strong></span> <span class='ocrx_word' id='word_1_232' title='bbox 1185 1820 1354 1859; x_wconf 83' lang='lat' dir='ltr'><strong>rationes</strong></span> <span class='ocrx_word' id='word_1_233' title='bbox 1393 1823 1591 1860; x_wconf 83' lang='lat' dir='ltr'><strong>confectas</strong></span> <span class='ocrx_word' id='word_1_234' title='bbox 1614 1834 1650 1864; x_wconf 78' lang='lat'><strong>25</strong></span> 
     </span>
     <span class='ocr_line' id='line_1_27' title="bbox 259 1885 1592 1937; baseline -0.001 -13"><span class='ocrx_word' id='word_1_235' title='bbox 259 1888 434 1925; x_wconf 81' lang='lat' dir='ltr'><strong>conlatas</strong></span> <span class='ocrx_word' id='word_1_236' title='bbox 455 1888 754 1936; x_wconf 85' lang='lat' dir='ltr'><strong>deponeremus.</strong></span> <span class='ocrx_word' id='word_1_237' title='bbox 818 1887 956 1935; x_wconf 79' lang='lat' dir='ltr'><strong>Itaque</strong></span> <span class='ocrx_word' id='word_1_238' title='bbox 971 1885 1353 1937; x_wconf 64' lang='lat' dir='ltr'><strong>huiclocoprimum</strong></span> <span class='ocrx_word' id='word_1_239' title='bbox 1371 1888 1592 1937; x_wconf 82' lang='lat' dir='ltr'><strong>respondeo</strong></span> 
     </span>
     <span class='ocr_line' id='line_1_28' title="bbox 261 1950 1589 2002; baseline 0.001 -14"><span class='ocrx_word' id='word_1_240' title='bbox 261 1966 336 1998; x_wconf 87' lang='lat' dir='ltr'><strong>me,</strong></span> <span class='ocrx_word' id='word_1_241' title='bbox 357 1965 595 2001; x_wconf 82' lang='lat' dir='ltr'><strong>quamquam</strong></span> <span class='ocrx_word' id='word_1_242' title='bbox 619 1951 728 1989; x_wconf 76' lang='lat' dir='ltr'><strong>iustis</strong></span> <span class='ocrx_word' id='word_1_243' title='bbox 749 1952 799 1989; x_wconf 83' lang='lat' dir='ltr'><strong>de</strong></span> <span class='ocrx_word' id='word_1_244' title='bbox 829 1950 955 1988; x_wconf 79' lang='lat' dir='ltr'><strong>causis</strong></span> <span class='ocrx_word' id='word_1_245' title='bbox 980 1950 1150 1989; x_wconf 82' lang='lat' dir='ltr'><strong>rationes</strong></span> <span class='ocrx_word' id='word_1_246' title='bbox 1171 1952 1320 1989; x_wconf 84' lang='lat' dir='ltr'><strong>deferre</strong></span> <span class='ocrx_word' id='word_1_247' title='bbox 1341 1952 1589 2002; x_wconf 84' lang='lat' dir='ltr'><strong>properarim,</strong></span> 
     </span>
     <span class='ocr_line' id='line_1_29' title="bbox 259 2015 1590 2067; baseline 0.002 -13"><span class='ocrx_word' id='word_1_248' title='bbox 259 2025 391 2054; x_wconf 82' lang='lat' dir='ltr'><strong>tamen</strong></span> <span class='ocrx_word' id='word_1_249' title='bbox 421 2024 459 2055; x_wconf 89' lang='lat' dir='ltr'><strong>te</strong></span> <span class='ocrx_word' id='word_1_250' title='bbox 492 2024 806 2066; x_wconf 74' lang='lat' dir='ltr'><strong>exspectaturum</strong></span> <span class='ocrx_word' id='word_1_251' title='bbox 847 2016 979 2058; x_wconf 75' lang='lat' dir='ltr'><strong>fuisse.</strong></span> <span class='ocrx_word' id='word_1_252' title='bbox 1009 2015 1081 2054; x_wconf 86' lang='lat' dir='ltr'><strong>nisi</strong></span> <span class='ocrx_word' id='word_1_253' title='bbox 1122 2016 1160 2054; x_wconf 88' lang='lat' dir='ltr'><strong>in</strong></span> <span class='ocrx_word' id='word_1_254' title='bbox 1201 2017 1401 2067; x_wconf 76' lang='lat' dir='ltr'><strong>provincia</strong></span> <span class='ocrx_word' id='word_1_255' title='bbox 1440 2017 1590 2056; x_wconf 83' lang='lat' dir='ltr'><strong>relictas</strong></span> 
     </span>
     <span class='ocr_line' id='line_1_30' title="bbox 259 2081 1326 2132; baseline 0.002 -13"><span class='ocrx_word' id='word_1_256' title='bbox 259 2081 429 2119; x_wconf 86' lang='lat' dir='ltr'><strong>rationes</strong></span> <span class='ocrx_word' id='word_1_257' title='bbox 450 2095 519 2131; x_wconf 86' lang='lat' dir='ltr'><strong>pro</strong></span> <span class='ocrx_word' id='word_1_258' title='bbox 540 2081 668 2119; x_wconf 84' lang='lat' dir='ltr'><strong>relatis</strong></span> <span class='ocrx_word' id='word_1_259' title='bbox 690 2082 888 2128; x_wconf 86' lang='lat' dir='ltr'><strong>haberem,</strong></span> <span class='ocrx_word' id='word_1_260' title='bbox 911 2095 1029 2132; x_wconf 85' lang='lat' dir='ltr'><strong>quam</strong></span> <span class='ocrx_word' id='word_1_261' title='bbox 1052 2083 1105 2120; x_wconf 92' lang='lat' dir='ltr'><strong>ob</strong></span> <span class='ocrx_word' id='word_1_262' title='bbox 1125 2096 1205 2120; x_wconf 88' lang='lat' dir='ltr'><strong>rem</strong></span> <span class='ocrx_word' id='word_1_263' title='bbox 1237 2113 1244 2121; x_wconf 91' lang='lat'><strong><em>.</em></strong></span> <span class='ocrx_word' id='word_1_264' title='bbox 1277 2113 1284 2121; x_wconf 94' lang='lat'>.</span> <span class='ocrx_word' id='word_1_265' title='bbox 1318 2113 1326 2122; x_wconf 89' lang='lat'><strong>.</strong></span> 
     </span>
    </p>
   </div>
   <div class='ocr_carea' id='block_1_3' title="bbox 258 2183 1588 2492">
    <p class='ocr_par' dir='ltr' id='par_1_5' title="bbox 258 2183 1588 2492">
     <span class='ocr_line' id='line_1_31' title="bbox 301 2183 1588 2227; baseline 0.003 -13"><span class='ocrx_word' id='word_1_266' title='bbox 301 2185 323 2214; x_wconf 90' lang='lat'><strong>6</strong></span> <span class='ocrx_word' id='word_1_267' title='bbox 347 2183 416 2225; x_wconf 88' lang='lat' dir='ltr'><strong>me]</strong></span> <span class='ocrx_word' id='word_1_268' title='bbox 438 2194 489 2214; x_wconf 82' lang='lat' dir='ltr'><strong>me</strong></span> <span class='ocrx_word' id='word_1_269' title='bbox 507 2185 592 2215; x_wconf 86' lang='lat' dir='ltr'><strong>scito</strong></span> <span class='ocrx_word' id='word_1_270' title='bbox 606 2184 869 2226; x_wconf 57' lang='lat' dir='ltr'><strong>Martyni—Lag„</strong></span> <span class='ocrx_word' id='word_1_271' title='bbox 889 2186 925 2225; x_wconf 80' lang='lat' dir='ltr'><strong>cs</strong></span> <span class='ocrx_word' id='word_1_272' title='bbox 948 2191 961 2220; x_wconf 60' lang='grc' dir='ltr'>ξ</span> <span class='ocrx_word' id='word_1_273' title='bbox 983 2196 1000 2225; x_wconf 89' lang='lat'><strong>7</strong></span> <span class='ocrx_word' id='word_1_274' title='bbox 1124 2187 1162 2216; x_wconf 84' lang='lat'><strong>18</strong></span> <span class='ocrx_word' id='word_1_275' title='bbox 1186 2196 1283 2217; x_wconf 86' lang='lat' dir='ltr'><strong>servo</strong></span> <span class='ocrx_word' id='word_1_276' title='bbox 1296 2186 1354 2217; x_wconf 78' lang='lat' dir='ltr'><strong>del.</strong></span> <span class='ocrx_word' id='word_1_277' title='bbox 1379 2186 1588 2227; x_wconf 63' lang='lat' dir='ltr'><strong>Wesenlmgr:</strong></span> 
     </span>
     <span class='ocr_line' id='line_1_32' title="bbox 262 2227 1582 2269; baseline 0.003 -11"><span class='ocrx_word' id='word_1_278' title='bbox 262 2228 392 2259; x_wconf 85' lang='lat' dir='ltr'><strong>Laurea</strong></span> <span class='ocrx_word' id='word_1_279' title='bbox 415 2227 515 2260; x_wconf 67' lang='lat' dir='ltr'><strong>Reid:</strong></span> <span class='ocrx_word' id='word_1_280' title='bbox 531 2229 613 2268; x_wconf 84' lang='lat' dir='ltr'><strong>sort.</strong></span> <span class='ocrx_word' id='word_1_281' title='bbox 642 2240 660 2260; x_wconf 84' lang='lat' dir='ltr'><strong>a</strong></span> <span class='ocrx_word' id='word_1_282' title='bbox 681 2229 723 2260; x_wconf 93' lang='lat' dir='ltr'><strong>M.</strong></span> <span class='ocrx_word' id='word_1_283' title='bbox 744 2229 855 2260; x_wconf 81' lang='lat' dir='ltr'><strong>Tullio</strong></span> <span class='ocrx_word' id='word_1_284' title='bbox 879 2231 989 2260; x_wconf 83' lang='lat' dir='ltr'><strong>scriba</strong></span> <span class='ocrx_word' id='word_1_285' title='bbox 1014 2239 1102 2267; x_wconf 84' lang='lat' dir='ltr'><strong>mco,</strong></span> <span class='ocrx_word' id='word_1_286' title='bbox 1120 2230 1158 2269; x_wconf 77' lang='lat' dir='ltr'><strong>cf</strong></span> <span class='ocrx_word' id='word_1_287' title='bbox 1181 2232 1196 2267; x_wconf 78' lang='lat'>§</span> <span class='ocrx_word' id='word_1_288' title='bbox 1217 2241 1229 2260; x_wconf 92' lang='lat'>1</span> <span class='ocrx_word' id='word_1_289' title='bbox 1365 2240 1406 2260; x_wconf 84' lang='lat'><strong>22</strong></span> <span class='ocrx_word' id='word_1_290' title='bbox 1431 2232 1482 2261; x_wconf 89' lang='lat' dir='ltr'><strong>cui</strong></span> <span class='ocrx_word' id='word_1_291' title='bbox 1509 2231 1582 2263; x_wconf 81' lang='lat' dir='ltr'><strong>add.</strong></span> 
     </span>
     <span class='ocr_line' id='line_1_33' title="bbox 261 2271 1585 2315; baseline 0.003 -13"><span class='ocrx_word' id='word_1_292' title='bbox 261 2271 421 2302; x_wconf 80' lang='lat' dir='ltr'><strong>Graevius</strong></span> <span class='ocrx_word' id='word_1_293' title='bbox 574 2274 651 2304; x_wconf 90' lang='lat' dir='ltr'><strong>dedi</strong></span> <span class='ocrx_word' id='word_1_294' title='bbox 672 2273 755 2305; x_wconf 84' lang='lat' dir='ltr'><strong>GR:</strong></span> <span class='ocrx_word' id='word_1_295' title='bbox 780 2274 899 2304; x_wconf 85' lang='lat' dir='ltr'><strong>darem</strong></span> <span class='ocrx_word' id='word_1_296' title='bbox 917 2272 974 2304; x_wconf 91' lang='lat' dir='ltr'><strong>M:</strong></span> <span class='ocrx_word' id='word_1_297' title='bbox 1001 2274 1159 2304; x_wconf 81' lang='lat' dir='ltr'><strong>dederam</strong></span> <span class='ocrx_word' id='word_1_298' title='bbox 1184 2273 1371 2315; x_wconf 69' lang='lat' dir='ltr'><strong>li&#39;esenbcrg</strong></span> <span class='ocrx_word' id='word_1_299' title='bbox 1545 2286 1585 2314; x_wconf 87' lang='lat'><strong>24</strong></span> 
     </span>
     <span class='ocr_line' id='line_1_34' title="bbox 260 2316 1582 2358; baseline 0.002 -12"><span class='ocrx_word' id='word_1_300' title='bbox 260 2316 501 2347; x_wconf 86' lang='lat' dir='ltr'><strong>Laodicensem</strong></span> <span class='ocrx_word' id='word_1_301' title='bbox 524 2316 612 2349; x_wconf 85' lang='lat' dir='ltr'><strong>codd.</strong></span> <span class='ocrx_word' id='word_1_302' title='bbox 639 2318 697 2348; x_wconf 85' lang='lat' dir='ltr'><strong>sed</strong></span> <span class='ocrx_word' id='word_1_303' title='bbox 718 2318 755 2358; x_wconf 78' lang='lat' dir='ltr'><strong>cf</strong></span> <span class='ocrx_word' id='word_1_304' title='bbox 783 2317 861 2348; x_wconf 84' lang='lat' dir='ltr'><strong>adn.</strong></span> <span class='ocrx_word' id='word_1_305' title='bbox 890 2317 1001 2349; x_wconf 77' lang='lat' dir='ltr'><strong>mliii.</strong></span> <span class='ocrx_word' id='word_1_306' title='bbox 1029 2327 1058 2357; x_wconf 86' lang='lat'><strong>5.</strong></span> <span class='ocrx_word' id='word_1_307' title='bbox 1083 2328 1103 2357; x_wconf 87' lang='grc'>3</span> <span class='ocrx_word' id='word_1_308' title='bbox 1304 2318 1470 2349; x_wconf 84' lang='lat' dir='ltr'><strong>maximae</strong></span> <span class='ocrx_word' id='word_1_309' title='bbox 1496 2318 1582 2350; x_wconf 82' lang='lat' dir='ltr'><strong>Crat.</strong></span> 
     </span>
     <span class='ocr_line' id='line_1_35' title="bbox 258 2359 1586 2403; baseline 0.003 -14"><span class='ocrx_word' id='word_1_310' title='bbox 258 2360 301 2389; x_wconf 87' lang='lat'><strong>26</strong></span> <span class='ocrx_word' id='word_1_311' title='bbox 325 2359 476 2391; x_wconf 83' lang='lat' dir='ltr'><strong>conlatas</strong></span> <span class='ocrx_word' id='word_1_312' title='bbox 493 2360 612 2393; x_wconf 79' lang='lat' dir='ltr'><strong>Orelli:</strong></span> <span class='ocrx_word' id='word_1_313' title='bbox 647 2361 840 2394; x_wconf 83' lang='lat' dir='ltr'><strong>consolatas</strong></span> <span class='ocrx_word' id='word_1_314' title='bbox 859 2361 915 2394; x_wconf 89' lang='lat' dir='ltr'><strong>M:</strong></span> <span class='ocrx_word' id='word_1_315' title='bbox 942 2362 1150 2403; x_wconf 80' lang='lat' dir='ltr'><strong>collatasque</strong></span> <span class='ocrx_word' id='word_1_316' title='bbox 1168 2362 1222 2394; x_wconf 80' lang='lat' dir='ltr'><strong>R:</strong></span> <span class='ocrx_word' id='word_1_317' title='bbox 1256 2361 1516 2402; x_wconf 73' lang='lat' dir='ltr'><strong>consolatasque</strong></span> <span class='ocrx_word' id='word_1_318' title='bbox 1535 2362 1564 2393; x_wconf 88' lang='lat' dir='ltr'><strong><em>G</em></strong></span> <span class='ocrx_word' id='word_1_319' title='bbox 1580 2375 1586 2393; x_wconf 74' lang='grc' dir='ltr'><strong>ε</strong></span> 
     </span>
     <span class='ocr_line' id='line_1_36' title="bbox 258 2404 1587 2448; baseline 0.002 -15"><span class='ocrx_word' id='word_1_320' title='bbox 258 2404 487 2436; x_wconf 80' lang='lat' dir='ltr'><strong>consolidatas</strong></span> <span class='ocrx_word' id='word_1_321' title='bbox 504 2406 616 2438; x_wconf 78' lang='lat' dir='ltr'><strong>(codex</strong></span> <span class='ocrx_word' id='word_1_322' title='bbox 631 2407 811 2438; x_wconf 74' lang='lat' dir='ltr'><strong>Palatinus</strong></span> <span class='ocrx_word' id='word_1_323' title='bbox 828 2409 976 2448; x_wconf 78' lang='lat' dir='ltr'><strong>quintus)</strong></span> <span class='ocrx_word' id='word_1_324' title='bbox 1076 2419 1115 2447; x_wconf 86' lang='lat'><strong>27</strong></span> <span class='ocrx_word' id='word_1_325' title='bbox 1143 2408 1271 2438; x_wconf 83' lang='lat' dir='ltr'><strong>referre</strong></span> <span class='ocrx_word' id='word_1_326' title='bbox 1290 2407 1430 2437; x_wconf 75' lang='lat' dir='ltr'><em>Gronov.</em></span> <span class='ocrx_word' id='word_1_327' title='bbox 1543 2417 1587 2446; x_wconf 87' lang='lat'><strong>29</strong></span> 
     </span>
     <span class='ocr_line' id='line_1_37' title="bbox 258 2448 1374 2492; baseline 0.003 -13"><span class='ocrx_word' id='word_1_328' title='bbox 258 2448 369 2480; x_wconf 82' lang='lat' dir='ltr'><strong>relatis</strong></span> <span class='ocrx_word' id='word_1_329' title='bbox 388 2449 506 2482; x_wconf 70' lang='lat' dir='ltr'><strong>Lamb,</strong></span> <span class='ocrx_word' id='word_1_330' title='bbox 527 2463 532 2480; x_wconf 92' lang='lat'>:</span> <span class='ocrx_word' id='word_1_331' title='bbox 560 2452 635 2482; x_wconf 64' lang='lat' dir='ltr'><strong>latis</strong></span> <span class='ocrx_word' id='word_1_332' title='bbox 653 2452 739 2483; x_wconf 62' lang='lat' dir='ltr'><strong>redd.</strong></span> <span class='ocrx_word' id='word_1_333' title='bbox 877 2464 974 2492; x_wconf 77' lang='lat' dir='ltr'><strong>quam</strong></span> <span class='ocrx_word' id='word_1_334' title='bbox 995 2453 1037 2483; x_wconf 88' lang='lat' dir='ltr'><strong>ob</strong></span> <span class='ocrx_word' id='word_1_335' title='bbox 1055 2463 1124 2484; x_wconf 85' lang='lat' dir='ltr'><strong>rcm</strong></span> <span class='ocrx_word' id='word_1_336' title='bbox 1144 2452 1247 2484; x_wconf 83' lang='lat' dir='ltr'><strong>detuli</strong></span> <span class='ocrx_word' id='word_1_337' title='bbox 1269 2451 1374 2482; x_wconf 76' lang='lat' dir='ltr'><strong>Orellr&#39;</strong></span> 
     </span>
    </p>
   </div>
  </div>
 </body>
</html>
