1791 2796
168 891 206 912 10

167 1543 206 1566 20

169 2192 209 2223 30

589 174 700 210 EPP.
734 173 810 210 ΑΙ)
843 172 1189 211 FAMILIARES
1508 173 1592 209 XV.
1614 183 1673 208 xv

225 293 418 337 praestare
446 285 528 335 ipse
555 285 684 323 debeo
714 297 832 334 quam
861 298 882 322 a
910 291 947 321 te
975 290 1223 333 exspectare:
1263 283 1334 321 etsi
1366 290 1406 320 ut
1433 296 1553 332 saepe

225 353 333 389 soleo
355 364 509 389 mecum
532 349 735 395 recordari,
755 362 882 386 sermo
904 349 1100 386 familiaris
1122 362 1232 386 meus
1249 356 1378 386 tecum
1401 356 1437 385 et
1461 349 1552 385 item

226 430 380 455 mecum
403 425 492 454 tuus
513 415 674 454 adduxit
698 423 907 464 utrumque
931 422 1106 452 nostrum
1129 415 1179 452 ad
1211 414 1249 452 id
1272 413 1492 459 consilium,
1512 421 1552 451 ut

225 495 305 520 uno
344 481 494 532 proelio
534 488 770 531 putaremus,
813 479 842 517 si
884 492 963 517 non
1004 486 1125 517 totam
1167 492 1337 526 causam,
1373 487 1410 517 at
1450 486 1554 517 certe

225 555 402 585 nostrum
444 545 633 584 iudicium
677 544 829 583 definiri
874 544 1093 583 convenire.
1156 546 1297 595 Neque
1345 545 1553 594 quisquam

226 614 326 649 hanc
348 620 520 650 nostram
544 610 779 650 sententiam
802 624 890 649 vere
911 623 1100 660 umquam
1122 610 1371 660 reprehendit
1404 618 1554 660 practer

224 690 292 715 eos
313 676 380 727 qui
405 677 641 715 arbitrantur
669 675 807 714 melius
835 689 920 714 esse
941 675 1060 714 deleri
1086 675 1250 713 omnino
1271 688 1350 713 rem
1374 688 1408 725 p.
1433 688 1551 725 quam

225 742 472 781 imminutam
504 750 541 780 et
569 741 812 781 debilitatam
839 755 1024 789 manere3
1064 755 1137 791 ego
1166 749 1297 780 autem
1329 755 1374 779 ex
1396 740 1551 779 interitu

225 808 308 846 eius
340 810 486 846 nullam
520 821 630 858 spem
665 807 811 846 scilicet
848 807 942 845 mihi
979 807 1261 858 proponebam,
1296 820 1341 845 cx
1381 806 1552 856 reliquiis

225 886 418 923 magnam.
490 873 567 911 Sed
606 886 652 910 ea
690 880 779 910 sunt
819 880 1042 919 consecuta,
1084 880 1125 910 ut
1164 871 1286 921 magis
1325 871 1465 909 mirum
1505 871 1594 909 sit2

224 937 405 976 accidere
434 937 498 976 illa
524 937 698 988 potuisse
723 950 842 987 quam
871 950 943 974 nos
976 950 1054 975 non
1083 936 1225 975 vidisse
1252 950 1298 975 ca
1319 937 1446 974 futura
1467 949 1550 982 nec,

225 1003 405 1043 homines
427 1017 517 1043 cum
547 1017 733 1051 essenmS,
758 1003 931 1042 divinare
962 1002 1145 1054 potuisse.
1207 1002 1403 1052 Equidem
1433 1003 1555 1040 fatcor

225 1083 353 1108 meam
376 1069 643 1108 coniecturam
676 1070 779 1107 hanc
803 1068 931 1116 fuisse,
957 1075 998 1106 ut
1025 1067 1091 1105 illo
1121 1067 1232 1117 quasi
1253 1068 1427 1117 quodam
1449 1066 1552 1104 fatali

225 1134 373 1185 proelio
400 1136 503 1173 facto
531 1142 568 1173 et
597 1134 762 1173 victores
794 1132 996 1172 communi
1024 1131 1137 1170 saluti
1167 1130 1319 1170 consuli
1347 1132 1490 1169 vellent
1518 1138 1554 1169 et

225 1200 315 1238 victi
355 1214 471 1247 suae,
520 1208 730 1250 utrumque
770 1207 901 1237 autem
942 1197 1113 1248 positum
1146 1210 1231 1235 csse
1264 1196 1478 1240 arbitrabar
1518 1196 1556 1233 in

225 1265 421 1304 celeritate
456 1265 623 1304 victoris.
684 1266 798 1314 Quae
837 1263 868 1301 si
908 1262 1053 1309 fuisset,
1096 1263 1264 1300 eandem
1304 1261 1555 1299 clementiam

225 1340 382 1380 experta
425 1338 526 1369 esset
566 1329 698 1368 Africa
737 1342 855 1379 quam
895 1327 1079 1378 cognovit
1127 1327 1232 1374 Asia,
1276 1340 1394 1377 quam
1441 1327 1557 1365 etiam

226 1396 377 1434 Achaia
406 1404 454 1443 te,
478 1405 520 1434 ut
551 1395 701 1445 opinor,
726 1394 811 1445 ipso
842 1396 970 1443 legato
998 1407 1044 1431 ac
1066 1395 1330 1443 deprecatore.
1391 1393 1557 1431 Amissis

224 1470 355 1500 autem
392 1462 646 1512 temporibus,
683 1474 784 1511 quae
817 1460 1028 1510 plurimum
1069 1460 1208 1505 valent,
1251 1458 1477 1509 praesertim
1519 1458 1556 1496 in

226 1527 336 1565 bellis
358 1526 546 1573 civilibus,
572 1525 823 1576 interpositus
845 1538 970 1563 annus
997 1524 1094 1562 alios
1123 1523 1274 1562 induxit
1292 1532 1333 1562 ut
1355 1523 1555 1561 victoriam

225 1600 433 1642 sperarent,
463 1592 560 1630 alios
590 1600 633 1630 ut
660 1591 788 1642 ipsum
820 1590 921 1629 vinci
947 1596 1257 1629 contemnerent.
1331 1590 1557 1639 Atqueho-

226 1671 310 1696 rum
334 1659 524 1695 malorum
548 1656 726 1696 omnium
753 1658 909 1707 culpam
938 1657 1092 1694 fortuna
1114 1655 1298 1701 sustinet3
1340 1654 1426 1704 quis
1448 1654 1552 1692 enim

225 1732 291 1761 aut
323 1722 578 1761 Alexandrini
606 1722 698 1761 belli
725 1730 874 1760 tantam
901 1734 1049 1759 moram
1075 1720 1166 1758 huic
1192 1720 1297 1758 bello
1322 1719 1552 1758 adiunctum

228 1787 270 1825 iri
296 1796 362 1826 aut
387 1788 520 1826 nescio
548 1800 667 1838 quern
697 1786 814 1825 istum
847 1787 1088 1824 Pharnacem
1110 1785 1228 1824 Asiae
1255 1792 1440 1823 terrorem
1463 1785 1555 1823 inla-

229 1860 358 1891 turum
386 1846 571 1903 putaret?
620 1854 704 1890 Nos
735 1860 867 1890 tamen
895 1852 933 1889 in
959 1851 1124 1890 consilio
1149 1850 1230 1901 pari
1259 1864 1350 1888 casu
1376 1850 1553 1888 dissimili
1575 1861 1598 1897 3

228 1918 285 1956 usi
318 1932 462 1956 sumus.
522 1920 583 1956 Tu
619 1917 723 1956 enim
759 1931 846 1955 eam
879 1924 1027 1967 partem
1063 1915 1203 1966 petisti,
1239 1924 1279 1953 ut
1315 1924 1351 1953 et
1385 1915 1555 1953 consiliis

228 1983 433 2022 interesses
461 1992 509 2029 et,
534 1984 641 2033 quod
666 1981 834 2020 maxime
861 1995 993 2020 curam
1017 1983 1127 2028 levat,
1152 1982 1279 2019 futura
1309 1980 1442 2019 animo
1473 1994 1557 2030 pro-

227 2048 376 2098 spicere
406 2061 566 2098 posses;
606 2061 678 2097 ego
717 2046 784 2096 qui
820 2046 997 2085 festinavi
1042 2054 1082 2084 ut
1122 2048 1331 2085 Caesarem
1372 2045 1411 2083 in
1445 2045 1557 2083 Italia

227 2113 399 2151 viderem
415 2112 487 2163 (sic
501 2112 604 2150 enirn
622 2110 923 2160 arbitrabamur)
938 2124 1108 2161 eumque
1123 2110 1254 2148 multis
1271 2110 1557 2148 honestissimis

228 2179 317 2217 viris
336 2178 575 2217 conservatis
597 2178 827 2216 redeuntem
849 2177 899 2215 ad
920 2189 1058 2226 pacem
1084 2177 1351 2222 ‘currentem,’
1373 2184 1413 2213 ut
1434 2175 1553 2222 aiunt,

305 2245 319 2257 b

275 2292 289 2320 7
315 2280 564 2311 arbitrabantur
582 2279 668 2310 Crat.
787 2288 824 2318 13
847 2279 943 2317 quasi
960 2282 1030 2308 vett.
1047 2289 1054 2308 :
1080 2287 1183 2317 quase
1200 2276 1306 2311 codd..
1324 2278 1362 2317 cs.
1381 2277 1517 2316 Quintil.
1534 2277 1556 2309 i.

229 2335 258 2363 7.
275 2335 315 2362 24
409 2333 445 2362 ¹4
470 2329 502 2354 et
520 2324 687 2354 victores.
707 2347 714 2354 .
733 2347 740 2353 .
759 2321 887 2352 vellent
906 2331 972 2352 om.
990 2320 1061 2352 HF
1146 2320 1274 2351 consuli
1291 2320 1366 2352 Vici.
1383 2332 1389 2350 :
1415 2320 1556 2352 consule

228 2367 288 2399 M:
313 2367 494 2397 consulere
517 2365 567 2396 Ι)2
593 2376 700 2406 marg.
724 2364 915 2396 Benedictus
1050 2375 1087 2404 15
1113 2365 1257 2404 positum
1284 2367 1377 2394 vem:
1404 2365 1553 2404 proposi-

228 2416 296 2442 tum
310 2410 400 2441 codd.
417 2410 645 2440 Mendelssolm
715 2408 902 2440 arbitrabar
914 2407 1033 2438 HDF:
1057 2408 1151 2438 -trari
1165 2407 1205 2437 M
1219 2420 1225 2438 :
1242 2413 1365 2438 ,πεπει-
1377 2406 1554 2447 Hofinann'

232 2456 270 2485 18
293 2455 451 2494 adlegato
471 2453 652 2485 Gronovius
788 2463 830 2492 29
854 2452 1098 2483 arbitrabamur
1116 2456 1183 2483 velt.
1201 2463 1207 2481 :
1233 2456 1375 2482 -trarnur
1390 2451 1480 2483 codd.

1405 2506 1467 2537 31*
