1791 2796
122 139 190 174 IX.
212 137 256 172 xi
576 135 631 170 M.
664 134 832 171 TVLLI
866 133 1173 171 CICERONIS

213 246 318 286 brevi
341 256 527 297 tempore,
551 253 592 284 ut
620 244 755 295 opinio
779 252 911 283 nostra
935 252 1003 291 est,
1035 252 1071 283 te
1102 258 1188 282 sum
1218 243 1381 291 visurus,
1405 244 1457 283 ita
1484 258 1548 283 me

211 315 411 352 adfectum
451 312 640 358 offendes,
677 319 720 349 ut
759 312 925 349 multum
961 324 985 348 a
1019 318 1055 347 te
1091 309 1238 360 possim
1278 309 1426 357 iuvari;
1466 324 1547 349 non

212 393 292 429 quo
322 378 375 416 ita
405 377 477 416 sim
511 378 665 424 fractus,
700 384 741 414 ut
772 384 839 414 aut
869 375 1058 414 hominen
1092 389 1154 414 me
1187 389 1271 414 esse
1301 375 1446 414 oblitus
1474 375 1548 414 sim

211 452 277 483 aut
317 445 495 483 fortunae
535 442 878 481 succumbendum
918 449 1064 491 putem,
1097 442 1166 479 sed
1207 449 1338 479 tamen
1370 440 1549 485 hilaritas

213 510 277 548 illa
309 517 441 547 nostra
473 516 510 547 et
542 507 723 553 suavitas,
750 520 851 556 quae
882 515 919 545 te
951 514 1103 556 praeter
1132 514 1283 545 ceteros
1313 506 1547 552 delectabat,

212 582 346 625 erepta
381 573 475 612 mihi
506 573 635 611 omnis
668 581 749 619 est3
781 571 1004 610 firmitatem
1041 580 1172 610 tamen
1205 580 1244 610 et
1273 570 1546 617 constantiam,

214 641 243 679 si
276 641 397 680 modo
428 639 499 677 fuit
529 638 744 688 aliquando
769 637 807 675 in
836 637 962 683 nobis,
986 638 1155 677 eandem
1183 650 1399 687 cognosces
1430 650 1549 688 quani

215 706 415 757 reliquisti.

272 773 393 822 Quod
423 770 560 809 scribis
583 769 731 821 proelia
759 778 796 809 te
823 783 911 808 mea
938 776 1055 808 causa
1080 769 1281 816 sustinere,
1304 783 1384 808 non
1407 776 1487 807 tam
1508 767 1549 807 id

215 839 351 878 laboro
389 845 444 883 ut,
478 836 508 874 si
548 835 612 886 qui
649 835 745 874 mihi
778 836 1009 881 obtrectent,
1043 849 1066 872 a
1101 842 1137 873 te
1169 830 1396 881 refutentur,
1430 847 1548 884 quam

214 902 387 954 intellegi
425 901 553 952 cupio,
596 901 704 951 quod
744 909 847 939 certe
886 900 1135 950 intellegitur,
1174 913 1238 938 me
1275 913 1299 937 a
1339 907 1376 938 te
1413 898 1546 937 amari.

215 970 337 1018 Quod
371 974 413 1006 ut
447 966 576 1013 facias,
614 974 651 1005 te
682 965 800 1004 etiam
834 974 952 1016 atque
991 965 1109 1003 etiam
1148 979 1253 1016 rogo,
1290 964 1550 1015 ignoscasque

215 1032 393 1073 brevitati
422 1032 636 1072 litterarum
667 1045 868 1078 niearu1113
900 1045 991 1070 nani
1023 1039 1061 1069 et
1089 1030 1265 1070 celeriter
1291 1044 1371 1068 una
1400 1031 1549 1068 futuros

214 1113 286 1138 nos
334 1097 498 1138 arbitror
536 1105 574 1136 et
613 1098 793 1136 nondum
833 1095 925 1135 satis
964 1110 1050 1135 sum
1087 1097 1343 1136 confirmatus
1377 1096 1428 1134 ad
1462 1094 1550 1133 scri-

215 1165 404 1204 bendum.

546 1242 569 1260 Ἰ

225 1310 227 1312 ³
259 1317 350 1352 XII
486 1321 553 1352 scr.
576 1320 609 1350 ιἰι
629 1320 782 1352 Cumano
800 1319 882 1350 med.
905 1331 947 1350 m.
968 1319 1042 1350 Dcc.
1064 1311 1175 1360 ‘1-'709
1195 1321 1277 1361 (θ’).

619 1408 795 1440 CICERO
822 1407 1143 1439 DOLABELLAE.

275 1501 457 1539 Gratulor
487 1498 592 1538 Baiis
623 1498 775 1545 nostris,
799 1498 829 1536 si
858 1492 1030 1549 quidem,
1053 1506 1096 1537 ut
1123 1497 1270 1545 scribis,
1294 1498 1467 1537 salubres
1497 1512 1551 1537 re-

218 1574 336 1617 pente
367 1567 490 1604 factae
521 1572 639 1611 sunt3
669 1563 742 1603 nisi
769 1565 867 1603 sorte
892 1572 929 1603 te
958 1572 1092 1603 amant
1122 1573 1159 1603 et
1191 1563 1259 1603 tibi
1294 1565 1550 1604 adsentantur

216 1640 254 1671 et
284 1640 362 1670 tam
391 1631 469 1678 diu,
494 1632 590 1670 dum
619 1638 660 1668 tu
687 1631 792 1676 ades,
817 1638 907 1668 sun-t
934 1629 1080 1668 oblitae
1104 1629 1174 1668 sui.
1235 1630 1357 1678 Quod
1387 1628 1548 1680 quidem

216 1696 246 1735 si
268 1696 321 1736 ita
341 1706 409 1744 est,
435 1696 597 1736 minime
618 1694 736 1734 miror
757 1696 910 1734 caelum
932 1694 1049 1734 etiam
1071 1702 1109 1733 et
1134 1703 1252 1733 terras
1273 1693 1351 1733 vim
1373 1707 1495 1742 suam,
1518 1694 1550 1735 si

174 1771 198 1798 2
217 1763 269 1802 ita
300 1762 370 1802 tibi
401 1761 621 1809 conveniat,
649 1760 857 1800 dimittere.
918 1759 1216 1799 Oratiunculam
1247 1773 1317 1811 pro
1350 1758 1548 1806 Deiotaro,

216 1842 335 1879 quam
376 1827 612 1879 requirebas,
645 1827 843 1866 habebam
864 1839 1050 1872 ,mecum
1082 1824 1200 1877 quod*
1229 1838 1310 1867 non
1358 1832 1548 1876 putaram.

218 1895 357 1945 Itaque
392 1899 478 1933 earn
514 1892 585 1932 tibi
620 1892 733 1939 misi;
775 1905 894 1943 quam
931 1890 1137 1933 veliinsic
1171 1892 1275 1941 legas
1310 1897 1353 1928 ut
1390 1903 1549 1931 causam

217 1967 374 1998 tenuem
415 1966 452 1997 et
487 1958 646 2008 inopem
681 1971 754 1996 nec
790 1956 1000 2008 scriptione
1036 1970 1179 2006 magno
1214 1969 1331 2006 opere
1365 1954 1550 2006 dignam3

216 2025 285 2062 sed
315 2037 388 2073 ego
413 2022 558 2073 hospiti
586 2022 703 2061 veteri
733 2031 770 2061 et
797 2022 926 2060 amico
954 2022 1231 2059 munusculum
1262 2019 1415 2059 mittere
1444 2019 1549 2058 volui

216 2087 417 2127 levidense
438 2101 568 2126 crasso
597 2088 673 2134 filo,
698 2086 808 2125 cuim
834 2086 941 2126 modi
967 2085 1088 2136 ipsius
1117 2086 1244 2124 solent
1268 2098 1352 2123 esse
1374 2098 1546 2123 munera.

217 2155 280 2192 Tu
307 2152 422 2191 velini
453 2152 587 2190 animo
617 2151 781 2202 sapienti
815 2151 982 2201 fortique
1009 2151 1071 2197 sis,
1102 2158 1143 2188 ut
1174 2159 1240 2188 tua
1267 2148 1484 2191 moderatio
1511 2156 1550 2188 et

217 2217 382 2268 gravitas
402 2216 567 2256 aliorum
590 2216 751 2254 infamet
772 2215 962 2254 iniuriam.

499 2332 534 2357 14
561 2331 633 2351 sum
653 2331 715 2350 0111.
738 2319 778 2350 All
909 2321 951 2350 26
975 2319 1063 2349 volni
1083 2329 1146 2350 0111.
1169 2318 1210 2350 A!

1573 850 1610 872 10

1571 1641 1611 1663 20
