1791 2796
566 139 675 175 El‘l‘.
709 138 786 173 Al)
820 135 1166 172 FAMILIARES
1482 134 1582 170 11.x

198 258 281 288 tum
303 250 419 288 etiam
442 250 568 286 futura
590 247 710 295 magis
732 254 926 295 exspecto.
988 248 1077 293 Qua
1098 258 1148 290 re,
1172 254 1213 281 ut
1234 245 1283 281 ad
1307 257 1368 280 me
1396 242 1527 280 omnia

199 329 317 366 quani
339 312 634 364 diligentissime
656 311 882 361 perscribas,
906 318 943 347 te
964 311 1217 347 vehementer
1237 321 1341 357 rogo,

196 496 323 664 ὦ
457 561 526 594 Sm‘.
548 561 728 592 Laudiceae
737 560 822 602 prid.
841 559 928 591 Non.
949 559 1032 600 Apr.
1055 570 1084 590 a.
1108 568 1166 599 7⁰4
1186 558 1266 598 ¹250)-

291 645 335 677 M.
362 644 537 676 CICERO
565 644 658 675 IMP.
684 644 717 675 S.
746 643 785 674 D.
816 642 858 674 Μ.
884 642 1057 673 CAELIO
1084 641 1243 671 AEDILI
1272 640 1442 671 CVRVLI

162 741 178 771 5
256 732 468 767 Putaresne
489 741 677 777 umquam
699 726 876 765 accidere
898 739 1024 776 posse,
1043 733 1084 763 ut
1107 724 1201 762 mihi
1222 725 1339 762 verba
1360 726 1529 771 dessent,
1553 738 1568 764 1

202 810 330 845 neque
369 796 495 832 solum
538 794 609 831 ista
646 802 772 831 vestra
814 792 991 837 oratoria,
1033 792 1102 829 scd
1142 793 1239 828 hacc
1278 790 1394 828 etiam
1436 791 1532 828 levia

202 859 424 898 nostratia?
496 861 650 897 Desunt
691 867 823 897 autem
869 866 1027 908 propter
1072 859 1174 894 hanc
1213 870 1384 903 causam,
1426 858 1532 906 quod

204 925 364 963 mirifice
394 938 480 962 sum
511 923 709 971 sollicitus,
742 923 932 973 quidnam
963 924 1014 961 de
1045 921 1254 972 provinciis
1289 923 1531 959 decernatur.

205 990 352 1029 Mirum
391 1004 455 1028 me
493 989 731 1028 desiderium
777 997 883 1027 tenet
929 988 1047 1036 urbis,
1088 987 1318 1026 incredibile
1357 1000 1533 1025 meorum

147 1073 186 1095 10
203 1065 321 1107 atque
342 1056 380 1094 in
403 1055 536 1106 primis
557 1055 623 1102 tui,
647 1055 802 1093 satietas
822 1063 954 1093 autem
982 1054 1216 1104 provinciae,
1240 1055 1300 1092 vel
1322 1053 1412 1103 quia
1433 1053 1536 1090 vide·

204 1136 290 1161 mur
311 1135 396 1160 eam
424 1123 567 1160 famam
596 1121 808 1168 consecuti,
832 1128 873 1159 ut
903 1134 983 1158 non
1012 1128 1090 1158 tam
1117 1119 1291 1158 accessio
1312 1120 1536 1168 quaerenda

205 1202 323 1238 quam
349 1190 503 1226 fortuna
534 1188 746 1226 metuenda
774 1187 832 1234 sit,
856 1189 915 1225 vel
946 1186 1037 1237 quia
1067 1194 1193 1225 totum
1225 1185 1424 1236 negotium
1456 1198 1535 1222 non

206 1262 263 1292 est
290 1253 453 1304 dignum
475 1253 620 1291 viribus
648 1252 799 1300 nostris,
824 1252 889 1302 qui
919 1252 1065 1290 maiora
1093 1265 1212 1290 onera
1242 1252 1280 1289 in
1311 1265 1350 1289 re
1380 1250 1537 1301 publica

207 1318 397 1357 sustinere
427 1327 464 1356 ct
495 1318 641 1368 possim
673 1326 709 1356 et
740 1319 897 1364 soleam,
926 1319 985 1355 vel
1021 1317 1112 1367 quia
1142 1316 1233 1355 belli
1264 1316 1393 1366 magni
1423 1316 1539 1354 timor

151 1400 187 1431 15
208 1385 421 1435 impendet,
454 1386 562 1435 quod
590 1384 768 1423 videmur
797 1384 975 1433 effugere,
1008 1383 1039 1421 si
1069 1383 1119 1421 ad
1149 1382 1402 1421 constitutam
1433 1381 1538 1419 diem

207 1451 458 1489 decedemus.

264 1518 326 1554 De
355 1515 555 1565 pantheris
586 1528 654 1565 per
678 1528 756 1562 eos,
785 1513 851 1565 qui
878 1513 1010 1553 venari
1038 1514 1176 1559 solent,
1199 1512 1324 1563 agitur
1352 1513 1539 1550 mandatu
1559 1528 1581 1554 2

211 1594 299 1619 meo
330 1580 559 1630 diligenter;
590 1582 659 1619 sed
691 1580 787 1619 mira
818 1579 993 1630 paucitas
1024 1586 1093 1626 est,
1126 1587 1163 1617 et
1198 1592 1273 1624 eas,
1306 1591 1407 1628 quae
1437 1585 1538 1623 sunt,

210 1648 324 1685 valde
353 1646 461 1684 aiunt
491 1646 611 1696 queri,
644 1647 753 1696 quod
783 1645 879 1684 nihil
911 1645 1095 1695 cuiquam
1125 1644 1353 1682 insidiarum
1385 1643 1423 1680 in
1455 1656 1541 1680 mea

155 1720 193 1741 20
212 1710 413 1760 provincia
451 1710 522 1748 nisi
563 1710 636 1749 sibi
677 1712 752 1749 fiat.
816 1712 956 1760 Itaque
995 1709 1245 1747 constituisse
1284 1708 1468 1746 dicuntur
1502 1707 1540 1744 in

213 1776 368 1815 Cariam
399 1790 445 1815 ex
475 1784 607 1814 nostra
638 1776 838 1826 provincia
871 1776 1073 1813 decedere.
1134 1775 1212 1812 Sed
1242 1782 1373 1811 tamen
1404 1774 1542 1811 sedulo

214 1841 255 1878 fit
283 1848 320 1879 et
345 1840 385 1878 in
407 1840 540 1890 p'rimis
561 1854 583 1878 a
605 1841 769 1878 Patisco.
831 1839 1034 1889 Quicquid
1056 1839 1137 1885 erit,
1161 1838 1231 1887 tibi
1252 1838 1331 1884 erit,
1356 1839 1425 1876 sed
1447 1838 1541 1887 quid

216 1913 317 1944 esset
344 1906 459 1956 plane
489 1904 772 1944 nesciebamus.
834 1903 934 1942 Mihi
963 1916 1024 1940 me
1051 1903 1209 1941 hercule
1237 1916 1400 1952 magnae
1425 1918 1540 1943 curae

214 1978 271 2006 est
298 1968 475 2007 aedilitas
507 1976 597 2015 tua3
638 1968 721 2018 ipse
752 1967 836 2006 dies
870 1982 932 2006 me
963 1968 1229 2010 admonebat:
1269 1968 1402 2018 scripsi
1437 1969 1541 2006 enim

155 2043 193 2074 25
215 2036 311 2072 hacc
345 2033 438 2084 ipsis
475 2033 779 2083 Megalensibus.
839 2035 901 2071 Tu
936 2033 1051 2072 velim
1087 2035 1138 2072 acl
1169 2047 1232 2072 me
1266 2035 1315 2072 de
1350 2033 1456 2071 omni
1491 2034 1540 2071 rei

215 2099 396 2149 publicae
435 2106 537 2138 statu
576 2112 694 2149 quam
734 2099 1032 2148 diligentissime
1071 2100 1311 2149 perscribas:
1355 2113 1399 2137 ea
1437 2099 1541 2137 enim

215 2164 429 2203 certissima
459 2165 618 2214 putabo,
652 2177 753 2214 quae
783 2178 829 2202 ex
859 2173 896 2202 te
926 2177 1109 2214 cognoro.

259 2278 278 2307 3
302 2267 392 2298 Haec
406 2274 451 2308 ep.
470 2269 503 2298 in
521 2267 645 2309 Mpost
660 2269 724 2299 xiii.
747 2270 766 2299 8
783 2269 938 2299 ztemtm
936 2270 999 2307 m)
1105 2279 1124 2308 5
1151 2269 1335 2300 Putarasne
1358 2268 1543 2305 mscnbern

217 2312 354 2342 dessent
372 2311 431 2342 M:
455 2311 614 2342 deessent
633 2311 696 2343 GR
874 2323 911 2350 14
937 2312 1064 2352 possim
1086 2318 1119 2343 et
1139 2313 1265 2343 soleam
1285 2312 1376 2342 MG:
1405 2322 1542 2351 possum

216 2360 250 2428 {t
276 2355 400 2385 soleam
429 2355 481 2386 R:
516 2365 691 2395 possemus
715 2360 747 2386 et
771 2355 918 2386 solemus
943 2367 986 2389 m.
1016 2356 1102 2387 unde
1125 2358 1291 2396 possimus
1317 2360 1349 2385 tt
1374 2355 1542 2385 soleamus

249 2398 336 2428 amb.
