1791 2796
113 136 230 175 VIII.
250 137 296 173 xi
626 137 682 172 M.
715 136 882 172 TVLLI
916 134 1222 174 CICERONIS

249 253 518 285 numeraretur
538 247 765 296 postularet,
789 244 909 283 tacuit
925 260 933 292 3
964 252 1116 282 tantum
1134 243 1279 283 Catoni
1299 244 1492 283 adsensus
1513 251 1584 291 est,

248 311 315 362 qui
346 313 389 350 de
427 319 464 350 te
498 313 654 350 locutus
687 309 905 350 honorifice
939 323 1019 348 non
1050 310 1226 348 decrerat
1264 307 1582 359 supplicationes.

248 377 406 416 Tertius
439 378 490 416 ad
523 378 596 416 hos
615 420 618 424 ,
637 375 834 416 Favonius
867 374 1043 415 accessit.
1104 376 1196 424 Qua
1223 388 1264 414 re
1293 388 1364 426 pro
1393 373 1584 426 cuiusque

249 450 387 482 natura
408 451 446 481 et
470 442 650 481 instituto
678 441 823 492 gratiae
848 448 939 480 sunt
967 441 1155 491 agendae,
1186 440 1259 488 his,
1291 441 1400 491 quod
1429 447 1582 479 tantum

247 509 492 547 voluntatem
522 508 792 554 ostenderunt,
825 520 895 557 pro
925 505 1119 544 sententia
1148 519 1239 544 cum
1273 504 1465 556 impedire
1498 519 1584 556 pos·
1604 517 1622 548 5

248 580 335 612 sent
355 587 436 613 non
457 580 691 623 pugnarunt,
709 571 873 612 Curioni
893 585 995 619 vero,
1013 573 1121 622 quod
1137 572 1187 610 de
1208 585 1365 610 suarum
1382 570 1582 610 actionum

250 652 366 677 cursu
387 646 454 677 tua
474 652 592 677 causa
613 637 781 677 deflexit.
843 639 947 676 Nam
980 636 1147 675 Furnius
1169 645 1208 675 et
1229 638 1432 683 Lentulus,
1456 643 1498 674 ut
1519 637 1583 674 de-

249 705 430 751 buerunt,
453 703 565 754 quasi
586 717 722 742 eorum
744 717 803 743 res
831 711 944 751 esset,
967 717 1046 742 una
1075 702 1283 743 nobiscum
1305 701 1583 742 circumierunt

247 778 285 807 et
307 770 543 808 laborarunt.
607 768 720 807 Balbi
737 782 898 819 quoque
920 768 1078 809 Corneli
1093 782 1252 819 operam
1274 776 1313 807 et
1332 767 1582 807 sedulitatem

247 835 407 874 laudare
428 848 589 885 possum
606 849 615 882 3
654 848 745 873 nam
768 848 859 872 cum
882 833 1055 874 Curione
1076 835 1329 874 vehementer
1349 835 1503 873 locutus
1524 840 1582 872 est
1604 846 1643 869 10

247 907 285 938 et
315 914 418 947 eum,
451 899 482 939 si
511 900 621 939 aliter
650 899 817 947 fecisset,
849 899 1029 938 iniuriam
1061 899 1220 940 Caesari
1249 901 1442 938 facturum
1472 898 1579 945 dixit,

247 972 330 1004 tum
353 965 436 1005 eius
458 966 578 1005 fidem
599 965 638 1004 in
660 965 927 1016 suspicionem
947 965 1121 1005 adduxit.
1183 967 1399 1004 Decrerant
1420 964 1581 1015 quidem

247 1044 377 1081 neque
398 1030 554 1081 transigi
577 1031 763 1070 volebant
793 1030 970 1078 Domitii,
993 1030 1208 1082 Scipiones.
1270 1030 1425 1080 Quibus
1447 1031 1521 1068 hac
1542 1044 1581 1068 re

245 1097 297 1134 ad
319 1095 642 1135 intercessionem
673 1097 919 1135 evocandam
947 1095 1286 1146 interpellantibus
1306 1094 1580 1134 venustissime

247 1161 369 1201 Curio
390 1161 593 1213 respondit
614 1175 654 1201 se
676 1176 724 1200 eo
745 1161 931 1200 libentius
958 1175 1039 1200 non
1061 1161 1314 1208 intercedere,
1337 1161 1446 1212 quod
1467 1174 1581 1211 quos·
1603 1173 1638 1205 15

246 1227 339 1266 dam
361 1227 428 1278 qui
449 1229 705 1267 decernerent
727 1227 875 1267 videret
896 1227 1038 1267 confici
1059 1229 1174 1267 nolle.

203 1305 228 1343 3
304 1294 426 1342 Quod
455 1294 506 1332 ad
533 1307 613 1332 rem
642 1292 842 1343 publicam
869 1293 1017 1340 attinet,
1049 1292 1088 1331 in
1118 1307 1237 1331 unam
1262 1306 1421 1331 causam
1452 1291 1580 1331 omnis

245 1359 450 1398 contentio
484 1360 664 1398 conlecta
698 1367 756 1398 est
785 1360 835 1398 de
867 1358 1101 1409 provinciis;
1145 1358 1184 1396 in
1214 1372 1333 1409 quam
1366 1358 1498 1397 adhuc
1527 1357 1580 1396 in-

244 1423 429 1462 cubuisse
455 1438 543 1463 cum
575 1432 712 1463 senatu
742 1423 955 1474 Pompeius
985 1423 1139 1463 videtur
1163 1431 1204 1462 ut
1230 1425 1375 1463 Caesar
1396 1424 1454 1462 Id.
1475 1424 1575 1461 Nov.

244 1490 439 1536 decedat3
469 1488 590 1528 Curio
611 1489 745 1528 omnia
761 1488 891 1540 p'otius
913 1488 1043 1528 subire
1065 1488 1266 1528 constituit
1288 1502 1406 1538 quam
1423 1487 1464 1527 id
1484 1487 1575 1539 pati,
1600 1501 1639 1523 20

244 1561 393 1593 ceteras
424 1567 512 1593 suas
542 1553 685 1593 abiecit
715 1554 901 1594 actiones.
963 1553 1097 1593 Nostri
1124 1568 1250 1605 porro,
1275 1567 1374 1604 quos
1404 1560 1445 1592 tu
1475 1553 1578 1591 bene

242 1619 358 1666 nosti,
381 1620 431 1658 ad
453 1626 669 1658 extremum
691 1627 891 1659 certamen
920 1633 1000 1658 rem
1028 1620 1224 1658 deducere
1255 1632 1335 1658 non
1363 1617 1574 1657 audebant.

244 1686 395 1724 Scaena
416 1684 469 1724 rei
486 1684 606 1724 totius
627 1686 748 1724 haec:
780 1685 1004 1736 Pompeius,
1036 1692 1236 1735 tamquam
1259 1686 1468 1724 Caesarem
1495 1697 1574 1722 non

243 1748 448 1801 impugnet
494 1751 564 1789 sed
613 1751 722 1801 quod
770 1749 823 1788 illi
871 1763 1042 1801 aequum
1091 1758 1202 1801 putet
1250 1748 1472 1795 constituat,
1522 1747 1576 1786 ait

243 1815 459 1854 Curionem
491 1829 677 1866 quaerere
717 1815 943 1862 discordias,
982 1816 1095 1854 valde
1133 1823 1265 1854 autem
1305 1828 1385 1853 non
1416 1815 1498 1852 vult
1537 1821 1575 1852 et
1597 1826 1635 1858 25

242 1882 358 1930 plane
394 1880 504 1919 timet
535 1882 744 1920 Caesarem
776 1885 878 1920 †cos.
917 1880 1035 1931 desig.
1061 1880 1180 1933 *prius
1209 1894 1327 1930 quam
1362 1879 1573 1919 exercitum

241 1953 279 1983 ct
301 1945 541 1995 provinciam
565 1945 775 1986 tradiderit.
836 1945 1040 1996 Accipitur
1061 1945 1152 1984 satis
1174 1947 1275 1984 male
1295 1959 1317 1984 a
1339 1944 1511 1985 Curione
1536 1952 1573 1983 et

241 2017 346 2049 totus
368 2011 450 2049 eius
472 2013 670 2050 secundus
701 2013 927 2050 consulatus
959 2011 1181 2062 exagitatur.
1244 2013 1337 2049 Hoc
1367 2010 1437 2049 tibi
1458 2010 1572 2050 dico:

241 2077 279 2116 Si
302 2077 486 2116 omnibus
504 2078 619 2116 rebus
641 2085 820 2127 prement
843 2077 1068 2124 Curionem,
1088 2079 1233 2117 Caesar
1253 2078 1440 2116 defendet
1461 2076 1572 2115 inter-

240 2157 462 2191 cessorem3
505 2143 545 2190 si,
571 2145 679 2193 quod
707 2143 899 2190 videntur,
933 2143 1232 2190 reformidarint‚
1266 2144 1410 2183 Caesar
1438 2142 1571 2192 quoad
1593 2154 1632 2185 30

290 2243 326 2264 12
350 2232 484 2273 quidem
501 2242 612 2271 ncquc
626 2230 801 2262 Lehmann
819 2243 824 2261 :
841 2232 974 2271 quidam
991 2242 1099 2271 ncquc
1116 2231 1255 2271 Madvig
1269 2242 1275 2261 :
1291 2231 1424 2271 quidem
1439 2230 1567 2269 quiniq.

243 2277 284 2307 M
417 2277 454 2307 18
478 2276 511 2307 in
539 2286 603 2315 qua
631 2276 740 2306 adhuc
770 2286 811 2306 co
839 2275 1030 2306 incubuisse
1058 2275 1198 2316 flladvtjg
1337 2285 1378 2305 22
1402 2274 1571 2305 audebant

241 2321 339 2351 Klotz
356 2332 362 2350 :
390 2321 538 2351 audeant
558 2320 617 2349 M:
645 2320 770 2350 audent
787 2320 835 2350 vel
850 2319 1019 2350 audebunt
1042 2317 1229 2359 I‘Vesenlctg
1331 2320 1373 2349 26
1397 2317 1569 2350 consulem

241 2361 410 2404 designari
429 2368 523 2396 vem:
555 2363 766 2394 consulatum
796 2363 878 2393 inire
909 2362 1137 2394 Mendelssolm
1314 2372 1353 2401 27
1379 2360 1570 2402 provincias

244 2407 439 2449 lVesenberg,
467 2409 504 2448 cs
523 2420 544 2448 9
572 2418 590 2447 5
753 2417 795 2445 30
820 2406 1068 2438 reformidarint
1097 2406 1211 2437 Gran:
1251 2411 1341 2436 -1unt
1380 2405 1439 2435 M:
1472 2405 1570 2435 -burit

240 2452 466 2484 .1lendclssohn
