1791 2796
558 148 673 186 EPP.
704 148 782 184 AD
814 147 1162 185 FAMILIARES
1473 150 1519 187 X.
1539 151 1649 189 xxiv

194 273 352 300 aversos
390 272 458 298 eos
496 258 583 297 talis
622 258 734 297 vobis
773 266 969 309 praestare
1007 272 1180 309 possem,
1219 260 1355 310 quales
1393 261 1525 299 adhuc

194 328 360 365 fuerunt.
428 326 512 364 Nos
532 325 663 363 adhuc
684 323 747 362 hic
768 324 901 362 omnia
922 324 1069 374 integra
1085 324 1351 364 sustinuimus.
1404 325 1524 374 Quod
1545 338 1570 376 3

194 391 404 429 consilium
434 398 625 438 nostrum,
653 389 724 428 etsi
755 397 903 440 quanta
932 390 980 428 sit
1009 390 1174 428 aviditas
1207 390 1414 429 hominum
1445 403 1525 428 non

195 456 278 495 sine
305 469 423 494 causa
444 454 554 496 †talis
582 454 767 493 victoriae
796 454 892 501 scio,
913 462 1045 493 tamen
1073 454 1185 493 vobis
1213 455 1369 505 probari
1400 469 1524 506 spero.

158 533 174 564 5
196 523 289 560 Non
319 521 438 569 enirn,
467 521 501 559 si
525 520 621 571 quid
651 520 691 558 in
721 520 780 558 his
811 520 1043 559 exercitibus
1073 520 1122 559 sit
1151 522 1359 569 offensum,
1388 533 1529 570 magna

195 586 371 625 subsidia
404 600 462 625 res
498 600 534 636 p.
571 586 690 624 habet
725 585 920 635 expedita,
954 585 1098 635 quibus
1133 586 1265 624 subito
1299 586 1448 636 impetu
1482 599 1528 624 ac

196 651 402 690 latrocinio
422 650 702 701 parricidarum
727 650 890 689 resistat.
951 650 1098 701 Copias
1119 664 1210 690 vero
1235 658 1387 690 nostras
1415 659 1529 690 notas

196 716 266 755 tibi
288 730 373 755 esse
393 716 567 754 arbitror.
629 718 676 754 In
706 715 841 754 castris
871 715 969 755 meis
999 716 1172 766 legiones
1203 724 1294 755 sunt
1323 724 1529 755 veteranae

196 789 283 829 tres,
307 781 478 820 tironum
503 782 563 819 vel
591 780 903 819 luculentissima
927 794 974 819 ex
1000 781 1186 819 omnibus
1214 795 1305 829 una,
1330 781 1369 819 in
1395 781 1529 820 castris

139 861 176 883 10
198 847 305 885 Bruti
341 860 420 885 una
453 854 636 885 veterana
669 846 784 896 legio,
808 848 928 884 altera
958 845 1077 894 bima,
1102 854 1193 885 octo
1224 847 1406 886 tironum.
1468 848 1529 885 Ita

199 912 402 950 universus
450 911 641 950 exercitus
690 924 856 949 numero
908 910 1174 961 amplissimus
1227 919 1298 959 est,
1347 912 1529 950 firmitate

196 977 366 1027 exiguus.
427 978 630 1026 Quantum
657 984 789 1016 autem
812 976 850 1014 in
872 977 955 1015 acie
977 976 1091 1015 tironi
1114 976 1162 1015 sit
1182 977 1528 1025 committendum,

196 1042 361 1081 nimium
383 1056 500 1093 saepe
520 1049 721 1093 expertum
744 1043 948 1081 habemus.
999 1043 1064 1081 Ad
1081 1043 1157 1081 hoc
1173 1043 1292 1081 robur
1305 1050 1527 1082 nostrorum
1547 1053 1574 1091 4

197 1107 436 1147 exercituum
464 1108 544 1146 sive
571 1107 779 1146 Africanus
807 1107 1012 1155 exercitus,
1034 1107 1100 1158 qui
1128 1115 1186 1147 est
1206 1116 1427 1156 veteranus,
1449 1109 1529 1147 sive

139 1188 176 1222 15
199 1174 377 1212 Caesaris
407 1173 648 1222 accessisset,
669 1187 797 1223 aequo
826 1173 959 1212 animo
990 1186 1185 1211 summam
1216 1186 1297 1212 rem
1328 1187 1363 1223 p.
1387 1174 1427 1212 in
1455 1173 1545 1213 dis-⁶

196 1239 345 1277 crimen
378 1240 692 1287 deduceremus3
720 1238 923 1289 aliquanto
950 1247 1082 1277 autem
1107 1238 1268 1288 propius
1300 1252 1398 1286 esse,
1420 1241 1528 1289 quod

195 1305 246 1342 ad
268 1305 477 1343 Caesarem
500 1304 652 1352 attinet,
674 1304 916 1343 videbamus.
978 1304 1086 1342 Nihil
1114 1304 1245 1342 destiti
1271 1318 1361 1342 eum
1392 1304 1528 1342 litteris

196 1370 353 1417 hortari,
374 1383 503 1420 neque
524 1370 588 1408 ille
610 1369 816 1408 intermisit
843 1371 1048 1408 adfirmare
1076 1383 1117 1408 se
1145 1369 1228 1408 sine
1253 1383 1362 1407 mora
1382 1369 1528 1417 venire,

196 1448 286 1473 curn
326 1435 480 1474 interim
519 1449 698 1474 aversum
738 1435 847 1473 illum
886 1436 935 1473 ab
976 1436 1049 1473 hac
1087 1434 1325 1484 cogitatione
1363 1435 1414 1473 ad
1452 1433 1528 1472 alia

139 1517 176 1538 20
196 1500 359 1539 consilia
379 1501 495 1539 video
517 1514 558 1539 se
580 1500 803 1539 contulisse.
864 1502 949 1550 Ego
980 1508 1112 1538 tamen
1139 1501 1189 1538 ad
1217 1513 1307 1538 eum
1337 1499 1526 1537 Furnium

196 1574 373 1604 nostrum
405 1580 496 1605 eum
525 1566 720 1605 mandatis
747 1565 962 1616 litterisque
995 1565 1096 1613 misi,
1126 1565 1157 1604 si
1187 1565 1282 1616 quid
1312 1566 1410 1603 forte
1442 1578 1526 1615 pro-

196 1632 311 1670 ficere
332 1640 473 1682 posset.
525 1632 608 1671 Scis
629 1639 684 1679 tu,
706 1631 757 1669 mi
780 1630 934 1679 Cicero,
950 1632 1059 1681 quod
1079 1632 1130 1669 ad
1152 1630 1330 1670 Caesaris
1350 1643 1525 1669 amorem
1545 1642 1569 1681 5

195 1697 347 1744 attinet,
361 1697 589 1736 societatem
612 1696 708 1734 mihi
730 1709 814 1734 esse
836 1703 980 1743 tecum,
994 1697 1054 1734 vel
1076 1696 1184 1745 quod
1205 1695 1245 1733 in
1266 1694 1526 1734 familiaritate

198 1761 374 1800 Caesaris
391 1761 478 1800 vivo
499 1761 566 1800 illo
586 1761 663 1800 iam
686 1760 783 1799 tueri
804 1774 895 1798 eum
916 1768 954 1798 et
974 1760 1133 1810 diligere
1150 1760 1220 1798 fuit
1237 1759 1332 1797 mihi
1354 1773 1524 1809 necesse,

140 1842 176 1872 25
198 1828 257 1864 vel
279 1828 386 1876 quod
413 1826 509 1877 ipse,
531 1828 663 1877 quoad
689 1840 761 1877 ego
789 1839 904 1864 nosse
932 1825 1056 1875 potui,
1078 1824 1378 1863 moderatissimi
1408 1833 1526 1876 atque

198 1891 469 1929 humanissimi
498 1891 570 1930 fuit
599 1905 749 1937 sensus,
774 1893 834 1929 vel
864 1892 972 1941 quod
1003 1905 1049 1929 ex
1078 1898 1158 1929 tam
1186 1888 1328 1941 insigni
1355 1891 1527 1929 amicitia

198 1970 284 1994 mea
303 1964 421 2006 atque
443 1956 620 1996 Caesaris
645 1958 751 1994 hunc
778 1956 845 1994 filii
874 1958 961 1994 loco
987 1963 1025 1994 et
1049 1955 1151 1994 illius
1171 1963 1209 1994 et
1229 1963 1357 1994 vestro
1378 1955 1525 1995 iudicio

197 2021 451 2060 substitutum
481 2034 561 2058 non
592 2020 757 2070 proinde
787 2021 931 2059 habere
961 2028 1073 2071 turpe
1105 2020 1200 2058 mihi
1225 2019 1387 2059 videtur.
1448 2022 1526 2060 Sed
1546 2022 1573 2059 6

198 2085 404 2136 (quicquid
439 2086 509 2125 tibi
548 2085 685 2132 scribo,
718 2087 897 2125 dolenter
936 2100 999 2124 me
1033 2087 1211 2124 hercules
1251 2085 1372 2136 magis
1408 2100 1525 2136 quam

139 2167 177 2196 30
197 2151 354 2190 inimice
386 2151 505 2202 facio)
535 2152 643 2201 quod
677 2150 769 2189 vivit
808 2151 1005 2189 Antonius
1044 2150 1176 2199 hodie,
1211 2152 1320 2200 quod
1352 2151 1527 2201 Lepidus

197 2230 275 2254 una
304 2224 374 2264 est,
405 2217 513 2266 quod
543 2216 732 2260 exercitus
762 2217 910 2255 habent
944 2230 1023 2254 non
1059 2217 1388 2263 contemnendos,
1418 2217 1526 2265 quod

197 2289 367 2330 sperant,
388 2283 496 2331 quod
524 2283 684 2329 audent,
705 2295 824 2320 omne
846 2280 1003 2320 Caesari
1033 2288 1240 2330 acceptum
1271 2282 1410 2319 referre
1440 2293 1527 2330 pos-

242 2393 262 2420 4
285 2384 373 2414 talis*
396 2384 505 2415 fatalis
524 2384 623 2417 Koclz,
648 2385 685 2423 cf.
703 2395 756 2414 xv.
779 2393 826 2423 15.
848 2395 888 2414 2:
925 2383 1078 2423 capitalis
1102 2382 1330 2413 Mendelssolzn
1488 2383 1527 2413 16

200 2433 276 2456 esse
292 2428 380 2465 quod
398 2428 578 2458 Caesarem
596 2427 803 2467 videbamus,
825 2427 907 2458 nihil
925 2426 1036 2458 Stroth
1061 2426 1249 2466 lVesenberg
