1791 2796
572 153 683 190 EPP.
717 153 794 189 AI)
826 153 1174 190 FAMILIARES
1454 153 1572 190 XIII.
1592 152 1685 189 lxix

205 262 464 302 arbitrabitur.
525 264 582 302 Ut
603 262 717 313 igitur
738 276 828 301 eum
857 262 1019 313 recipias
1042 263 1081 301 in
1111 264 1229 302 fidem
1251 264 1476 314 habeasque
1497 263 1536 301 in

205 342 370 367 numero
405 335 562 367 tuorum
599 335 638 367 te
671 329 924 367 vehementer
963 328 1080 366 etiam
1120 336 1238 378 atque
1273 328 1390 367 etiam
1429 317 1534 379 rogo.

206 395 291 444 Ego
335 407 436 444 quae
482 401 519 432 te
566 394 665 432 velle
704 407 884 444 quaeque
923 394 973 432 ad
1014 401 1051 432 te
1090 393 1283 445 pertinere
1321 394 1538 434 arbitrabor

204 457 338 497 omnia
358 457 534 497 studiose
554 457 840 509 diligenterque
860 458 1018 497 curabo.

166 621 184 652 5
247 607 369 642 LXX
533 609 601 641 Ser.
620 609 759 650 Romae,
780 613 815 640 ul
834 609 968 648 videtur,
987 620 1017 640 α.
1042 612 1102 649 708
1120 609 1204 651 (46).

388 681 431 712 M.
458 681 634 713 CICERO
661 681 696 713 P.
724 681 947 712 SERVILIO
975 681 1228 713 CONLEGAE
1253 681 1288 713 S.
1316 681 1350 713 P.

258 754 363 803 Quia
402 768 481 793 non
517 762 575 793 est
610 755 778 793 obscura
813 762 879 792 tua
914 754 953 792 in
990 768 1052 793 mc
1087 753 1372 799 benevolentia,
1406 753 1460 792 sic
1494 754 1537 791 fit

204 826 245 857 ut
268 819 379 857 multi
401 833 469 870 per
490 833 552 858 me
574 819 644 858 tibi
672 820 791 858 velint
816 819 1087 859 commendari
1111 834 1120 867 ;
1161 833 1233 870 ego
1253 826 1385 858 autem
1408 818 1537 858 tribuo

204 898 284 923 non
307 899 524 935 numquam
550 885 588 923 in
613 887 762 937 vulgus,
786 887 855 924 sed
877 887 1109 936 plerumque
1132 884 1369 932 necessariis,
1393 891 1435 923 ut
1459 885 1536 923 hoc

147 965 184 987 10
204 958 392 1000 tempore.
454 952 557 989 Nam
589 964 679 989 cum
701 952 746 989 T.
771 950 918 1001 Ampio
938 950 1063 989 Balbo
1086 949 1181 988 mihi
1202 963 1356 988 summa
1377 948 1536 987 familia-

203 1015 293 1054 ritas
326 1015 657 1066 necessitudoque
687 1023 755 1055 est.
818 1015 912 1054 Eius
944 1015 1137 1063 libertum,
1165 1017 1211 1053 T.
1235 1014 1425 1065 Ampium
1453 1016 1536 1053 Me-

203 1081 410 1128 nandrum,
434 1080 636 1120 hominem
658 1080 755 1132 frugi
780 1088 818 1120 et
849 1082 1073 1120 modestum
1099 1088 1137 1119 et
1162 1088 1327 1131 patrono
1357 1087 1395 1118 et
1416 1079 1531 1118 nobis

203 1147 457 1184 vehementer
478 1146 698 1197 probatum,
723 1145 794 1185 tibi
816 1146 1056 1185 commendo
1082 1144 1270 1184 maiorem
1292 1145 1331 1183 in
1357 1146 1532 1184 modum.

203 1212 471 1249 Vehementer
506 1210 601 1248 mihi
636 1218 787 1261 gratum
819 1210 965 1258 feceris,
999 1210 1030 1249 si
1064 1210 1382 1261 quibuscumque
1420 1210 1536 1249 rebus

146 1292 183 1324 15
205 1275 288 1314 sine
316 1283 381 1314 tua
412 1275 591 1315 molestia
620 1275 764 1326 poteris
794 1275 829 1314 ei
857 1275 1132 1314 commodaris.
1194 1275 1316 1324 Quod
1346 1282 1388 1313 ut
1418 1274 1536 1314 facias

204 1349 241 1379 te
263 1342 515 1380 vehementer
535 1340 653 1380 etiam
674 1348 793 1392 atque
814 1340 931 1380 etiam
953 1354 1058 1392 rogo.

247 1484 394 1519 LXXI
532 1487 602 1520 Ser.
621 1487 758 1527 Romae,
777 1491 814 1518 ut
830 1486 964 1525 videtur,
984 1495 1016 1517 a.
1041 1487 1101 1525 708
1119 1484 1204 1525 (46).

378 1559 422 1591 M.
449 1559 625 1591 CICERO
651 1561 685 1591 S.
716 1560 756 1592 D.
785 1560 822 1590 P.
849 1557 1070 1590 SERVILIO
1096 1555 1361 1588 CONLEGAE.

260 1633 409 1671 Multos
441 1631 511 1671 tibi
539 1634 817 1672 commendem
843 1645 1006 1671 necesse
1036 1638 1105 1678 est,
1135 1629 1324 1682 quoniam
1351 1629 1536 1669 omnibus

146 1713 184 1734 20
204 1704 298 1736 nota
327 1705 459 1736 nostra
488 1697 740 1737 necessitudo
769 1706 827 1737 est
855 1705 1001 1748 tuaque
1030 1710 1120 1747 erga
1147 1710 1209 1735 me
1236 1695 1511 1735 benevolentia
1527 1710 1537 1743 ,-

203 1763 273 1801 sed
304 1769 436 1801 tamen
457 1762 529 1801 etsi
550 1762 728 1802 omnium
751 1776 869 1802 causa
891 1776 991 1813 quos
1012 1761 1253 1800 commendo
1274 1761 1373 1800 velle
1393 1761 1533 1808 debeo,

204 1835 335 1866 tamen
358 1830 447 1866 cum
462 1827 646 1867 omnibus
667 1842 748 1867 non
770 1829 910 1868 eadem
925 1827 1021 1866 mihi
1037 1840 1155 1866 causa
1168 1834 1236 1866 est.
1295 1827 1340 1864 T.
1364 1826 1535 1877 Agusius

204 1900 242 1931 et
280 1906 413 1931 comes
453 1906 562 1932 meus
595 1893 666 1932 fuit
704 1893 770 1933 illo
810 1893 1027 1934 miserrimo
1065 1900 1242 1944 ternpore
1280 1899 1318 1930 et
1356 1891 1534 1930 omnium

204 1956 397 2004 itinerum,
449 1958 752 2009 navigationum,
804 1959 994 2006 laborum,
1046 1957 1307 2009 periculorum
1357 1970 1534 1996 meorum

145 2038 184 2071 25
204 2021 333 2061 socius
365 2036 494 2072 neque
525 2024 602 2062 hoc
636 2031 813 2075 tempore
847 2024 1090 2064 discessisset
1129 2037 1152 2062 a
1191 2037 1254 2062 me
1288 2021 1361 2061 nisi
1393 2036 1465 2073 ego
1500 2021 1535 2060 ei

203 2087 476 2138 permisissem.
537 2090 628 2138 Qua
648 2103 687 2128 re
714 2089 770 2128 sic
796 2089 867 2129 tibi
891 2104 982 2129 eum
1004 2090 1244 2129 commendo
1265 2096 1307 2126 ut
1334 2101 1456 2126 unum
1483 2089 1534 2127 de

203 2154 299 2193 meis
331 2154 557 2193 domesticis
589 2163 627 2194 et
666 2155 834 2194 maxime
873 2155 1110 2195 necessariis.
1171 2157 1397 2206 Pergratum
1436 2153 1533 2193 mihi

203 2218 348 2266 feceris,
376 2219 406 2257 si
437 2232 527 2258 eum
558 2219 610 2258 ita
638 2220 822 2268 tractaris,
854 2228 896 2259 ut
925 2220 1124 2272 intellegat
1150 2221 1252 2259 hanc
1281 2220 1533 2260 commenda-

204 2284 352 2323 tionem
374 2283 448 2323 sibi
469 2298 612 2334 magno
632 2298 705 2324 usu
725 2292 844 2336 atque
864 2285 1095 2325 adiumento
1117 2284 1245 2324 fuisse.

250 2400 266 2427 7
291 2389 338 2420 sic
355 2399 420 2420 om.
445 2387 632 2430 chscnbetg
751 2390 771 2419 8
795 2390 827 2421 id
849 2389 958 2421 tribuo
978 2388 1174 2430 chscttbctg,
1194 2388 1302 2429 scdcs.
1322 2400 1352 2429 9.
1371 2400 1390 2420 2
1511 2400 1534 2429 9

205 2437 241 2463 ut
258 2437 327 2464 velt.
345 2444 351 2463 :
376 2433 409 2462 in
426 2432 517 2464 codd.
