1791 2796
196 126 291 164 νὴ
482 109 484 111 ’
612 126 666 163 Μ.
699 125 867 162 TVLLI
900 124 1206 163 eteERONIs

243 235 414 286 privavit.
477 236 601 275 (Yuius
633 236 772 274 iniuria
812 236 905 274 milii
947 244 1078 274 tamen
1119 235 1258 274 honori
1291 249 1448 275 summo
1479 235 1579 285 fuit;

243 314 345 348 nam,
388 315 477 340 cum
528 301 591 340 ille
634 301 730 340 milii
775 301 871 339 niliil
918 302 991 340 nisi
1035 309 1076 339 ut
1116 305 1281 340 iurarem
1321 302 1574 352 permitteret,

242 380 384 416 magna
411 380 507 405 voce
533 367 653 405 iuravi
683 367 927 405 verissimum
955 366 1342 417 pulcherrimumque
1366 367 1426 405 ius
1452 367 1577 405 iuran-

242 433 349 479 dum,
392 434 500 482 quod
538 434 708 483 populus
747 432 852 471 idem
892 445 1034 483 magna
1067 445 1164 471 voce
1202 446 1266 471 me
1304 445 1393 471 vere
1430 432 1576 471 iurasse

199 501 224 539 8
243 497 390 536 iuravit.
452 500 542 537 Hac
575 506 738 549 accepta
771 506 851 537 tam
885 498 1026 549 insigni
1058 498 1197 537 iniuria
1228 506 1360 537 tamen
1392 497 1459 537 illo
1490 497 1575 549 ipso
1595 508 1614 542 5

242 563 306 602 die
335 564 421 603 misi
448 566 499 604 ad
531 566 738 604 Metellum
767 565 990 604 communis
1019 565 1178 611 amicos,
1209 565 1275 615 qui
1305 571 1463 614 agerent
1483 576 1574 602 cum

241 642 300 676 e0,
323 638 365 669 ut
394 631 444 669 de
474 630 539 669 illa
566 638 698 670 mente
725 630 939 670 desisteret.
1000 630 1157 679 Quibus
1182 630 1245 668 ille
1272 628 1473 679 respondit
1500 628 1574 668 sibi

241 708 321 733 non
342 710 427 734 esse
447 696 640 746 integrum
660 711 668 743 ;
711 696 857 735 etenim
888 698 1006 746 paulo
1035 703 1126 735 ante
1150 709 1189 734 in
1220 695 1405 734 contione
1425 694 1574 733 dixerat

241 760 286 806 ei,
319 761 385 811 qui
417 761 455 798 in
483 761 579 799 alios
608 761 786 800 animum
816 761 1047 800 advertisset
1076 761 1225 800 indicta
1254 772 1380 807 eausa,
1413 759 1572 799 dicendi

241 825 312 874 ipsi
348 834 583 876 potestatem
615 827 694 865 fieri
726 840 806 866 non
838 836 1028 877 oportere.
1090 825 1309 865 Hominem
1344 839 1499 876 gravem
1534 833 1572 864 et
1595 841 1633 863 ιο

239 891 364 929 civem
387 892 583 942 egregium
602 895 608 930 ἕ
639 892 717 943 qui,
733 906 811 943 qua
830 895 960 944 poena
980 900 1138 931 senatus
1159 905 1354 931 consensu
1376 891 1571 930 bonorum

239 956 418 995 omnium
441 971 508 996 eos
534 959 741 1005 adfecerat,
766 958 833 1008 qui
863 958 1000 997 urbem
1031 957 1243 996 incendere
1267 965 1304 996 et
1326 956 1572 1007 magistratus

239 1035 284 1060 ae
306 1030 487 1061 senatum
508 1025 711 1070 trucidare,
737 1024 883 1062 bellum
916 1023 1129 1062 maximum
1152 1024 1323 1061 conflare
1343 1022 1568 1068 voluissent,

239 1089 379 1127 eadem
414 1089 577 1140 dignum
617 1089 807 1128 iudicaret
845 1103 947 1135 eum,
982 1089 1047 1139 qui
1080 1088 1227 1127 curiam
1260 1089 1392 1135 caede,
1433 1088 1570 1126 urbem

239 1153 442 1201 incendiis,
487 1155 640 1194 Italiam
681 1156 787 1194 bello
826 1155 1038 1194 liberasset.
1101 1157 1241 1205 Itaque
1280 1168 1352 1205 ego
1393 1155 1569 1202 Metello,
1596 1170 1631 1204 ¹5

239 1219 341 1257 fratri
364 1227 444 1264 tuo,
466 1220 659 1270 praesenti
681 1219 812 1258 restiti.
873 1221 976 1258 Nam
1009 1219 1047 1257 in
1069 1227 1206 1258 senatu
1231 1221 1278 1257 K.
1304 1219 1494 1258 Ianuariis
1516 1219 1571 1258 sic

238 1296 328 1321 cum
350 1298 398 1322 eo
418 1286 469 1323 de
490 1299 529 1323 re
549 1298 584 1335 p.
609 1285 817 1335 disputavi,
840 1293 882 1323 ut
912 1284 1071 1323 sentiret
1100 1283 1173 1322 sibi
1201 1297 1291 1322 cum
1322 1284 1403 1322 viro
1424 1284 1512 1323 forti
1533 1292 1571 1323 et

237 1350 433 1388 constanti
464 1364 549 1389 esse
573 1352 842 1401 pugnandum.
902 1353 948 1389 A.
972 1352 1008 1389 d.
1039 1350 1194 1388 tertium
1226 1351 1329 1389 Non.
1363 1351 1445 1389 Ian.
1479 1364 1568 1389 cum

236 1427 350 1464 agere
388 1416 596 1467 coepisset,
635 1416 749 1455 tertio
788 1429 948 1466 quoque
986 1416 1106 1455 verbo
1144 1415 1330 1455 orationis
1374 1429 1466 1455 suae
1507 1430 1571 1456 me

236 1481 474 1530 appellabat,
496 1481 590 1519 mihi
613 1482 845 1527 minabatur,
862 1494 991 1531 neque
1011 1480 1065 1519 illi
1086 1481 1296 1531 quicquam
1319 1481 1570 1521 deliberatius
1592 1497 1631 1519 20

237 1546 309 1585 fuit
329 1560 447 1597 quam
471 1561 546 1595 me,
563 1561 814 1598 quacumque
835 1547 985 1586 ratione
1005 1556 1147 1598 posset,
1171 1561 1251 1586 non
1272 1547 1420 1587 iudicio
1441 1561 1570 1599 neque

237 1611 523 1662 disceptatione
553 1614 622 1652 sed
653 1613 689 1651 vi
728 1620 847 1663 atque
886 1612 1142 1662 impressione
1181 1620 1362 1652 evertere.
1437 1614 1569 1653 Huius

236 1690 310 1726 ego
340 1678 547 1717 temeritati
572 1679 602 1716 si
630 1678 770 1716 virtute
800 1685 917 1728 atque
947 1677 1080 1716 animo
1108 1691 1187 1716 non
1215 1678 1451 1726 restitissem,
1482 1679 1569 1729 quis

237 1750 338 1781 esset
365 1743 431 1793 qui
454 1757 517 1782 me
538 1743 576 1781 in
597 1745 803 1782 consulatu
827 1756 906 1781 non
928 1756 1020 1781 casu
1042 1743 1171 1793 potius
1192 1743 1428 1781 existimaret
1449 1756 1567 1794 quam

237 1808 403 1847 consilio
424 1810 562 1847 fortem
585 1809 735 1848 fuisse?
1589 1820 1628 1853 ²5

192 1878 218 1914 9
293 1875 407 1911 Haec.
446 1874 474 1911 si
517 1882 557 1912 tu
599 1876 805 1912 Metellum
845 1874 1015 1923 cogitare
1054 1875 1104 1913 de
1143 1888 1206 1927 me
1244 1874 1416 1915 nescisti.
1445 1875 1568 1913 debes

237 1938 457 1977 existimare
485 1948 522 1977 te
548 1939 726 1977 maximis
753 1941 803 1978 de
828 1941 943 1978 rebus
970 1953 992 1978 a
1020 1934 1133 1978 fratre
1157 1953 1241 1978 esse
1270 1941 1465 1987 celatum,·
1507 1939 1566 1977 sin

236 2012 367 2041 autem
390 2004 538 2053 aliquid
562 2005 771 2054 impertivit
800 2005 868 2043 tibi
899 2005 956 2043 sui
979 2005 1128 2051 consili,
1153 2005 1251 2044 lenis
1277 2019 1299 2044 a
1320 2014 1357 2044 te
1377 2013 1415 2044 et
1445 2005 1566 2043 facilis

234 2069 441 2108 existimari
467 2071 607 2116 debeo,
639 2071 705 2120 qui
737 2071 833 2108 nibil
861 2079 990 2109 tecum
1022 2073 1072 2109 de
1102 2071 1162 2108 his
1189 2071 1282 2121 ipsis
1312 2071 1426 2110 rebus
1451 2084 1566 2121 expo-

235 2136 387 2173 stulem.
451 2138 510 2181 Et,
536 2136 564 2173 si
589 2136 780 2185 intellegis
802 2149 881 2174 non
905 2150 968 2174 me
992 2136 1145 2174 ‘dieto'
1168 2136 1330 2182 Metelli,
1353 2144 1393 2174 ut
1414 2136 1564 2184 scribis,
1584 2147 1626 2178 30

235 2202 303 2239 sed
334 2201 499 2240 consilio
529 2201 612 2239 eius
641 2201 855 2251 animoque
886 2201 923 2239 in
955 2215 1018 2240 me
1049 2201 1317 2239 inimicissimo
1346 2192 1564 2240 essecom-

235 2275 401 2313 motum,
430 2280 626 2317 cognosce
656 2279 762 2304 nunc
792 2266 1075 2304 humanitatem
1109 2280 1250 2313 meam,
1280 2267 1310 2304 si
1341 2266 1562 2305 humanitas

232 2333 503 2382 appellandast
540 2332 577 2369 in
607 2331 859 2370 acerbissima
889 2331 1025 2369 iniuria
1060 2331 1236 2370 remissio
1266 2332 1384 2370 animi
1415 2346 1460 2370 ac
1489 2332 1563 2371 dis-

790 2447 807 2474 4
836 2436 913 2465 item
932 2439 1002 2466 velt.
