1791 2796
135 1012 172 1033 10

139 1669 178 1690 20

549 154 661 192 EPP.
694 154 772 190 AD
804 153 1152 190 FAMILLxRES
1404 152 1521 189 XIII.
1542 149 1668 187 xxvii

186 267 332 305 habent
363 266 505 315 negoti,
532 266 601 304 des
631 278 804 316 operam,
829 266 937 315 quod
967 265 1181 303 commodo
1211 272 1279 303 tuo
1311 265 1386 310 siat,
1410 271 1451 301 ut
1480 271 1518 301 te

186 331 392 370 obtinente
413 330 605 369 Achaiam
634 329 857 368 conficiant.
918 331 1003 379 Ego
1028 343 1117 367 cnm
1140 337 1207 367 tuo
1229 329 1363 367 Servio
1385 329 1516 367 iucun-
1535 335 1562 373 4

186 395 348 435 dissime
369 404 406 434 et
427 395 747 434 coniunctissime
768 394 857 433 vivo
884 407 1147 444 magnamque
1171 408 1262 432 cum
1290 408 1335 432 ex
1360 393 1517 444 ingenio

188 462 271 500 eius
289 461 554 512 singularique
575 459 706 498 studio
727 467 809 498 tum
832 473 878 498 ex
898 459 1038 497 virtute
1064 467 1101 498 et
1126 459 1320 510 probitate
1345 461 1519 510 volupta-

187 536 265 566 tem
287 527 411 577 capio.

232 685 434 720 XXVIII
519 687 586 720 Ser.
607 688 747 727 Romae,
766 692 802 719 ut
818 687 952 729 videtur,
974 699 1004 721 a.
1025 690 1085 729 708
1104 688 1187 729 (46).

636 776 811 808 CICERO
838 776 1011 808 SERVIO
1037 777 1071 807 S.

245 866 329 906 Etsi
358 866 526 906 libenter
553 874 685 917 petere
710 880 732 905 a
758 874 796 905 te
821 868 940 913 soleo,
965 866 993 904 si
1023 866 1118 916 quid
1143 880 1242 916 opus
1263 873 1321 904 est
1342 879 1520 904 meorum
1541 875 1557 902 1

190 932 371 983 cuipiam,
395 940 527 987 tamen
548 933 672 970 multo
694 931 879 970 libentius
905 931 1045 982 gratias
1073 931 1143 970 tibi
1170 944 1257 982 ago,
1278 944 1368 969 cum
1396 931 1522 969 fecisti

190 998 339 1049 aliquid
360 997 707 1036 commendatione
724 1011 820 1044 mea,
838 998 946 1047 quod
963 1010 1117 1047 semper
1133 996 1238 1035 facis.
1285 996 1522 1034 Incredibile

191 1072 250 1103 est
270 1063 375 1102 enim
400 1077 496 1114 quas
523 1062 619 1100 mihi
643 1062 783 1112 gratias
813 1076 951 1101 omnes
978 1070 1108 1113 agant,
1130 1062 1246 1100 etiam
1275 1062 1524 1100 mediocriter

191 1144 214 1168 a
245 1142 308 1167 me
340 1128 411 1167 tibi
443 1127 722 1167 commendati.
783 1128 896 1176 Quae
928 1127 1023 1165 mihi
1059 1127 1192 1165 omnia
1225 1135 1342 1177 grata,
1373 1128 1442 1165 sed
1474 1128 1524 1165 de

194 1196 237 1233 L.
263 1193 458 1233 Mescinio
478 1192 750 1244 gratissimum.
812 1192 875 1231 Sic
896 1192 1000 1231 enim
1022 1200 1079 1230 est
1107 1205 1263 1231 mecum
1285 1193 1451 1239 locutus,
1473 1200 1524 1239 te,

194 1268 236 1298 ut
257 1273 363 1298 meas
384 1260 529 1297 litteras
545 1258 692 1308 legeris,
712 1257 841 1296 statim
867 1257 1183 1308 procuratoribus
1205 1257 1283 1295 suis
1304 1257 1522 1307 pollicitum

195 1339 279 1364 esse
293 1324 436 1372 omnia,
453 1325 576 1362 multo
590 1337 681 1361 vero
695 1325 803 1373 plura
818 1331 856 1361 et
869 1323 1015 1361 maiora
1029 1322 1178 1361 fecisse.
1221 1323 1269 1361 Id
1283 1322 1396 1373 igitur
1411 1323 1521 1373 (puto

194 1390 299 1429 enim
321 1390 437 1428 etiam
458 1397 576 1439 atque
590 1389 706 1427 etiam
724 1388 819 1426 mihi
837 1388 1050 1427 dicendum
1072 1388 1173 1437 esse)
1189 1388 1304 1426 velim
1327 1388 1523 1427 existimes

195 1455 291 1494 mihi
307 1463 344 1494 te
360 1455 497 1494 fecisse
517 1454 791 1505 gratissimum.
843 1455 964 1503 Quod
981 1453 1142 1504 quidem
1160 1455 1235 1492 hoc
1252 1453 1523 1492 vehementius
1541 1463 1565 1490 2

194 1521 327 1567 laetor,
352 1521 461 1570 quod
491 1534 537 1558 ex
567 1519 653 1570 ipso
685 1518 881 1558 Mescinio
907 1527 944 1557 te
965 1519 1082 1557 video
1109 1532 1291 1568 magnam
1318 1526 1524 1568 capturum

195 1587 436 1636 voluptatem
453 1601 462 1633 ;
510 1593 568 1624 est
607 1585 711 1624 enim
751 1584 790 1622 in
830 1598 877 1624 eo
916 1598 1007 1623 cum
1046 1583 1165 1622 virtus
1200 1592 1238 1622 et
1276 1584 1449 1635 probitas
1489 1593 1527 1622 et

197 1664 395 1689 summum
428 1650 600 1689 officium
635 1663 869 1700 summaque
902 1649 1151 1688 observantia
1182 1657 1263 1687 tum
1301 1648 1429 1687 studia
1464 1649 1528 1686 illa

197 1724 340 1764 nostra,
377 1715 520 1766 quibus
560 1724 676 1754 antea
714 1716 1009 1754 delectabamur
1047 1728 1152 1752 nunc
1193 1713 1310 1752 etiam
1349 1713 1525 1751 vivimus.

198 1782 319 1831 Quod
358 1781 552 1831 reliquum
592 1789 660 1828 est,
693 1781 810 1820 velim
848 1794 990 1830 augeas
1031 1788 1096 1818 tua
1138 1780 1177 1817 in
1212 1793 1302 1818 eum
1337 1779 1529 1818 beneficia

197 1847 382 1886 omnibus
415 1842 542 1893 rebus,
579 1856 680 1897 quae
712 1855 750 1885 te
782 1855 894 1885 erunt
926 1846 1091 1896 dignae;
1132 1846 1202 1883 sed
1234 1846 1324 1891 duo,
1359 1858 1460 1894 quae
1492 1853 1529 1883 te

199 1912 431 1949 nominatim
472 1925 576 1962 rogo,
617 1911 786 1961 primum
826 1919 878 1959 ut,
919 1911 950 1949 si
989 1911 1084 1961 quid
1123 1910 1214 1948 satis
1249 1911 1424 1948 dandum
1460 1910 1530 1948 erit

202 1981 402 2014 ‘AMPLIVS
434 1988 485 2014 Eo
521 1988 689 2014 NOMINE
720 1989 806 2014 NON
840 1980 955 2023 PET1,'
976 1990 1086 2014 cures
1117 1983 1159 2013 ut
1188 1975 1279 2013 satis
1309 1976 1423 2013 detur
1452 1976 1530 2013 fide

201 2055 312 2088 mea;
342 2041 498 2087 deinde,
523 2054 612 2080 cum
636 2043 714 2080 fere
735 2041 922 2079 consistat
945 2041 1140 2079 hereditas
1162 2040 1201 2078 in
1222 2040 1267 2078 iis
1288 2041 1417 2087 rebus,
1434 2053 1530 2090 quas

200 2106 337 2145 avertit
377 2106 521 2156 Oppia,
561 2120 661 2156 quae
700 2120 796 2144 uxor
836 2106 966 2145 Mindi
1011 2106 1095 2153 fuit,
1133 2105 1295 2144 adiuves
1343 2105 1530 2154 ineasque

202 2171 391 2209 rationem
423 2185 541 2221 quem
571 2173 622 2209 ad
653 2172 816 2210 modum
848 2186 892 2210 ea
923 2172 1061 2210 mulier
1087 2173 1258 2210 Romam
1283 2171 1528 2221 perducatur.

203 2237 324 2285 Quod
357 2236 386 2274 si
419 2236 573 2286 putarit·
593 2236 658 2274 illa
692 2238 783 2283 fore,
818 2245 859 2275 ut
893 2237 1029 2287 opinio
1060 2245 1192 2275 nostra
1227 2244 1295 2283 est,
1329 2235 1531 2285 negotium

246 2350 265 2379 3
291 2345 324 2371 et
341 2339 432 2371 HD:
459 2351 524 2372 om.
545 2340 584 2370 M
720 2351 756 2371 12
780 2347 874 2379 grata
891 2347 979 2374 sunt.
1000 2342 1061 2372 sed
1085 2340 1274 2380 Iersenheaeg
1404 2349 1446 2378 23
1470 2339 1530 2369 sed

203 2384 279 2424 duo,
307 2384 411 2424 quae]
439 2389 518 2415 sunt
545 2385 589 2423 d.‚
609 2394 639 2423 q.
670 2382 878 2426 Wesenberg:
912 2386 972 2416 sed
1001 2386 1067 2416 duo
1090 2385 1227 2424 quidem
1251 2388 1345 2414 vemt
1381 2384 1439 2414 sed
1465 2383 1531 2413 duo

204 2426 322 2459 Lamb.
337 2440 343 2460 :
359 2428 439 2467 sort.
459 2429 519 2458 sed
538 2433 615 2459 sunt
634 2429 699 2458 duo
716 2438 802 2468 quae
