1791 2796
141 849 178 871 10

138 1504 175 1525 20

134 2154 173 2185 30

574 143 686 180 EPP.
718 143 797 179 Al)
829 143 1176 181 FAMILIARES
1485 144 1563 181 III.
1582 142 1661 182 viii

200 267 315 303 germ
343 253 424 299 scd,
448 266 538 290 cum
559 252 607 290 sit
627 252 738 299 nibil,
758 266 808 290 ne
835 251 931 301 quid
959 251 1110 290 dicatur
1138 251 1299 302 quidem
1326 252 1535 303 intelleg03

204 318 297 356 illud
318 317 478 367 quidem
503 317 595 363 scio,
619 330 728 354 meos
756 318 904 354 multos
932 324 971 354 et
1000 317 1170 355 inlustris
1198 325 1236 356 et
1263 330 1309 356 ex
1336 316 1535 368 superiore

201 390 239 420 et
260 397 306 421 ex
324 396 453 432 aequo
473 384 562 420 loco
583 396 784 420 sermones
805 382 961 420 habitos
982 396 1073 420 cum
1099 390 1166 421 tua
1186 396 1339 421 summa
1360 384 1476 423 laude
1497 392 1535 422 et

201 462 291 486 cum
322 461 463 498 magna
495 445 792 500 [sollicitudine]
825 447 1110 498 significatione
1149 456 1304 487 nostrae
1343 449 1535 487 familiari-

200 513 286 551 tatis
318 514 369 551 ad
403 520 441 551 te
471 526 560 550 vere
594 512 768 562 potuisse
806 512 956 551 deferri.
1018 513 1122 551 Nam
1157 514 1265 563 quod
1303 515 1354 552 ad
1386 516 1534 564 legatos

199 578 350 625 attinet,
384 577 480 627 quid
513 591 537 615 a
567 591 630 615 me
664 578 745 615 fieri
778 577 906 627 potuit
943 585 1011 615 aut
1046 578 1260 628 elegantius
1295 587 1361 616 aut
1396 579 1532 618 iustius

199 656 317 692 quam
342 650 384 681 ut
408 650 588 693 sumptus
617 642 956 692 egentissimarum
986 642 1187 681 civitatum
1209 644 1426 683 minuerem
1449 644 1533 684 sine

198 709 277 746 ulla
297 707 573 746 imminutione
597 707 796 758 dignitatis
824 715 928 757 tuae,
947 708 1174 758 praesertim
1196 708 1288 759 ipsis
1310 709 1532 750 civitatibus

198 773 524 823 postulantibus?
579 786 672 811 nam
710 772 808 811 mihi
848 781 976 812 totum
1021 788 1144 824 genus
1183 774 1423 824 legationum
1462 783 1531 815 tuo

197 839 358 878 nomine
392 837 724 888 proficiscentium
756 845 896 876 notum
936 852 1016 877 non
1052 847 1142 877 erat.
1202 842 1404 890 Apameae
1440 855 1530 879 cum

197 918 334 952 essem,
375 906 586 942 multarum
625 903 826 942 civitatum
864 903 1061 954 principes
1103 905 1154 943 ad
1200 918 1263 943 me
1306 906 1531 944 detulerunt

196 978 374 1020 sumptus
404 969 562 1008 decerni
591 969 726 1020 legatis
756 969 873 1007 nimis
903 983 1080 1020 magnos,
1105 983 1195 1008 cum
1223 972 1415 1010 solvendo
1443 971 1531 1010 civi·

196 1042 293 1074 tates
315 1049 395 1074 non
416 1043 555 1073 essent.
618 1034 697 1072 Hic
717 1047 791 1084 ego
820 1036 945 1073 multa
973 1034 1088 1073 simul
1116 1035 1293 1085 cogitavi.
1354 1036 1527 1075 Primum
1551 1043 1575 1080 3

197 1108 247 1147 te,
277 1100 480 1139 hominem
509 1113 590 1137 non
621 1100 749 1138 solum
779 1099 1011 1150 sapientem,
1037 1114 1171 1138 verum
1202 1100 1330 1148 etiam,
1358 1109 1400 1140 ut
1423 1116 1530 1141 nunc

195 1164 406 1215 loquimur,
429 1165 637 1213 urbanum,
665 1177 745 1202 non
772 1164 987 1202 arbitrabar
1012 1178 1155 1214 genere
1184 1164 1258 1203 isto
1288 1166 1529 1216 legationum

196 1230 393 1278 delectari,
419 1230 540 1280 idque
568 1243 633 1268 me
660 1229 825 1268 arbitror
854 1230 1048 1279 Synnadis
1079 1243 1149 1280 pro
1179 1231 1362 1270 tribunali
1397 1231 1529 1270 multis

195 1293 322 1334 verbis
338 1294 610 1345 disputavisse,
624 1293 795 1344 primum
810 1296 883 1344 Ap.
902 1294 1114 1333 Claudium
1131 1296 1281 1333 senatui
1300 1298 1528 1347 populoque

197 1361 381 1399 Romano
404 1373 485 1398 non
508 1358 799 1398 Midaeensium
827 1359 1053 1398 testimonio
1076 1360 1131 1410 (in
1162 1374 1208 1398 ea
1237 1361 1342 1399 enim
1372 1361 1529 1401 civitate

195 1425 344 1464 mentio
377 1427 479 1464 faeta
507 1424 592 1474 est),
626 1425 695 1463 sed
725 1438 796 1463 sua
825 1433 966 1475 sponte
996 1438 1081 1464 esse
1111 1426 1341 1474 laudatum3
1382 1426 1528 1466 deinde

195 1504 257 1529 me
285 1490 356 1529 ista
381 1490 524 1529 vidisse
553 1489 731 1528 accidere
761 1490 908 1538 multis,
927 1499 969 1529 ut
997 1504 1135 1529 eorum
1166 1504 1283 1529 causa
1313 1492 1528 1542 legationes

196 1557 367 1594 Romam
388 1555 575 1602 venirent,
599 1556 668 1594 sed
693 1555 737 1593 iis
768 1555 1031 1606 legationibus
1052 1570 1133 1594 non
1157 1556 1383 1596 meminisse
1404 1559 1527 1597 ullum

195 1628 349 1670 tempus
396 1620 583 1659 laudandi
631 1628 698 1659 aut
745 1622 876 1659 locum
922 1621 1031 1669 dari3
1089 1621 1218 1660 studia
1257 1621 1352 1660 r‘nihi
1392 1636 1527 1662 eorum

193 1686 356 1735 placere,
394 1686 501 1736 quod
536 1686 575 1723 in
615 1694 652 1723 te
688 1686 790 1724 bene
830 1685 969 1725 merito
1009 1686 1105 1737 grati
1145 1694 1286 1733 essent,
1320 1688 1528 1727 consilium

194 1758 318 1788 totum
333 1749 454 1788 videri
476 1750 637 1789 minime
658 1751 921 1789 necessarium
929 1766 939 1799 3
973 1751 1004 1789 si
1020 1760 1151 1790 autem
1168 1753 1311 1790 vellent
1331 1753 1528 1792 declarare

158 1831 173 1860 5
194 1813 233 1852 in
263 1829 310 1853 eo
340 1814 512 1853 officium
547 1829 674 1863 suum,
708 1817 957 1854 laudaturum
996 1830 1070 1863 me,
1108 1815 1140 1854 si
1170 1816 1237 1866 qui
1268 1830 1339 1854 suo
1369 1826 1527 1868 sumptu

193 1880 349 1918 functus
377 1887 479 1918 esset
508 1879 648 1927 officio,
671 1893 962 1928 concessurum,
992 1880 1022 1919 si
1052 1880 1237 1931 legitimo,
1263 1895 1343 1920 non
1371 1882 1529 1931 permis-

193 1959 335 1991 surum,
378 1945 408 1983 si
443 1944 608 1983 infinito.
680 1945 788 1994 Quid
828 1946 934 1985 enim
977 1946 1209 1997 reprehendi
1246 1949 1412 1996 potest?
1455 1947 1529 1985 nisi

192 2011 300 2060 quod
331 2009 444 2049 addis
475 2010 601 2049 visum
636 2025 721 2050 esse
753 2011 989 2062 quibusdam
1028 2012 1203 2051 edictum
1246 2025 1377 2050 meum
1418 2012 1528 2063 quasi

192 2077 372 2114 consulto
407 2077 457 2115 ad
492 2076 582 2115 istas
614 2077 827 2128 legationes
869 2077 1142 2127 impediendas
1187 2091 1272 2116 esse
1306 2091 1528 2116 accommo-

192 2143 338 2180 datum.
400 2143 484 2180 Iam
515 2157 595 2181 non
625 2151 776 2182 tantum
808 2143 902 2181 mihi
923 2144 1106 2182 videntur
1137 2143 1316 2181 iniuriam
1341 2145 1467 2182 facere
1488 2143 1524 2191 ii,

238 2249 251 2270 1
278 2240 374 2281 quid]
408 2241 464 2280 qui
495 2240 597 2272 Orelli
736 2253 754 2281 4
779 2243 1010 2274 sollicitudine
1044 2243 1102 2275 dcl.
1141 2243 1252 2274 Gran:
1296 2243 1526 2274 sollicitudine

191 2284 450 2323 significationis
479 2284 544 2316 cod.
576 2284 649 2316 Pal.
687 2289 752 2317 icti.
787 2286 824 2316 N
986 2288 1025 2317 18
1051 2286 1298 2317 Midaeensium
1334 2286 1524 2318 Rubenius:

191 2328 412 2359 mideaesium
429 2327 486 2358 M:
521 2329 602 2359 mihi
624 2330 797 2360 deaesium
825 2329 907 2362 GR:
942 2329 1124 2361 Midaeium
1154 2330 1349 2361 Lachmann
1473 2330 1524 2369 in]

191 2371 233 2401 de
250 2371 367 2402 Lamb.
484 2383 526 2403 20
550 2372 628 2413 ista]
647 2374 692 2404 ita
709 2373 955 2413 Marma-Lag.
1069 2384 1107 2404 21
1136 2373 1333 2404 meminisse
1354 2383 1405 2403 me
1426 2373 1530 2404 Orelli

191 2423 231 2453 27
256 2416 345 2453 Quid
363 2415 468 2456 enim]
486 2416 566 2455 quid
585 2417 617 2447 in
636 2427 688 2447 me
707 2416 827 2448 Orelli:
855 2418 935 2456 quid
953 2418 1071 2448 horum
1091 2417 1140 2449 vel
1158 2428 1275 2448 eorum
1295 2416 1524 2448 Mcndclssolm

190 2467 234 2496 30
257 2459 402 2500 tantum]
420 2465 486 2490 tam
506 2459 537 2489 V
535 2460 582 2491 ict.
601 2471 608 2491 ε
632 2465 758 2492 tantam
778 2460 881 2491 Orelli
