1791 2796
119 168 226 204 XIV.

203 859 220 886 1

194 2031 218 2057 2

247 167 293 204 iv
608 166 662 204 M.
696 166 865 208 TVLLI
897 165 1205 204 CICERONIS

236 278 361 316 cessit.
424 278 538 325 Cura,
575 278 684 328 quod
715 285 840 329 potes,
874 286 915 316 ut
949 278 1078 316 valeas
1112 285 1150 315 et
1181 277 1236 316 sic
1271 276 1476 325 existimes,
1511 291 1573 316 me

237 343 509 383 vehementius
557 352 624 383 tua
671 343 826 382 miseria
873 356 992 394 quam
1037 356 1125 382 mea
1167 343 1417 382 commoveri.
1480 345 1572 383 Mea

236 411 431 459 Terentia,
470 411 658 450 fidissima
689 419 808 462 atque
839 412 989 462 optima
1027 424 1134 460 uxor,
1174 419 1213 450 et
1247 425 1335 450 mea
1373 411 1571 451 carissima

237 477 355 516 filiola
379 486 418 517 et
447 491 536 529 spes
566 477 715 529 reliqua
744 485 886 525 nostra,
920 470 1072 526 Cicero,
1104 478 1242 517 valete.
1302 479 1362 516 Pr.
1393 479 1442 516 K.
1475 477 1567 516 Mai.

238 543 459 583 Brundisio.

280 688 322 723 V
465 691 534 724 scr.
555 691 696 723 Athenis
712 702 744 723 a.
764 690 795 723 d.
815 691 884 723 xvii
897 690 939 722 K.
960 690 1114 722 Novemb.
1133 701 1165 723 a.
1186 699 1247 731 704
1267 690 1348 733 (50).

517 768 714 800 TVLLIVS
740 769 774 800 S.
802 769 842 801 D.
868 768 1140 800 TERENTIAE
1166 767 1295 801 SVAE.

294 848 334 887 Si
373 856 414 887 tu
454 856 491 887 et
522 847 663 895 Tullia,
696 848 761 885 lux
792 855 935 895 nostra,
962 846 1108 894 valetis,
1143 859 1216 897 ego
1248 854 1285 885 et
1319 845 1571 885 suavissimus

239 913 380 953 Cicero
400 914 584 951 valemus
646 913 705 951 Pr.
727 913 824 951 Idus
845 912 933 951 Oct.
957 913 1135 951 Athenas
1155 911 1346 959 venimus,
1364 925 1455 950 curn
1476 925 1571 951 sane

235 978 408 1018 adversis
442 978 567 1018 ventis
599 978 658 1016 usi
688 991 862 1017 essemus
893 979 1082 1028 tardeque
1112 986 1149 1016 et
1179 977 1434 1016 incommode
1466 977 1570 1016 navi-

234 1057 447 1095 gassemus
509 1046 570 1082 De
592 1057 690 1082 nave
717 1043 951 1082 exeuntibus
981 1043 1097 1082 nobis
1127 1045 1294 1082 Acastus
1322 1055 1412 1081 eum
1434 1042 1569 1082 litteris

235 1118 391 1160 praesto
412 1109 483 1148 fuit
505 1123 585 1148 uno
606 1118 644 1148 et
672 1108 860 1148 vicesimo
887 1109 951 1148 die
973 1122 1066 1147 sane
1087 1117 1256 1147 strenue.
1314 1108 1463 1159 Accepi
1484 1116 1570 1147 tuas

235 1176 391 1223 litteras,
415 1175 558 1226 quibus
580 1175 751 1214 intellexi
769 1183 807 1213 te
823 1174 944 1214 vereri
966 1188 1016 1213 ne
1037 1174 1256 1225 superiores
1277 1173 1373 1212 mihi
1394 1173 1570 1212 redditae

234 1254 315 1279 non
349 1248 490 1280 essent.
551 1241 702 1280 Omnes
741 1248 831 1279 sunt
861 1239 1038 1279 redditae
1077 1239 1452 1290 diligentissimeque
1480 1252 1504 1278 a
1532 1247 1571 1278 te

233 1306 447 1357 perscripta
467 1314 558 1344 sunt
578 1305 721 1353 omnia,
741 1305 862 1356 idque
883 1305 979 1343 mihi
999 1304 1263 1356 gratissimum
1284 1304 1366 1343 fuit.
1426 1306 1570 1356 Neque

234 1385 320 1410 sum
341 1371 555 1410 admiratus
576 1372 678 1409 hanc
695 1371 914 1421 epistulam,
934 1383 1053 1421 quam
1071 1372 1238 1409 Acastus
1254 1369 1393 1417 attulit,
1409 1363 1569 1410 brevem

233 1436 351 1475 fuisse
366 1452 376 1484 3
416 1435 493 1474 iarn
524 1435 628 1474 enim
660 1449 723 1474 me
752 1436 881 1486 ipsum
912 1444 1114 1486 exspectas
1143 1435 1224 1474 sive
1253 1448 1325 1473 nos
1355 1434 1472 1485 ipsos,
1501 1436 1568 1486 qui

234 1502 394 1553 quidem
417 1515 535 1552 quam
563 1501 732 1551 primum
753 1503 804 1540 ad
832 1515 900 1540 vos
921 1502 1052 1541 venire
1073 1502 1266 1553 cupimus,
1289 1501 1361 1540 etsi
1388 1502 1428 1540 in
1448 1515 1567 1553 quam

234 1581 314 1607 rem
347 1582 382 1618 p.
419 1567 622 1606 veniamus
654 1568 849 1619 intellego,
911 1568 1089 1619 Cognovi
1125 1569 1230 1608 enim
1269 1582 1315 1608 ex
1354 1570 1565 1607 multorum

234 1633 449 1672 amicorum
465 1633 610 1681 litteris,
627 1647 724 1684 quas
740 1634 867 1672 attulit
888 1636 1068 1681 Acastus,
1087 1635 1137 1673 ad
1153 1647 1260 1673 arma
1280 1648 1361 1673 rem
1377 1642 1563 1685 spectare,

237 1707 277 1737 ut
305 1699 412 1746 mihi,
441 1712 531 1738 cum
560 1712 714 1746 venero,
738 1699 983 1738 dissimulare
1013 1713 1094 1738 non
1125 1700 1239 1739 liceat
1263 1700 1359 1751 quid
1387 1700 1563 1739 sentiam.

237 1765 314 1803 Sed
331 1764 518 1814 quoniam
536 1765 743 1803 subeunda
760 1766 915 1804 fortuna
932 1774 1001 1813 est,
1018 1779 1065 1805 eo
1082 1766 1195 1805 citius
1212 1766 1395 1805 dabimus
1409 1779 1568 1816 operam

236 1838 277 1868 ut
295 1829 507 1878 veniamus,
526 1843 606 1880 quo
627 1830 778 1868 facilius
799 1832 849 1869 dc
870 1840 953 1870 tota
972 1845 1012 1870 re
1033 1831 1307 1870 deliberemus.
1359 1832 1421 1869 Tu
1438 1831 1566 1879 velim,

236 1896 343 1945 quod
361 1895 575 1933 commodo
591 1895 826 1934 valetudinis
843 1904 932 1935 tuae
954 1897 1030 1944 fiat,
1049 1896 1410 1947 quam-longissime
1424 1896 1568 1946 poteris

237 1959 392 1998 obviam
415 1959 530 1997 nobis
551 1962 727 2009 prodeas

293 2028 354 2064 De
382 2026 596 2064 hereditate
624 2029 810 2069 Preciana
831 2031 950 2081 (quae
971 2030 1131 2081 quidem
1158 2029 1253 2067 mihi
1279 2042 1422 2078 magno
1442 2027 1567 2067 dolori

237 2100 294 2130 cst
312 2107 321 2138 3
351 2092 463 2129 valde
484 2092 589 2130 enim
612 2095 720 2133 illum
748 2097 893 2147 amavi)
915 2098 984 2135 sed
1006 2097 1082 2134 hoc
1103 2095 1219 2134 velim
1240 2108 1362 2141 cures,
1386 2094 1416 2132 si
1437 2093 1567 2132 auctio

235 2165 326 2195 ante
358 2170 489 2195 meum
521 2161 735 2199 adventum
769 2162 845 2208 fiet,
869 2169 911 2199 ut
942 2160 1186 2210 Pomponius
1215 2167 1292 2206 aut,
1317 2159 1347 2197 si
1377 2159 1408 2196 is
1438 2158 1567 2196 minus

237 2222 389 2272 poterit,
423 2224 612 2263 Camillus
643 2234 818 2263 nostrum
849 2225 1050 2275 negotium
1081 2232 1212 2272 curet;
1252 2236 1324 2262 nos
1351 2236 1441 2261 curn
1472 2221 1565 2260 salvi

238 2288 469 2337 venerimus,
510 2290 659 2340 reliqua
697 2304 765 2340 per
803 2304 874 2328 nos
912 2303 1073 2340 agemus
1091 2305 1102 2337 ;
1141 2289 1200 2327 sin
1239 2297 1281 2327 tu
1319 2289 1396 2326 iam
1437 2289 1565 2325 Roma

286 2403 298 2423 1
324 2395 433 2432 quoad
453 2398 550 2433 potes
567 2398 637 2425 vell.
656 2393 842 2434 IVesenbetg
919 2395 957 2424 18
981 2394 1136 2433 cupimus
1154 2419 1160 2424 .
1179 2418 1186 2425 .
1204 2417 1211 2424 .
1232 2392 1407 2423 veniamus
1427 2390 1542 2422 Lamb.
1558 2403 1565 2422 :

239 2437 410 2476 cupiamus
429 2462 434 2468 .
456 2462 462 2468 .
484 2462 491 2469 .
512 2438 667 2468 venimus
684 2437 772 2468 (odd.

1591 555 1609 588 5

1590 992 1632 1017 10

1592 1319 1629 1353 15

1587 1645 1627 1667 20

1588 1970 1626 2004 25

1585 2295 1626 2327 30
