1791 2796
586 155 696 191 El‘l‘.
731 155 806 191 Al)
841 154 1186 191 FAMILIARES
1506 155 1574 191 IX.
1596 154 1669 190 xvi

219 279 299 303 non
339 266 450 303 facile
488 265 725 303 diiudicatur
762 278 872 303 amor
902 279 1013 303 verus
1053 273 1089 303 et
1126 266 1248 313 fictus,
1282 265 1353 303 nisi
1389 265 1548 315 aliquod

220 331 355 369 incidit
387 331 469 369 eius
504 331 610 369 modi
647 338 811 380 tempu&
847 338 885 368 ut
919 330 1028 380 ‹Vliiasi
1064 344 1201 368 aurum
1233 331 1309 380 igni
1346 330 1399 368 sic
1436 331 1550 368 benc<

220 397 389 434 volentia
417 396 541 434 fidelis
569 396 743 446 periculo
769 395 901 445 aliquo
929 395 1094 446 perspici
1124 396 1269 445 possit;
1304 404 1431 434 cetera
1459 403 1547 434 sunt

219 460 328 511 signa
361 461 598 508 communia,
633 462 701 499 sed
734 474 806 510 ego
846 474 925 498 uno
965 468 1052 499 utor
1085 469 1317 510 argumento
1347 475 1464 511 quam
1497 462 1549 499 oli

181 541 197 571 5
219 539 298 564 rem
335 540 397 565 me
431 540 478 565 ex
509 526 643 564 animo
674 540 843 576 vereque
876 526 1038 564 arbitrer
1072 525 1190 575 diligi,
1223 525 1315 575 quia
1349 534 1385 564 et
1418 534 1549 565 nostra

218 593 371 630 fortuna
399 605 443 630 ea
470 599 528 630 est
554 599 591 630 et
618 591 771 630 illorum
804 598 844 629 ut
878 590 1088 629 simulandi
1115 604 1233 629 causa
1260 604 1339 628 non
1367 591 1425 629 sit.
1489 594 1548 629 ln·
1568 595 1591 632 3

219 657 285 694 illo
304 665 447 704 autem,
467 671 583 707 quem
606 670 726 707 penes
752 664 809 695 est
830 656 958 695 omnis
980 663 1162 706 potestas,
1186 656 1283 694 nihil
1304 656 1420 695 video
1440 657 1548 706 quod

218 722 388 768 timeam,
413 722 485 759 nisi
507 724 614 772 quod
636 722 768 760 omnia
790 730 879 759 sunt
901 722 1057 769 incerta,
1076 736 1165 759 cum
1187 736 1208 759 a
1231 721 1311 759 iure
1332 721 1548 759 discessum

219 795 286 833 est,
311 801 383 825 nec
410 787 593 838 praestari
621 786 832 836 quicquam
861 794 990 836 potest
1017 788 1132 836 quale
1159 788 1331 824 futurum
1360 786 1418 834 sit,
1441 787 1548 836 quod

163 867 200 888 10
218 852 390 903 positum
420 860 478 891 est
507 852 546 889 in
576 852 732 890 alterius
760 853 969 898 voluntate,
1000 866 1049 890 ne
1078 852 1206 890 dicam
1239 851 1411 889 libidine.
1472 852 1548 889 Sed

218 925 349 955 tamen
381 917 464 955 eius
494 917 614 967 ipsius
644 918 750 955 nulla
781 930 819 955 re
848 930 872 954 a
898 930 960 955 me
990 917 1162 955 offensus
1193 925 1249 955 est
1279 916 1458 959 animus;
1492 924 1548 953 cst

218 982 321 1021 enim
343 982 520 1020 adhibita
541 982 580 1019 in
605 996 651 1020 ea
677 996 716 1020 re
738 982 820 1032 ipsa
845 995 998 1020 summa
1017 995 1040 1020 a
1060 981 1176 1020 nobis
1205 981 1432 1019 moderatio.
1494 982 1548 1019 Ut

218 1048 322 1086 enim
351 1047 444 1086 olim
473 1047 687 1086 arbitrabar
716 1060 800 1086 esse
830 1061 961 1086 meum
992 1047 1113 1086 libere
1142 1047 1262 1097 loqui,
1291 1046 1402 1084 cuius
1432 1059 1550 1096 opera

218 1121 318 1151 esset
359 1112 397 1150 in
432 1112 587 1151 civitate
621 1112 789 1160 libertas,
821 1112 876 1150 sic
911 1126 956 1150 ea
991 1126 1096 1150 nunc
1131 1112 1274 1150 amissa
1309 1111 1406 1149 nihil
1440 1110 1547 1160 loqui

163 1193 198 1224 ¹5
218 1179 326 1228 quod
356 1179 530 1216 offendat
558 1184 626 1215 aut
652 1176 753 1215 illius
782 1185 848 1214 aut
879 1191 1024 1223 eorum,
1055 1177 1121 1227 qui
1150 1178 1201 1215 ab
1229 1177 1295 1214 illo
1322 1176 1546 1225 diliguntur,

218 1245 470 1281 voluntatem.
533 1243 713 1292 Effugere
742 1250 873 1280 autem
903 1242 933 1279 si
958 1241 1073 1280 velim
1102 1255 1181 1280 non
1209 1242 1406 1279 nullorum
1433 1248 1548 1279 acute

217 1316 284 1346 aut
323 1310 446 1346 facete
478 1307 673 1345 dictorum
708 1307 948 1356 opinionem,
978 1308 1081 1344 fama
1110 1306 1241 1355 ingeni
1277 1306 1371 1343 mihi
1402 1305 1449 1343 sit
1483 1306 1548 1344 ab-

219 1373 397 1419 icienda;
426 1373 533 1422 quod
561 1372 591 1410 si
623 1370 694 1424 [id]
724 1385 891 1421 possem,
916 1386 995 1410 non
1026 1385 1256 1410 recusarem.
1317 1372 1394 1409 Sed
1415 1379 1547 1409 tamen
1567 1385 1592 1422 4

218 1439 301 1488 ipse
331 1440 475 1477 Caesar
508 1437 627 1475 habet
661 1450 817 1486 peracre
853 1436 1053 1484 iudicium,
1083 1444 1131 1484 et,
1164 1444 1205 1474 ut
1236 1436 1402 1483 Servius,
1434 1437 1548 1473 frater

161 1519 200 1541 20
219 1512 318 1551 tuus,
360 1516 478 1553 quem
517 1501 837 1540 litteratissimum
883 1501 1000 1540 fuisse
1044 1501 1187 1547 iudico,
1225 1500 1337 1539 facile
1376 1500 1546 1539 diceret:

220 1572 228 1588 ‘
248 1568 326 1606 Hic
342 1581 473 1607 versus
492 1567 617 1605 Plauti
638 1580 718 1604 non
740 1575 808 1614 est,
825 1566 888 1604 hic
909 1568 990 1613 est,’
1007 1567 1116 1616 quod
1137 1566 1244 1604 tritas
1264 1565 1366 1604 auris
1387 1566 1548 1603 haberet

217 1633 401 1672 notandis
431 1632 639 1683 generibus
668 1640 872 1683 poetarum
905 1640 942 1670 et
972 1631 1260 1670 consuetudine
1294 1630 1459 1680 legendi,
1494 1630 1547 1667 sic

216 1699 335 1738 audio
352 1700 571 1744 Caesarem,
588 1711 678 1735 cum
695 1697 895 1736 volumina
912 1697 987 1735 iam
1010 1696 1222 1735 confecerit
1239 1695 1546 1748 ἀποφθεγμάτων,

218 1764 248 1801 si
278 1765 386 1814 quod
415 1764 611 1801 adferatur
639 1764 690 1801 ad
729 1777 819 1802 eum
850 1776 920 1812 pro
960 1776 1049 1800 meo
1088 1762 1196 1811 quod
1227 1774 1358 1799 meum
1389 1774 1469 1799 non
1500 1760 1547 1798 sit

161 1843 198 1874 25
218 1829 361 1867 reicere
382 1830 504 1866 solere
524 1843 530 1871 ;
553 1830 661 1878 quod
678 1842 725 1867 eo
747 1843 851 1866 nunc
870 1828 992 1877 magis
1014 1826 1114 1873 facit,
1131 1826 1223 1876 quia
1239 1826 1374 1864 vivunt
1391 1839 1546 1864 mecum

220 1896 296 1933 fere
326 1893 470 1932 cotidie
501 1893 602 1931 illius
633 1894 850 1932 familiares.
918 1892 1106 1931 Incidunt
1135 1899 1266 1929 autem
1298 1891 1337 1928 in
1367 1904 1547 1929 sermone

219 1960 323 1997 vario
345 1961 476 2005 multa,
500 1973 600 2008 quae
628 1960 788 1997 fortasse
816 1958 900 2005 illis,
925 1972 1013 1996 cum
1037 1957 1130 2003 dixi,
1151 1970 1223 1995 nec
1244 1956 1453 1994 inlitterata
1475 1969 1546 1994 nec

219 2027 363 2064 insulsa
397 2038 482 2063 esse
511 2024 740 2067 videantur:
781 2026 877 2062 haec
911 2025 961 2062 ad
996 2023 1104 2061 illum
1135 2035 1225 2060 cum
1260 2020 1418 2070 reliquis
1451 2020 1547 2058 actis

219 2093 486 2142 perferuntur;
524 2090 577 2128 ita
606 2089 710 2128 enim
742 2090 823 2139 ipse
855 2088 1064 2127 mandavit.
1126 2087 1188 2126 Sic
1229 2088 1270 2125 fit
1305 2094 1356 2133 ut,
1390 2085 1421 2123 si
1451 2085 1546 2135 quid

160 2168 199 2198 30
218 2164 416 2207 praeterea
442 2156 494 2195 de
520 2169 583 2194 me
608 2154 751 2200 audiat,
776 2168 856 2193 non
882 2154 1125 2193 audiendum
1154 2160 1274 2204 putet.
1335 2152 1466 2200 Quam
1495 2151 1546 2189 ob

216 2236 298 2261 rem
333 2223 543 2261 Oenomao
580 2228 648 2260 tuo
689 2219 784 2257 nihil
823 2227 937 2266 utor3
979 2219 1050 2258 etsi
1090 2218 1254 2269 posuisti
1294 2219 1382 2256 loco
1414 2228 1546 2254 versus

216 2287 423 2327 Accianos.
488 2287 565 2325 Sed
604 2297 705 2335 quae
743 2292 801 2323 est
838 2283 1031 2330 ‘invidia‚'
1064 2291 1131 2322 aut
1169 2283 1265 2334 quid
1305 2281 1399 2319 mihi
1440 2292 1588 2329 nunc5

265 2401 300 2430 17
326 2391 520 2430 opinionem
541 2388 631 2421 HD:
666 2400 732 2420 om.
752 2387 809 2418 M:
847 2388 965 2418 samam
982 2387 1058 2418 Vict.
1088 2366 1092 2368 i
1180 2375 1225 2417 {it
1241 2384 1354 2416 Bake:
1387 2390 1438 2416 est
1455 2383 1544 2416 codd.

222 2435 260 2465 18
284 2435 316 2465 id
328 2434 386 2466 del.
407 2433 525 2465 Lamb.
661 2443 702 2472 32
725 2432 886 2463 Attianos
909 2430 1095 2471 Wesenbmg

1402 2483 1458 2513 ιτ*
