<?xml version="1.0" encoding="UTF-8"?>
<!DOCTYPE html PUBLIC "-//W3C//DTD XHTML 1.0 Transitional//EN"
    "http://www.w3.org/TR/xhtml1/DTD/xhtml1-transitional.dtd">
<html xmlns="http://www.w3.org/1999/xhtml" xml:lang="en" lang="en">
 <head>
  <title>
</title>
<meta http-equiv="Content-Type" content="text/html;charset=utf-8" />
  <meta name='ocr-system' content='tesseract 3.04.00' />
  <meta name='ocr-capabilities' content='ocr_page ocr_carea ocr_par ocr_line ocrx_word'/>
</head>
<body>
  <div class='ocr_page' id='page_1' title='image "./epistulaerecogno01ciceuoft_0125.png"; bbox 0 0 1791 2796; ppageno 0'>
   <div class='ocr_carea' id='block_1_1' title="bbox 510 146 1598 185">
    <p class='ocr_par' dir='ltr' id='par_1_1' title="bbox 510 146 1598 185">
     <span class='ocr_line' id='line_1_1' title="bbox 510 146 1598 185; baseline 0 -2"><span class='ocrx_word' id='word_1_1' title='bbox 510 146 621 184; x_wconf 87' lang='lat' dir='ltr'><strong>EPP.</strong></span> <span class='ocrx_word' id='word_1_2' title='bbox 654 147 732 183; x_wconf 88' lang='lat' dir='ltr'>AD</span> <span class='ocrx_word' id='word_1_3' title='bbox 764 147 1114 184; x_wconf 79' lang='lat' dir='ltr'>FAMILIARES</span> <span class='ocrx_word' id='word_1_4' title='bbox 1430 148 1498 185; x_wconf 80' lang='lat' dir='ltr'>IV.</span> <span class='ocrx_word' id='word_1_5' title='bbox 1522 147 1598 184; x_wconf 84' lang='lat' dir='ltr'>xiii</span> 
     </span>
    </p>
   </div>
   <div class='ocr_carea' id='block_1_2' title="bbox 89 256 1527 2126">
    <p class='ocr_par' dir='ltr' id='par_1_2' title="bbox 111 256 1486 768">
     <span class='ocr_line' id='line_1_2' title="bbox 150 256 1485 309; baseline 0.001 -13"><span class='ocrx_word' id='word_1_6' title='bbox 150 259 245 297; x_wconf 90' lang='lat' dir='ltr'>dum</span> <span class='ocrx_word' id='word_1_7' title='bbox 267 257 464 296; x_wconf 83' lang='lat' dir='ltr'>curiosior.</span> <span class='ocrx_word' id='word_1_8' title='bbox 525 258 618 306; x_wconf 82' lang='lat' dir='ltr'>Quo</span> <span class='ocrx_word' id='word_1_9' title='bbox 638 256 802 305; x_wconf 85' lang='lat' dir='ltr'>facilius,</span> <span class='ocrx_word' id='word_1_10' title='bbox 823 256 967 307; x_wconf 89' lang='lat' dir='ltr'>quibus</span> <span class='ocrx_word' id='word_1_11' title='bbox 995 265 1052 296; x_wconf 90' lang='lat' dir='ltr'>est</span> <span class='ocrx_word' id='word_1_12' title='bbox 1083 257 1227 305; x_wconf 80' lang='lat' dir='ltr'>iratior,</span> <span class='ocrx_word' id='word_1_13' title='bbox 1247 259 1485 309; x_wconf 84' lang='lat' dir='ltr'>respondere</span> 
     </span>
     <span class='ocr_line' id='line_1_3' title="bbox 149 313 1486 374; baseline 0.001 -13"><span class='ocrx_word' id='word_1_14' title='bbox 149 323 293 362; x_wconf 85' lang='lat' dir='ltr'>tristius</span> <span class='ocrx_word' id='word_1_15' title='bbox 315 323 446 374; x_wconf 83' lang='lat' dir='ltr'>possit,</span> <span class='ocrx_word' id='word_1_16' title='bbox 471 324 546 362; x_wconf 84' lang='lat' dir='ltr'>hoc</span> <span class='ocrx_word' id='word_1_17' title='bbox 566 330 624 361; x_wconf 83' lang='lat' dir='ltr'>est</span> <span class='ocrx_word' id='word_1_18' title='bbox 648 323 779 361; x_wconf 87' lang='lat' dir='ltr'>adhuc</span> <span class='ocrx_word' id='word_1_19' title='bbox 806 322 951 362; x_wconf 84' lang='lat' dir='ltr'>tardior</span> <span class='ocrx_word' id='word_1_20' title='bbox 979 324 1030 362; x_wconf 88' lang='lat' dir='ltr'>ad</span> <span class='ocrx_word' id='word_1_21' title='bbox 1058 330 1096 362; x_wconf 92' lang='lat' dir='ltr'>te</span> <span class='ocrx_word' id='word_1_22' title='bbox 1123 324 1303 363; x_wconf 89' lang='lat' dir='ltr'>molestia</span> <span class='ocrx_word' id='word_1_23' title='bbox 1322 313 1486 364; x_wconf 82' lang='lat' dir='ltr'>liberan-</span> 
     </span>
     <span class='ocr_line' id='line_1_4' title="bbox 149 388 1484 440; baseline 0.001 -12"><span class='ocrx_word' id='word_1_24' title='bbox 149 390 273 437; x_wconf 78' lang='lat' dir='ltr'>dum3</span> <span class='ocrx_word' id='word_1_25' title='bbox 307 388 513 427; x_wconf 79' lang='lat' dir='ltr'>familiares</span> <span class='ocrx_word' id='word_1_26' title='bbox 538 402 628 427; x_wconf 84' lang='lat' dir='ltr'>vero</span> <span class='ocrx_word' id='word_1_27' title='bbox 658 388 754 437; x_wconf 79' lang='lat' dir='ltr'>eius,</span> <span class='ocrx_word' id='word_1_28' title='bbox 782 396 820 427; x_wconf 93' lang='lat' dir='ltr'>et</span> <span class='ocrx_word' id='word_1_29' title='bbox 849 388 875 427; x_wconf 90' lang='lat' dir='ltr'>ii</span> <span class='ocrx_word' id='word_1_30' title='bbox 904 389 1078 439; x_wconf 89' lang='lat' dir='ltr'>quidem,</span> <span class='ocrx_word' id='word_1_31' title='bbox 1107 390 1175 440; x_wconf 89' lang='lat' dir='ltr'>qui</span> <span class='ocrx_word' id='word_1_32' title='bbox 1205 390 1259 429; x_wconf 91' lang='lat' dir='ltr'>illi</span> <span class='ocrx_word' id='word_1_33' title='bbox 1289 390 1484 429; x_wconf 87' lang='lat' dir='ltr'>iucundis-</span> 
     </span>
     <span class='ocr_line' id='line_1_5' title="bbox 149 453 1484 505; baseline 0.002 -13"><span class='ocrx_word' id='word_1_34' title='bbox 149 454 236 493; x_wconf 82' lang='lat' dir='ltr'>simi</span> <span class='ocrx_word' id='word_1_35' title='bbox 253 462 353 501; x_wconf 87' lang='lat' dir='ltr'>sunt,</span> <span class='ocrx_word' id='word_1_36' title='bbox 370 453 595 493; x_wconf 87' lang='lat' dir='ltr'>mirabiliter</span> <span class='ocrx_word' id='word_1_37' title='bbox 610 455 661 493; x_wconf 93' lang='lat' dir='ltr'>de</span> <span class='ocrx_word' id='word_1_38' title='bbox 682 462 719 493; x_wconf 87' lang='lat' dir='ltr'>te</span> <span class='ocrx_word' id='word_1_39' title='bbox 740 462 779 493; x_wconf 86' lang='lat' dir='ltr'>et</span> <span class='ocrx_word' id='word_1_40' title='bbox 798 456 1013 505; x_wconf 88' lang='lat' dir='ltr'>loquuntur</span> <span class='ocrx_word' id='word_1_41' title='bbox 1032 463 1070 494; x_wconf 88' lang='lat' dir='ltr'>et</span> <span class='ocrx_word' id='word_1_42' title='bbox 1092 455 1275 495; x_wconf 83' lang='lat' dir='ltr'>sentiunt.</span> <span class='ocrx_word' id='word_1_43' title='bbox 1317 457 1484 496; x_wconf 83' lang='lat' dir='ltr'>Accedit</span> 
     </span>
     <span class='ocr_line' id='line_1_6' title="bbox 111 520 1482 571; baseline -0.001 -9"><span class='ocrx_word' id='word_1_44' title='bbox 111 533 127 563; x_wconf 88' lang='lat'>5</span> <span class='ocrx_word' id='word_1_45' title='bbox 149 522 290 560; x_wconf 90' lang='lat' dir='ltr'>eodem</span> <span class='ocrx_word' id='word_1_46' title='bbox 311 520 414 571; x_wconf 88' lang='lat' dir='ltr'>vulgi</span> <span class='ocrx_word' id='word_1_47' title='bbox 435 522 614 559; x_wconf 84' lang='lat' dir='ltr'>voluntas</span> <span class='ocrx_word' id='word_1_48' title='bbox 631 522 691 559; x_wconf 82' lang='lat' dir='ltr'>vel</span> <span class='ocrx_word' id='word_1_49' title='bbox 712 520 842 571; x_wconf 90' lang='lat' dir='ltr'>potius</span> <span class='ocrx_word' id='word_1_50' title='bbox 864 534 1080 560; x_wconf 79' lang='lat' dir='ltr'>consensus</span> <span class='ocrx_word' id='word_1_51' title='bbox 1102 522 1291 561; x_wconf 90' lang='lat' dir='ltr'>omnium.</span> <span class='ocrx_word' id='word_1_52' title='bbox 1353 523 1482 561; x_wconf 88' lang='lat' dir='ltr'>Etiam</span> 
     </span>
     <span class='ocr_line' id='line_1_7' title="bbox 149 585 1483 638; baseline 0.002 -14"><span class='ocrx_word' id='word_1_53' title='bbox 149 586 223 635; x_wconf 83' lang='lat' dir='ltr'>illa,</span> <span class='ocrx_word' id='word_1_54' title='bbox 253 599 354 636; x_wconf 88' lang='lat' dir='ltr'>quae</span> <span class='ocrx_word' id='word_1_55' title='bbox 378 585 585 624; x_wconf 90' lang='lat' dir='ltr'>minimum</span> <span class='ocrx_word' id='word_1_56' title='bbox 616 599 722 624; x_wconf 90' lang='lat' dir='ltr'>nunc</span> <span class='ocrx_word' id='word_1_57' title='bbox 746 587 907 636; x_wconf 89' lang='lat' dir='ltr'>quidem</span> <span class='ocrx_word' id='word_1_58' title='bbox 938 594 1078 637; x_wconf 87' lang='lat' dir='ltr'>potest,</span> <span class='ocrx_word' id='word_1_59' title='bbox 1105 588 1175 626; x_wconf 89' lang='lat' dir='ltr'>sed</span> <span class='ocrx_word' id='word_1_60' title='bbox 1202 588 1326 638; x_wconf 82' lang='lat' dir='ltr'>possit</span> <span class='ocrx_word' id='word_1_61' title='bbox 1353 602 1483 627; x_wconf 90' lang='lat' dir='ltr'>neces-</span> 
     </span>
     <span class='ocr_line' id='line_1_8' title="bbox 149 650 1481 704; baseline 0.002 -15"><span class='ocrx_word' id='word_1_62' title='bbox 149 659 236 698; x_wconf 91' lang='lat' dir='ltr'>sest,</span> <span class='ocrx_word' id='word_1_63' title='bbox 264 665 323 690; x_wconf 90' lang='lat' dir='ltr'>res</span> <span class='ocrx_word' id='word_1_64' title='bbox 352 650 523 702; x_wconf 81' lang='lat' dir='ltr'>publica,</span> <span class='ocrx_word' id='word_1_65' title='bbox 550 665 822 702; x_wconf 85' lang='lat' dir='ltr'>quascumque</span> <span class='ocrx_word' id='word_1_66' title='bbox 848 651 938 690; x_wconf 90' lang='lat' dir='ltr'>viris</span> <span class='ocrx_word' id='word_1_67' title='bbox 968 653 1142 701; x_wconf 81' lang='lat' dir='ltr'>habebit,</span> <span class='ocrx_word' id='word_1_68' title='bbox 1169 653 1219 691; x_wconf 88' lang='lat' dir='ltr'>ab</span> <span class='ocrx_word' id='word_1_69' title='bbox 1250 653 1295 691; x_wconf 92' lang='lat' dir='ltr'>iis</span> <span class='ocrx_word' id='word_1_70' title='bbox 1324 653 1428 704; x_wconf 83' lang='lat' dir='ltr'>ipsis,</span> <span class='ocrx_word' id='word_1_71' title='bbox 1458 668 1481 692; x_wconf 83' lang='grc' dir='ltr'><em>α</em></span> 
     </span>
     <span class='ocr_line' id='line_1_9' title="bbox 148 716 1392 768; baseline 0.002 -14"><span class='ocrx_word' id='word_1_72' title='bbox 148 716 290 766; x_wconf 86' lang='lat' dir='ltr'>quibus</span> <span class='ocrx_word' id='word_1_73' title='bbox 312 723 477 764; x_wconf 88' lang='lat' dir='ltr'>tenetur,</span> <span class='ocrx_word' id='word_1_74' title='bbox 498 717 548 756; x_wconf 90' lang='lat' dir='ltr'>de</span> <span class='ocrx_word' id='word_1_75' title='bbox 568 724 606 755; x_wconf 93' lang='lat' dir='ltr'>te</span> <span class='ocrx_word' id='word_1_76' title='bbox 626 717 868 768; x_wconf 85' lang='lat' dir='ltr'>propediem,</span> <span class='ocrx_word' id='word_1_77' title='bbox 892 716 987 755; x_wconf 86' lang='lat' dir='ltr'>mihi</span> <span class='ocrx_word' id='word_1_78' title='bbox 1009 718 1135 764; x_wconf 88' lang='lat' dir='ltr'>crede,</span> <span class='ocrx_word' id='word_1_79' title='bbox 1159 717 1392 768; x_wconf 81' lang='lat' dir='ltr'>impetrabit.</span> 
     </span>
    </p>

    <p class='ocr_par' dir='ltr' id='par_1_3' title="bbox 203 780 1527 834">
     <span class='ocr_line' id='line_1_10' title="bbox 203 780 1527 834; baseline 0.003 -16"><span class='ocrx_word' id='word_1_80' title='bbox 203 782 341 819; x_wconf 89' lang='lat' dir='ltr'>Redeo</span> <span class='ocrx_word' id='word_1_81' title='bbox 371 780 485 831; x_wconf 86' lang='lat' dir='ltr'>igitur</span> <span class='ocrx_word' id='word_1_82' title='bbox 512 782 562 820; x_wconf 91' lang='lat' dir='ltr'>ad</span> <span class='ocrx_word' id='word_1_83' title='bbox 592 781 642 829; x_wconf 86' lang='lat' dir='ltr'>id,</span> <span class='ocrx_word' id='word_1_84' title='bbox 675 789 717 820; x_wconf 86' lang='lat' dir='ltr'>ut</span> <span class='ocrx_word' id='word_1_85' title='bbox 746 781 823 820; x_wconf 84' lang='lat' dir='ltr'>iam</span> <span class='ocrx_word' id='word_1_86' title='bbox 855 782 926 821; x_wconf 90' lang='lat' dir='ltr'>tibi</span> <span class='ocrx_word' id='word_1_87' title='bbox 955 782 1072 821; x_wconf 91' lang='lat' dir='ltr'>etiam</span> <span class='ocrx_word' id='word_1_88' title='bbox 1104 783 1289 833; x_wconf 83' lang='lat' dir='ltr'>pollicear</span> <span class='ocrx_word' id='word_1_89' title='bbox 1318 783 1477 834; x_wconf 87' lang='lat' dir='ltr'>aliquid,</span> <span class='ocrx_word' id='word_1_90' title='bbox 1499 787 1527 822; x_wconf 87' lang='lat'>6</span> 
     </span>
    </p>

    <p class='ocr_par' dir='ltr' id='par_1_4' title="bbox 92 845 1483 1160">
     <span class='ocr_line' id='line_1_11' title="bbox 92 845 1482 898; baseline 0.004 -16"><span class='ocrx_word' id='word_1_91' title='bbox 92 861 129 883; x_wconf 80' lang='grc' dir='ltr'>ιο</span> <span class='ocrx_word' id='word_1_92' title='bbox 148 846 256 895; x_wconf 91' lang='lat' dir='ltr'>quod</span> <span class='ocrx_word' id='word_1_93' title='bbox 280 845 406 896; x_wconf 88' lang='lat' dir='ltr'>primo</span> <span class='ocrx_word' id='word_1_94' title='bbox 431 845 650 885; x_wconf 88' lang='lat' dir='ltr'>omiseram.</span> <span class='ocrx_word' id='word_1_95' title='bbox 710 847 815 885; x_wconf 89' lang='lat' dir='ltr'>Nam</span> <span class='ocrx_word' id='word_1_96' title='bbox 836 854 874 885; x_wconf 88' lang='lat' dir='ltr'>et</span> <span class='ocrx_word' id='word_1_97' title='bbox 894 848 1134 898; x_wconf 87' lang='lat' dir='ltr'>complectar</span> <span class='ocrx_word' id='word_1_98' title='bbox 1160 848 1243 886; x_wconf 91' lang='lat' dir='ltr'>eius</span> <span class='ocrx_word' id='word_1_99' title='bbox 1269 848 1482 887; x_wconf 85' lang='lat' dir='ltr'>familiaris-</span> 
     </span>
     <span class='ocr_line' id='line_1_12' title="bbox 148 910 1482 963; baseline 0.004 -15"><span class='ocrx_word' id='word_1_100' title='bbox 148 910 278 957; x_wconf 78' lang='lat' dir='ltr'>simos,</span> <span class='ocrx_word' id='word_1_101' title='bbox 302 910 369 960; x_wconf 85' lang='lat' dir='ltr'>qui</span> <span class='ocrx_word' id='word_1_102' title='bbox 394 924 457 950; x_wconf 88' lang='lat' dir='ltr'>me</span> <span class='ocrx_word' id='word_1_103' title='bbox 483 912 701 950; x_wconf 89' lang='lat' dir='ltr'>admodum</span> <span class='ocrx_word' id='word_1_104' title='bbox 732 911 900 962; x_wconf 88' lang='lat' dir='ltr'>diligunt</span> <span class='ocrx_word' id='word_1_105' title='bbox 930 913 1179 963; x_wconf 88' lang='lat' dir='ltr'>multumque</span> <span class='ocrx_word' id='word_1_106' title='bbox 1200 927 1356 952; x_wconf 90' lang='lat' dir='ltr'>mecum</span> <span class='ocrx_word' id='word_1_107' title='bbox 1378 923 1482 962; x_wconf 75' lang='lat' dir='ltr'>sunt,</span> 
     </span>
     <span class='ocr_line' id='line_1_13' title="bbox 148 975 1482 1029; baseline 0.004 -16"><span class='ocrx_word' id='word_1_108' title='bbox 148 983 186 1014; x_wconf 88' lang='lat' dir='ltr'>et</span> <span class='ocrx_word' id='word_1_109' title='bbox 213 975 252 1013; x_wconf 88' lang='lat' dir='ltr'>in</span> <span class='ocrx_word' id='word_1_110' title='bbox 280 975 400 1026; x_wconf 89' lang='lat' dir='ltr'>ipsius</span> <span class='ocrx_word' id='word_1_111' title='bbox 430 977 771 1025; x_wconf 85' lang='lat' dir='ltr'>consuetudinem,</span> <span class='ocrx_word' id='word_1_112' title='bbox 795 990 914 1028; x_wconf 84' lang='lat' dir='ltr'>quam</span> <span class='ocrx_word' id='word_1_113' title='bbox 944 979 1075 1017; x_wconf 88' lang='lat' dir='ltr'>adhuc</span> <span class='ocrx_word' id='word_1_114' title='bbox 1105 991 1216 1017; x_wconf 90' lang='lat' dir='ltr'>meus</span> <span class='ocrx_word' id='word_1_115' title='bbox 1237 980 1366 1029; x_wconf 92' lang='lat' dir='ltr'>pudor</span> <span class='ocrx_word' id='word_1_116' title='bbox 1386 980 1482 1018; x_wconf 88' lang='lat' dir='ltr'>mihi</span> 
     </span>
     <span class='ocr_line' id='line_1_14' title="bbox 147 1040 1483 1096; baseline 0.004 -17"><span class='ocrx_word' id='word_1_117' title='bbox 147 1040 295 1088; x_wconf 86' lang='lat' dir='ltr'>clausit,</span> <span class='ocrx_word' id='word_1_118' title='bbox 332 1041 541 1081; x_wconf 86' lang='lat' dir='ltr'>insinuabo</span> <span class='ocrx_word' id='word_1_119' title='bbox 580 1050 618 1081; x_wconf 92' lang='lat' dir='ltr'>et</span> <span class='ocrx_word' id='word_1_120' title='bbox 656 1050 760 1081; x_wconf 91' lang='lat' dir='ltr'>certe</span> <span class='ocrx_word' id='word_1_121' title='bbox 799 1043 928 1082; x_wconf 90' lang='lat' dir='ltr'>omnis</span> <span class='ocrx_word' id='word_1_122' title='bbox 965 1043 1045 1082; x_wconf 78' lang='lat' dir='ltr'>vias</span> <span class='ocrx_word' id='word_1_123' title='bbox 1084 1057 1307 1095; x_wconf 47' lang='lat' dir='ltr'>persequar)</span> <span class='ocrx_word' id='word_1_124' title='bbox 1339 1045 1483 1096; x_wconf 89' lang='lat' dir='ltr'>quibus</span> 
     </span>
     <span class='ocr_line' id='line_1_15' title="bbox 147 1107 1483 1160; baseline 0.004 -15"><span class='ocrx_word' id='word_1_125' title='bbox 147 1107 296 1157; x_wconf 85' lang='lat' dir='ltr'>putabo</span> <span class='ocrx_word' id='word_1_126' title='bbox 320 1108 370 1146; x_wconf 87' lang='lat' dir='ltr'>ad</span> <span class='ocrx_word' id='word_1_127' title='bbox 398 1107 448 1155; x_wconf 90' lang='lat' dir='ltr'>id,</span> <span class='ocrx_word' id='word_1_128' title='bbox 473 1109 581 1158; x_wconf 89' lang='lat' dir='ltr'>quod</span> <span class='ocrx_word' id='word_1_129' title='bbox 602 1109 797 1157; x_wconf 78' lang='lat' dir='ltr'>volumus,</span> <span class='ocrx_word' id='word_1_130' title='bbox 817 1109 1019 1159; x_wconf 83' lang='lat' dir='ltr'>pervenire</span> <span class='ocrx_word' id='word_1_131' title='bbox 1045 1122 1171 1160; x_wconf 90' lang='lat' dir='ltr'>posse.</span> <span class='ocrx_word' id='word_1_132' title='bbox 1233 1111 1281 1149; x_wconf 94' lang='lat' dir='ltr'>In</span> <span class='ocrx_word' id='word_1_133' title='bbox 1302 1112 1378 1150; x_wconf 91' lang='lat' dir='ltr'>hoc</span> <span class='ocrx_word' id='word_1_134' title='bbox 1398 1118 1483 1150; x_wconf 83' lang='lat' dir='ltr'>toto</span> 
     </span>
    </p>

    <p class='ocr_par' dir='ltr' id='par_1_5' title="bbox 90 1172 1483 1490">
     <span class='ocr_line' id='line_1_16' title="bbox 90 1172 1483 1227; baseline 0.004 -18"><span class='ocrx_word' id='word_1_135' title='bbox 90 1187 126 1218; x_wconf 85' lang='lat'>15</span> <span class='ocrx_word' id='word_1_136' title='bbox 146 1184 288 1221; x_wconf 88' lang='lat' dir='ltr'>genere</span> <span class='ocrx_word' id='word_1_137' title='bbox 319 1173 429 1222; x_wconf 89' lang='lat' dir='ltr'>plura</span> <span class='ocrx_word' id='word_1_138' title='bbox 462 1172 602 1211; x_wconf 87' lang='lat' dir='ltr'>faciam</span> <span class='ocrx_word' id='word_1_139' title='bbox 635 1186 754 1223; x_wconf 90' lang='lat' dir='ltr'>quarn</span> <span class='ocrx_word' id='word_1_140' title='bbox 787 1174 955 1212; x_wconf 88' lang='lat' dir='ltr'>scribere</span> <span class='ocrx_word' id='word_1_141' title='bbox 994 1175 1134 1213; x_wconf 90' lang='lat' dir='ltr'>audeo.</span> <span class='ocrx_word' id='word_1_142' title='bbox 1195 1175 1348 1224; x_wconf 76' lang='lat' dir='ltr'>Cetera,</span> <span class='ocrx_word' id='word_1_143' title='bbox 1381 1190 1483 1227; x_wconf 90' lang='lat' dir='ltr'>quae</span> 
     </span>
     <span class='ocr_line' id='line_1_17' title="bbox 147 1237 1483 1293; baseline 0.004 -17"><span class='ocrx_word' id='word_1_144' title='bbox 147 1237 219 1276; x_wconf 89' lang='lat' dir='ltr'>tibi</span> <span class='ocrx_word' id='word_1_145' title='bbox 252 1252 275 1277; x_wconf 89' lang='lat' dir='ltr'>a</span> <span class='ocrx_word' id='word_1_146' title='bbox 309 1239 440 1277; x_wconf 91' lang='lat' dir='ltr'>multis</span> <span class='ocrx_word' id='word_1_147' title='bbox 474 1248 656 1290; x_wconf 89' lang='lat' dir='ltr'>prompta</span> <span class='ocrx_word' id='word_1_148' title='bbox 687 1253 772 1278; x_wconf 91' lang='lat' dir='ltr'>esse</span> <span class='ocrx_word' id='word_1_149' title='bbox 801 1248 907 1279; x_wconf 89' lang='lat' dir='ltr'>certo</span> <span class='ocrx_word' id='word_1_150' title='bbox 938 1241 1029 1288; x_wconf 88' lang='lat' dir='ltr'>scio,</span> <span class='ocrx_word' id='word_1_151' title='bbox 1062 1255 1085 1280; x_wconf 89' lang='lat' dir='ltr'>a</span> <span class='ocrx_word' id='word_1_152' title='bbox 1114 1255 1177 1280; x_wconf 90' lang='lat' dir='ltr'>me</span> <span class='ocrx_word' id='word_1_153' title='bbox 1207 1250 1297 1281; x_wconf 86' lang='lat' dir='ltr'>sunt</span> <span class='ocrx_word' id='word_1_154' title='bbox 1326 1243 1483 1293; x_wconf 87' lang='lat' dir='ltr'>paratis-</span> 
     </span>
     <span class='ocr_line' id='line_1_18' title="bbox 147 1304 1481 1357; baseline 0.004 -15"><span class='ocrx_word' id='word_1_155' title='bbox 147 1304 254 1343; x_wconf 88' lang='lat' dir='ltr'>sima.</span> <span class='ocrx_word' id='word_1_156' title='bbox 315 1304 424 1343; x_wconf 91' lang='lat' dir='ltr'>Nihil</span> <span class='ocrx_word' id='word_1_157' title='bbox 446 1305 486 1343; x_wconf 92' lang='lat' dir='ltr'>in</span> <span class='ocrx_word' id='word_1_158' title='bbox 506 1319 546 1345; x_wconf 89' lang='lat' dir='ltr'>re</span> <span class='ocrx_word' id='word_1_159' title='bbox 566 1305 743 1344; x_wconf 87' lang='lat' dir='ltr'>familiari</span> <span class='ocrx_word' id='word_1_160' title='bbox 765 1319 853 1344; x_wconf 88' lang='lat' dir='ltr'>mea</span> <span class='ocrx_word' id='word_1_161' title='bbox 877 1314 948 1354; x_wconf 80' lang='lat' dir='ltr'>est,</span> <span class='ocrx_word' id='word_1_162' title='bbox 970 1308 1078 1357; x_wconf 88' lang='lat' dir='ltr'>quod</span> <span class='ocrx_word' id='word_1_163' title='bbox 1100 1320 1172 1357; x_wconf 92' lang='lat' dir='ltr'>ego</span> <span class='ocrx_word' id='word_1_164' title='bbox 1194 1320 1326 1347; x_wconf 87' lang='lat' dir='ltr'>meum</span> <span class='ocrx_word' id='word_1_165' title='bbox 1348 1308 1481 1347; x_wconf 88' lang='lat' dir='ltr'>malim</span> 
     </span>
     <span class='ocr_line' id='line_1_19' title="bbox 147 1373 1483 1423; baseline 0.004 -15"><span class='ocrx_word' id='word_1_166' title='bbox 147 1383 231 1408; x_wconf 88' lang='lat' dir='ltr'>esse</span> <span class='ocrx_word' id='word_1_167' title='bbox 265 1383 383 1420; x_wconf 86' lang='lat' dir='ltr'>quarn</span> <span class='ocrx_word' id='word_1_168' title='bbox 416 1379 537 1410; x_wconf 88' lang='lat' dir='ltr'>tuum.</span> <span class='ocrx_word' id='word_1_169' title='bbox 599 1373 689 1411; x_wconf 88' lang='lat' dir='ltr'>Hac</span> <span class='ocrx_word' id='word_1_170' title='bbox 718 1373 768 1410; x_wconf 92' lang='lat' dir='ltr'>de</span> <span class='ocrx_word' id='word_1_171' title='bbox 798 1386 837 1411; x_wconf 88' lang='lat' dir='ltr'>re</span> <span class='ocrx_word' id='word_1_172' title='bbox 867 1380 905 1411; x_wconf 88' lang='lat' dir='ltr'>et</span> <span class='ocrx_word' id='word_1_173' title='bbox 935 1373 985 1411; x_wconf 90' lang='lat' dir='ltr'>de</span> <span class='ocrx_word' id='word_1_174' title='bbox 1015 1373 1091 1411; x_wconf 89' lang='lat' dir='ltr'>hoc</span> <span class='ocrx_word' id='word_1_175' title='bbox 1120 1386 1262 1423; x_wconf 84' lang='lat' dir='ltr'>genere</span> <span class='ocrx_word' id='word_1_176' title='bbox 1291 1381 1376 1413; x_wconf 90' lang='lat' dir='ltr'>toto</span> <span class='ocrx_word' id='word_1_177' title='bbox 1405 1375 1483 1414; x_wconf 89' lang='lat' dir='ltr'>hoc</span> 
     </span>
     <span class='ocr_line' id='line_1_20' title="bbox 146 1435 1478 1490; baseline 0.005 -17"><span class='ocrx_word' id='word_1_178' title='bbox 146 1435 275 1474; x_wconf 85' lang='lat' dir='ltr'>scribo</span> <span class='ocrx_word' id='word_1_179' title='bbox 295 1437 461 1487; x_wconf 80' lang='lat' dir='ltr'>parcius,</span> <span class='ocrx_word' id='word_1_180' title='bbox 483 1439 590 1488; x_wconf 89' lang='lat' dir='ltr'>quod</span> <span class='ocrx_word' id='word_1_181' title='bbox 612 1446 650 1477; x_wconf 91' lang='lat' dir='ltr'>te</span> <span class='ocrx_word' id='word_1_182' title='bbox 674 1438 728 1486; x_wconf 83' lang='lat' dir='ltr'>id,</span> <span class='ocrx_word' id='word_1_183' title='bbox 749 1439 858 1489; x_wconf 89' lang='lat' dir='ltr'>quod</span> <span class='ocrx_word' id='word_1_184' title='bbox 882 1438 965 1489; x_wconf 89' lang='lat' dir='ltr'>ipse</span> <span class='ocrx_word' id='word_1_185' title='bbox 993 1439 1164 1486; x_wconf 86' lang='lat' dir='ltr'>confido,</span> <span class='ocrx_word' id='word_1_186' title='bbox 1189 1452 1343 1490; x_wconf 88' lang='lat' dir='ltr'>sperare</span> <span class='ocrx_word' id='word_1_187' title='bbox 1363 1441 1478 1488; x_wconf 86' lang='lat' dir='ltr'>malo,</span> 
     </span>
    </p>

    <p class='ocr_par' dir='ltr' id='par_1_6' title="bbox 89 1503 577 1542">
     <span class='ocr_line' id='line_1_21' title="bbox 89 1503 577 1542; baseline 0.01 -5"><span class='ocrx_word' id='word_1_188' title='bbox 89 1516 127 1537; x_wconf 85' lang='lat'>20</span> <span class='ocrx_word' id='word_1_189' title='bbox 146 1507 184 1539; x_wconf 90' lang='lat' dir='ltr'>te</span> <span class='ocrx_word' id='word_1_190' title='bbox 204 1513 288 1539; x_wconf 91' lang='lat' dir='ltr'>esse</span> <span class='ocrx_word' id='word_1_191' title='bbox 309 1515 469 1541; x_wconf 89' lang='lat' dir='ltr'>usurum</span> <span class='ocrx_word' id='word_1_192' title='bbox 491 1503 577 1542; x_wconf 88' lang='lat' dir='ltr'>tuis.</span> 
     </span>
    </p>

    <p class='ocr_par' dir='ltr' id='par_1_7' title="bbox 146 1567 1524 1814">
     <span class='ocr_line' id='line_1_22' title="bbox 201 1567 1524 1617; baseline 0.004 -13"><span class='ocrx_word' id='word_1_193' title='bbox 201 1567 429 1606; x_wconf 89' lang='lat' dir='ltr'>Extremum</span> <span class='ocrx_word' id='word_1_194' title='bbox 459 1567 555 1607; x_wconf 89' lang='lat' dir='ltr'>illud</span> <span class='ocrx_word' id='word_1_195' title='bbox 585 1576 655 1616; x_wconf 78' lang='lat' dir='ltr'>est,</span> <span class='ocrx_word' id='word_1_196' title='bbox 685 1576 727 1607; x_wconf 88' lang='lat' dir='ltr'>ut</span> <span class='ocrx_word' id='word_1_197' title='bbox 757 1575 794 1607; x_wconf 90' lang='lat' dir='ltr'>te</span> <span class='ocrx_word' id='word_1_198' title='bbox 824 1582 932 1608; x_wconf 90' lang='lat' dir='ltr'>orem</span> <span class='ocrx_word' id='word_1_199' title='bbox 963 1576 1000 1608; x_wconf 93' lang='lat' dir='ltr'>et</span> <span class='ocrx_word' id='word_1_200' title='bbox 1030 1569 1247 1617; x_wconf 85' lang='lat' dir='ltr'>obsecrem,</span> <span class='ocrx_word' id='word_1_201' title='bbox 1277 1570 1409 1609; x_wconf 90' lang='lat' dir='ltr'>animo</span> <span class='ocrx_word' id='word_1_202' title='bbox 1439 1579 1481 1610; x_wconf 94' lang='lat' dir='ltr'>ut</span> <span class='ocrx_word' id='word_1_203' title='bbox 1501 1576 1524 1615; x_wconf 94' lang='lat'>7</span> 
     </span>
     <span class='ocr_line' id='line_1_23' title="bbox 146 1630 1481 1685; baseline 0.004 -16"><span class='ocrx_word' id='word_1_204' title='bbox 146 1630 317 1670; x_wconf 86' lang='lat' dir='ltr'>maximo</span> <span class='ocrx_word' id='word_1_205' title='bbox 345 1632 395 1670; x_wconf 91' lang='lat' dir='ltr'>sis</span> <span class='ocrx_word' id='word_1_206' title='bbox 420 1645 493 1671; x_wconf 88' lang='lat' dir='ltr'>nec</span> <span class='ocrx_word' id='word_1_207' title='bbox 518 1646 564 1672; x_wconf 88' lang='lat' dir='ltr'>ea</span> <span class='ocrx_word' id='word_1_208' title='bbox 587 1635 715 1672; x_wconf 86' lang='lat' dir='ltr'>solum</span> <span class='ocrx_word' id='word_1_209' title='bbox 746 1633 984 1681; x_wconf 84' lang='lat' dir='ltr'>memineris,</span> <span class='ocrx_word' id='word_1_210' title='bbox 1005 1647 1106 1684; x_wconf 87' lang='lat' dir='ltr'>quae</span> <span class='ocrx_word' id='word_1_211' title='bbox 1135 1635 1185 1673; x_wconf 89' lang='lat' dir='ltr'>ab</span> <span class='ocrx_word' id='word_1_212' title='bbox 1215 1634 1299 1673; x_wconf 88' lang='lat' dir='ltr'>aliis</span> <span class='ocrx_word' id='word_1_213' title='bbox 1330 1635 1481 1685; x_wconf 89' lang='lat' dir='ltr'>magnis</span> 
     </span>
     <span class='ocr_line' id='line_1_24' title="bbox 146 1696 1480 1750; baseline 0.004 -16"><span class='ocrx_word' id='word_1_214' title='bbox 146 1696 235 1735; x_wconf 90' lang='lat' dir='ltr'>viris</span> <span class='ocrx_word' id='word_1_215' title='bbox 264 1697 462 1748; x_wconf 86' lang='lat' dir='ltr'>accepisti,</span> <span class='ocrx_word' id='word_1_216' title='bbox 490 1699 560 1738; x_wconf 90' lang='lat' dir='ltr'>sed</span> <span class='ocrx_word' id='word_1_217' title='bbox 590 1698 655 1737; x_wconf 83' lang='lat' dir='ltr'>illa</span> <span class='ocrx_word' id='word_1_218' title='bbox 683 1698 815 1747; x_wconf 82' lang='lat' dir='ltr'>etiam,</span> <span class='ocrx_word' id='word_1_219' title='bbox 837 1712 938 1750; x_wconf 88' lang='lat' dir='ltr'>quae</span> <span class='ocrx_word' id='word_1_220' title='bbox 968 1699 1051 1749; x_wconf 90' lang='lat' dir='ltr'>ipse</span> <span class='ocrx_word' id='word_1_221' title='bbox 1081 1699 1239 1749; x_wconf 89' lang='lat' dir='ltr'>ingenio</span> <span class='ocrx_word' id='word_1_222' title='bbox 1269 1699 1480 1750; x_wconf 87' lang='lat' dir='ltr'>studioque</span> 
     </span>
     <span class='ocr_line' id='line_1_25' title="bbox 148 1761 1480 1814; baseline 0.003 -15"><span class='ocrx_word' id='word_1_223' title='bbox 148 1761 340 1812; x_wconf 84' lang='lat' dir='ltr'>peperisti.</span> <span class='ocrx_word' id='word_1_224' title='bbox 401 1764 514 1811; x_wconf 86' lang='lat' dir='ltr'>Quae</span> <span class='ocrx_word' id='word_1_225' title='bbox 548 1763 580 1802; x_wconf 91' lang='lat' dir='ltr'>si</span> <span class='ocrx_word' id='word_1_226' title='bbox 613 1763 797 1814; x_wconf 88' lang='lat' dir='ltr'>conliges,</span> <span class='ocrx_word' id='word_1_227' title='bbox 830 1772 867 1802; x_wconf 86' lang='lat' dir='ltr'>et</span> <span class='ocrx_word' id='word_1_228' title='bbox 897 1764 1070 1814; x_wconf 86' lang='lat' dir='ltr'>sperabis</span> <span class='ocrx_word' id='word_1_229' title='bbox 1100 1764 1233 1802; x_wconf 88' lang='lat' dir='ltr'>omnia</span> <span class='ocrx_word' id='word_1_230' title='bbox 1263 1764 1411 1814; x_wconf 88' lang='lat' dir='ltr'>optime</span> <span class='ocrx_word' id='word_1_231' title='bbox 1442 1773 1480 1803; x_wconf 88' lang='lat' dir='ltr'>et</span> 
     </span>
    </p>

    <p class='ocr_par' dir='ltr' id='par_1_8' title="bbox 91 1826 1480 2126">
     <span class='ocr_line' id='line_1_26' title="bbox 91 1826 1479 1878; baseline 0.003 -14"><span class='ocrx_word' id='word_1_232' title='bbox 91 1843 129 1874; x_wconf 88' lang='lat'>²5</span> <span class='ocrx_word' id='word_1_233' title='bbox 149 1839 250 1876; x_wconf 85' lang='lat' dir='ltr'>quae</span> <span class='ocrx_word' id='word_1_234' title='bbox 282 1826 474 1874; x_wconf 79' lang='lat' dir='ltr'>accident,</span> <span class='ocrx_word' id='word_1_235' title='bbox 509 1827 811 1878; x_wconf 86' lang='lat' dir='ltr'>qualiacumque</span> <span class='ocrx_word' id='word_1_236' title='bbox 849 1837 972 1875; x_wconf 89' lang='lat' dir='ltr'>erunt,</span> <span class='ocrx_word' id='word_1_237' title='bbox 1007 1828 1201 1878; x_wconf 88' lang='lat' dir='ltr'>sapienter</span> <span class='ocrx_word' id='word_1_238' title='bbox 1232 1830 1340 1868; x_wconf 85' lang='lat' dir='ltr'>fereS.</span> <span class='ocrx_word' id='word_1_239' title='bbox 1402 1831 1479 1868; x_wconf 87' lang='lat' dir='ltr'>Sed</span> 
     </span>
     <span class='ocr_line' id='line_1_27' title="bbox 148 1892 1480 1945; baseline 0.004 -16"><span class='ocrx_word' id='word_1_240' title='bbox 148 1892 246 1930; x_wconf 89' lang='lat' dir='ltr'>haec</span> <span class='ocrx_word' id='word_1_241' title='bbox 265 1899 306 1930; x_wconf 86' lang='lat' dir='ltr'>tu</span> <span class='ocrx_word' id='word_1_242' title='bbox 328 1892 466 1931; x_wconf 86' lang='lat' dir='ltr'>melius</span> <span class='ocrx_word' id='word_1_243' title='bbox 486 1895 547 1931; x_wconf 77' lang='lat' dir='ltr'>vel</span> <span class='ocrx_word' id='word_1_244' title='bbox 571 1893 719 1944; x_wconf 88' lang='lat' dir='ltr'>optime</span> <span class='ocrx_word' id='word_1_245' title='bbox 749 1893 925 1932; x_wconf 89' lang='lat' dir='ltr'>omniurn</span> <span class='ocrx_word' id='word_1_246' title='bbox 948 1909 954 1939; x_wconf 91' lang='lat'><strong>;</strong></span> <span class='ocrx_word' id='word_1_247' title='bbox 989 1908 1071 1945; x_wconf 88' lang='lat' dir='ltr'>ego,</span> <span class='ocrx_word' id='word_1_248' title='bbox 1096 1908 1196 1945; x_wconf 90' lang='lat' dir='ltr'>quae</span> <span class='ocrx_word' id='word_1_249' title='bbox 1217 1894 1409 1945; x_wconf 89' lang='lat' dir='ltr'>pertinere</span> <span class='ocrx_word' id='word_1_250' title='bbox 1428 1896 1480 1934; x_wconf 86' lang='lat' dir='ltr'>ad</span> 
     </span>
     <span class='ocr_line' id='line_1_28' title="bbox 148 1953 1479 2010; baseline 0.003 -16"><span class='ocrx_word' id='word_1_251' title='bbox 148 1963 184 1994; x_wconf 87' lang='lat' dir='ltr'>te</span> <span class='ocrx_word' id='word_1_252' title='bbox 205 1955 440 2006; x_wconf 86' lang='lat' dir='ltr'>intellegam,</span> <span class='ocrx_word' id='word_1_253' title='bbox 463 1957 748 1996; x_wconf 88' lang='lat' dir='ltr'>studiosissime</span> <span class='ocrx_word' id='word_1_254' title='bbox 775 1953 908 1997; x_wconf 87' lang='lat' dir='ltr'>omnia</span> <span class='ocrx_word' id='word_1_255' title='bbox 932 1958 1308 2010; x_wconf 89' lang='lat' dir='ltr'>diligentissimeque</span> <span class='ocrx_word' id='word_1_256' title='bbox 1332 1960 1479 1998; x_wconf 87' lang='lat' dir='ltr'>curabo</span> 
     </span>
     <span class='ocr_line' id='line_1_29' title="bbox 145 2020 1478 2075; baseline 0.004 -17"><span class='ocrx_word' id='word_1_257' title='bbox 145 2027 382 2071; x_wconf 85' lang='lat' dir='ltr'>tuorumque</span> <span class='ocrx_word' id='word_1_258' title='bbox 420 2020 639 2061; x_wconf 88' lang='lat' dir='ltr'>tristissimo</span> <span class='ocrx_word' id='word_1_259' title='bbox 679 2036 768 2061; x_wconf 91' lang='lat' dir='ltr'>meo</span> <span class='ocrx_word' id='word_1_260' title='bbox 807 2031 983 2075; x_wconf 89' lang='lat' dir='ltr'>tempore</span> <span class='ocrx_word' id='word_1_261' title='bbox 1022 2024 1248 2064; x_wconf 88' lang='lat' dir='ltr'>meritorum</span> <span class='ocrx_word' id='word_1_262' title='bbox 1288 2038 1377 2074; x_wconf 89' lang='lat' dir='ltr'>erga</span> <span class='ocrx_word' id='word_1_263' title='bbox 1416 2039 1478 2063; x_wconf 83' lang='lat' dir='ltr'>me</span> 
     </span>
     <span class='ocr_line' id='line_1_30' title="bbox 146 2085 657 2126; baseline 0.008 -4"><span class='ocrx_word' id='word_1_264' title='bbox 146 2085 375 2124; x_wconf 88' lang='lat' dir='ltr'>memoriam</span> <span class='ocrx_word' id='word_1_265' title='bbox 405 2088 657 2126; x_wconf 85' lang='lat' dir='ltr'>conservabo.</span> 
     </span>
    </p>
   </div>
   <div class='ocr_carea' id='block_1_3' title="bbox 148 2188 1478 2318">
    <p class='ocr_par' dir='ltr' id='par_1_9' title="bbox 148 2188 1478 2318">
     <span class='ocr_line' id='line_1_31' title="bbox 190 2188 1478 2233; baseline 0.005 -16"><span class='ocrx_word' id='word_1_266' title='bbox 190 2190 212 2218; x_wconf 88' lang='lat'>6</span> <span class='ocrx_word' id='word_1_267' title='bbox 235 2188 359 2229; x_wconf 88' lang='lat' dir='ltr'>possit]</span> <span class='ocrx_word' id='word_1_268' title='bbox 389 2189 465 2229; x_wconf 87' lang='lat' dir='ltr'>plus</span> <span class='ocrx_word' id='word_1_269' title='bbox 490 2190 556 2220; x_wconf 91' lang='lat' dir='ltr'>iam</span> <span class='ocrx_word' id='word_1_270' title='bbox 580 2191 687 2230; x_wconf 89' lang='lat' dir='ltr'>possit</span> <span class='ocrx_word' id='word_1_271' title='bbox 717 2190 926 2233; x_wconf 76' lang='lat' dir='ltr'>Wesenberg:</span> <span class='ocrx_word' id='word_1_272' title='bbox 949 2192 1030 2232; x_wconf 78' lang='lat' dir='ltr'>fort.</span> <span class='ocrx_word' id='word_1_273' title='bbox 1057 2197 1176 2232; x_wconf 87' lang='lat' dir='ltr'>postea</span> <span class='ocrx_word' id='word_1_274' title='bbox 1206 2192 1344 2223; x_wconf 85' lang='lat' dir='ltr'>multum</span> <span class='ocrx_word' id='word_1_275' title='bbox 1371 2193 1478 2232; x_wconf 87' lang='lat' dir='ltr'>possit</span> 
     </span>
     <span class='ocr_line' id='line_1_32' title="bbox 148 2231 1474 2276; baseline 0.005 -15"><span class='ocrx_word' id='word_1_276' title='bbox 148 2242 165 2271; x_wconf 89' lang='lat'>7</span> <span class='ocrx_word' id='word_1_277' title='bbox 191 2242 211 2262; x_wconf 85' lang='lat' dir='ltr'>a</span> <span class='ocrx_word' id='word_1_278' title='bbox 231 2231 306 2263; x_wconf 82' lang='lat' dir='ltr'>add.</span> <span class='ocrx_word' id='word_1_279' title='bbox 327 2232 444 2264; x_wconf 82' lang='lat' dir='ltr'>Lamb.</span> <span class='ocrx_word' id='word_1_280' title='bbox 584 2244 620 2264; x_wconf 88' lang='lat'>12</span> <span class='ocrx_word' id='word_1_281' title='bbox 647 2235 753 2274; x_wconf 86' lang='lat' dir='ltr'>ipsius</span> <span class='ocrx_word' id='word_1_282' title='bbox 774 2244 827 2265; x_wconf 87' lang='lat' dir='ltr'>me</span> <span class='ocrx_word' id='word_1_283' title='bbox 845 2234 963 2267; x_wconf 88' lang='lat' dir='ltr'>Lamb.</span> <span class='ocrx_word' id='word_1_284' title='bbox 1102 2245 1141 2276; x_wconf 90' lang='lat'>14</span> <span class='ocrx_word' id='word_1_285' title='bbox 1165 2236 1333 2276; x_wconf 82' lang='lat' dir='ltr'>perveniri</span> <span class='ocrx_word' id='word_1_286' title='bbox 1354 2236 1474 2267; x_wconf 84' lang='lat' dir='ltr'>Lamb.</span> 
     </span>
     <span class='ocr_line' id='line_1_33' title="bbox 149 2275 498 2318; baseline 0.006 -12"><span class='ocrx_word' id='word_1_287' title='bbox 149 2285 190 2314; x_wconf 81' lang='lat'>24</span> <span class='ocrx_word' id='word_1_288' title='bbox 214 2275 341 2315; x_wconf 85' lang='lat' dir='ltr'>optima</span> <span class='ocrx_word' id='word_1_289' title='bbox 359 2275 498 2318; x_wconf 80' lang='lat' dir='ltr'>Madvig</span> 
     </span>
    </p>
   </div>
  </div>
 </body>
</html>
