1791 2796
571 139 683 176 EPP.
715 140 793 177 Al)
824 140 1170 179 FAMILIARES
1465 142 1536 180 VI.
1559 141 1637 179 viii

205 263 228 287 a
252 257 288 288 te
313 248 408 289 mihi
435 250 610 289 redditae
639 259 740 297 sunt,
767 251 911 302 quibus
937 265 960 290 a
987 265 1050 291 me
1079 252 1288 292 consilium
1316 253 1415 304 petis
1442 253 1537 305 quid

205 313 278 352 sim
313 315 382 354 tibi
413 324 559 364 auctor,
593 316 632 355 in
665 316 847 356 Siciliane
886 317 1066 358 subsidas
1104 332 1155 357 an
1194 327 1237 358 ut
1274 320 1325 359 ad
1357 319 1537 370 reliquias

205 379 401 419 Asiaticae
432 381 706 431 negotiationis
741 382 997 433 proficiscare.
1060 385 1173 422 Haec
1208 392 1275 423 tua
1307 384 1536 424 deliberatio

205 459 285 484 non
306 445 403 484 mihi
423 447 632 487 convenire
653 447 733 486 visa
754 456 811 487 est
836 462 926 487 cum
954 448 1131 488 oratione
1153 450 1277 501 Largi.
1339 451 1411 489 Ille
1431 449 1535 489 enim

167 523 184 554 5
204 524 372 558 mecum,
396 511 506 562 quasi
534 512 604 551 tibi
631 527 711 552 non
739 513 871 553 liceret
897 513 936 552 in
965 514 1096 553 Sicilia
1122 514 1268 554 diutius
1290 515 1534 561 commorari,

203 575 256 615 ita
276 578 430 616 locutus
451 585 541 625 erat,
566 586 606 617 tu
626 586 770 626 autem,
789 579 899 630 quasi
921 593 1154 619 concessum
1176 580 1235 628 sit,
1258 580 1311 619 ita
1331 581 1533 620 deliberas.

203 643 281 681 Sed
315 656 398 693 ego,
433 642 513 683 sive
551 645 628 683 hoc
666 644 746 683 sive
785 645 882 684 illud
916 653 984 693 est,
1021 645 1060 684 in
1093 635 1224 684 Sicilia
1255 660 1398 685 censeo
1432 661 1536 686 com-

203 709 448 747 morandum.
527 709 802 760 Propinquitas
840 711 1018 749 locorum
1056 713 1116 749 vel
1154 713 1206 750 ad
1244 711 1534 762 impetrandum

202 773 361 812 adiuvat
390 774 533 812 crebris
563 775 697 813 litteris
724 783 762 815 et
788 775 935 814 nuntiis
956 777 1016 815 vel
1040 777 1090 815 ad
1121 776 1267 815 reditus
1298 778 1533 816 celeritatem

146 853 183 876 10
203 851 242 877 re
271 847 338 877 aut
368 839 582 889 impetrata,
612 841 720 891 quod
750 854 873 891 spero,
906 849 973 880 aut
1002 841 1133 892 aliqua
1162 842 1312 881 ratione
1342 844 1531 882 confecta.

203 905 334 953 Quam
355 905 407 944 ob
429 919 508 944 rem
531 919 674 945 censeo
695 919 839 957 magno
860 920 977 958 opere
998 909 1338 948 commorandum.

255 971 300 1008 T.
326 971 510 1010 Furfanio
532 973 733 1020 Postumo,
756 971 934 1011 familiari
960 986 1059 1020 meo,
1084 973 1299 1024 legatisque
1323 973 1416 1022 eius,
1441 974 1533 1014 item
1555 978 1577 1014 3

202 1035 298 1074 meis
319 1036 583 1085 familiaribus,
607 1036 903 1088 diligentissime
925 1046 962 1077 te
983 1040 1286 1086 commendabo,
1311 1053 1401 1078 cum
1422 1054 1536 1079 vene-

201 1101 285 1140 rint.
347 1103 467 1140 Erant
488 1102 593 1141 enim
615 1116 753 1142 omnes
775 1103 965 1143 Mutinae.
1025 1104 1108 1143 Viri
1130 1113 1220 1144 sunt
1245 1105 1384 1156 optimi
1411 1113 1449 1145 et
1478 1106 1533 1145 tui

143 1178 181 1211 15
201 1167 387 1206 similium
414 1168 578 1207 studiosi
605 1177 643 1207 et
673 1168 749 1208 mei
779 1169 996 1209 necessarii.
1058 1171 1172 1219 Quae
1199 1171 1294 1209 mihi
1315 1171 1473 1211 venient
1494 1172 1533 1210 in

201 1241 374 1272 mentem
409 1247 509 1284 quae
543 1235 593 1272 ad
628 1241 665 1272 te
698 1234 890 1285 pertinere
928 1234 1154 1283 arbitrabor,
1188 1250 1235 1275 ea
1268 1250 1357 1275 mea
1394 1245 1533 1287 sponte

201 1298 368 1347 faciamg
398 1298 429 1338 si
450 1299 546 1349 quid
570 1298 768 1349 ignorabo,
793 1301 842 1338 de
869 1314 916 1338 eo
943 1300 1169 1339 admonitus
1199 1301 1378 1341 omnium
1405 1302 1534 1342 studia

200 1364 364 1403 vincam.
426 1366 510 1415 Ego
531 1364 602 1403 etsi
629 1378 761 1404 coram
788 1366 837 1404 de
865 1373 902 1404 te
929 1380 1018 1404 cum
1043 1366 1227 1406 Furfanio
1248 1367 1301 1406 ita
1320 1369 1467 1418 loquar,
1490 1376 1533 1407 ut

201 1430 271 1469 tibi
292 1429 426 1469 litteris
447 1429 544 1469 meis
563 1431 613 1469 ad
635 1444 724 1469 eum
750 1430 845 1469 nihil
873 1445 971 1481 opus
999 1431 1058 1479 sit,
1081 1439 1223 1479 tamen,
1248 1432 1434 1483 quoniam
1457 1433 1532 1472 tuis

140 1509 181 1532 20
200 1495 346 1546 placuit
370 1502 408 1534 te
431 1495 575 1534 habere
603 1509 708 1534 meas
736 1495 891 1543 litteras,
915 1510 1011 1546 quas
1039 1496 1073 1535 ei
1098 1498 1292 1545 redderes,
1315 1512 1465 1537 morem
1486 1499 1532 1537 iis

199 1560 309 1612 gessi.
370 1562 515 1600 Earum
536 1559 749 1599 litterarum
769 1562 992 1612 exemplum
1014 1560 1113 1601 infra
1132 1562 1319 1613 scripturn
1341 1571 1410 1603 est.

242 1724 310 1759 IX
533 1727 603 1758 Scr.
625 1726 753 1758 Romae
768 1727 810 1758 t'n.
832 1738 876 1758 m,
896 1726 969 1759 Dec.
991 1739 1020 1759 a.
1044 1730 1104 1768 708
1121 1728 1208 1769 (4⁶)-

432 1847 436 1849 Δ
460 1804 503 1836 Μ.
532 1804 705 1836 CICERO
736 1804 974 1836 FVRFANIO
1000 1805 1198 1837 PROCOS.
1228 1806 1262 1837 S.

253 1884 354 1922 Cum
386 1884 432 1921 A.
466 1882 638 1923 Caecina
667 1890 774 1920 tanta
803 1882 898 1921 milii
933 1882 1172 1922 familiaritas
1202 1885 1528 1936 consuetudoque
1548 1897 1564 1923 1

141 1955 178 1986 25
198 1962 351 1999 semper
371 1948 453 1995 fuit,
476 1956 518 1986 ut
544 1949 651 1986 nulla
678 1946 800 1986 maior
827 1961 911 1986 esse
941 1947 1087 1997 possit3
1126 1962 1217 1987 nam
1242 1957 1280 1988 et
1304 1957 1411 2000 patre
1431 1949 1525 1997 eiuS,

197 2015 301 2053 claro
336 2013 496 2053 homine
528 2021 566 2052 et
605 2013 691 2052 forti
722 2012 813 2059 viro,
848 2012 1058 2063 plurimum
1092 2014 1150 2052 usi
1180 2028 1315 2053 sumus
1350 2023 1387 2054 et
1422 2016 1527 2053 hune

196 2094 218 2118 a
252 2094 384 2130 puero,
419 2081 527 2131 quod
559 2088 596 2118 et
628 2093 738 2130 spem
774 2093 956 2129 magnam
989 2079 1083 2118 mihi
1117 2081 1318 2119 adferebat
1350 2095 1527 2120 summae

196 2145 399 2195 probitatis
430 2159 685 2196 summaeque
720 2144 968 2196 eloquentiae
999 2153 1037 2183 et
1066 2144 1220 2184 vivebat
1251 2160 1406 2184 mecum
1437 2161 1526 2186 con-

196 2210 438 2250 iunctissime
468 2225 547 2250 non
582 2213 709 2250 solum
740 2211 876 2250 officiis
909 2210 1103 2250 amicitiae
1137 2212 1206 2250 sed
1237 2211 1353 2250 etiam
1387 2211 1525 2250 studiis

240 2325 259 2344 2
285 2320 320 2345 ut
337 2315 491 2347 subsidas
508 2315 622 2346 Baz'lcr
727 2327 748 2355 9
772 2316 940 2348 adiuvabit
958 2316 1089 2347 Erncstz'
1195 2317 1237 2346 26
1261 2316 1310 2347 usi
1330 2326 1445 2347 sumus
1465 2317 1526 2348 GR

197 2357 424 2390 illendclssolm
440 2370 446 2389 :
470 2369 586 2390 sumus
604 2360 663 2390 M:
688 2370 759 2391 sum
779 2371 859 2391 usus
876 2364 923 2400 (ε
942 2360 1088 2401 sumVS)
1104 2360 1262 2391 Bz'iclrcler
1356 2360 1459 2401 hunc]
1478 2361 1529 2391 ln'c

196 2402 306 2443 incipit
309 2403 435 2442 solium
449 2404 653 2445 palimpsesti
672 2403 701 2434 T
698 2405 882 2436 ‹turinensis-
900 2404 958 2445 (T)
