1791 2796
111 134 158 171 X.
178 133 304 171 xxxii
628 135 683 172 M.
716 135 884 172 TVLLI
917 134 1226 174 CICERONIS

260 245 410 296 lapides
441 253 531 284 sunt
560 245 600 284 in
628 259 730 294 eum,
760 260 850 285 cum
880 246 1121 297 abriperetur
1152 245 1327 297 Fadius),
1355 245 1500 286 deinde
1529 247 1593 285 ab·

259 319 445 350 stractum
473 310 625 350 defodit
652 310 691 349 in
719 312 814 350 ludo
844 319 882 350 et
908 311 1039 350 vivum
1065 311 1293 358 combussit,
1317 325 1407 350 cum
1431 311 1592 362 quidem

259 390 423 428 pransus
455 376 572 416 nudis
604 376 784 426 pedibus,
815 376 947 416 tunica
979 378 1115 424 soluta,
1147 376 1329 416 manibus
1360 378 1411 416 ad
1443 384 1592 427 tergum

259 441 410 481 reiectis
438 441 699 481 inambularet
726 450 764 481 et
791 441 845 480 illi
877 441 1019 481 misero
1046 441 1269 492 quiritanti:
1307 443 1373 482 ‘C.
1403 444 1449 480 R.
1479 450 1594 480 natus

258 509 367 546 sum’
406 508 684 558 responderet:
737 506 839 546 ‘Abi
882 521 999 555 nunc,
1041 507 1175 558 populi
1220 508 1339 547 fidem
1381 507 1631 558 implora'35

258 572 393 612 bestiis
426 586 518 612 vero
557 572 651 611 civis
685 574 900 619 Romanos,
933 572 972 611 in
1007 572 1053 611 iis
1087 572 1357 612 circulatorem
1393 574 1592 623 quendam

258 638 500 685 auctionum,
537 637 787 677 notissimum
827 637 1030 677 hominem
1072 637 1240 689 Hispali,
1277 637 1369 689 quia
1407 638 1594 677 deformis

258 711 350 750 erat,
373 703 528 743 obiecit.
572 705 693 743 -Cum
719 703 883 743 huiusce
909 703 1018 743 modi
1039 711 1222 755 portento
1247 717 1307 742 res
1333 702 1428 742 mihi
1455 703 1537 742 suit.

213 776 237 813 4
312 770 390 808 Sed
420 770 470 808 de
500 769 567 808 illo
594 770 705 820 plura
731 782 889 815 coram;
920 783 1036 816 nunc,
1064 770 1172 820 quod
1200 776 1380 819 praestat,
1403 768 1499 820 quid
1530 783 1592 808 me

257 834 382 874 velitis
430 836 556 874 facere
605 834 842 874 constituite.
912 834 1000 873 Tris
1047 834 1222 885 legiones
1271 835 1401 880 sirmas
1449 835 1589 880 habeo,
1615 850 1653 872 ιο

257 913 421 950 quarum
454 914 586 947 unam,
621 912 769 947 xxvin,
803 913 894 939 cum
933 901 983 939 ad
1022 914 1063 939 se
1096 899 1211 939 initio
1243 899 1335 938 belli
1370 899 1591 939 arcessisset

257 965 454 1005 Antonius
500 967 571 1004 hac
611 965 905 1016 pollicitatione,
946 979 1026 1016 quo
1064 965 1129 1004 die
1168 964 1206 1003 in
1246 972 1371 1003 castra
1409 964 1589 1011 venisset,

256 1030 438 1070 denarios
470 1030 690 1081 quingenos
722 1030 882 1080 singulis
915 1030 1104 1069 militibus
1136 1031 1330 1077 daturum,
1362 1029 1401 1068 in
1431 1029 1592 1069 victoria

255 1110 347 1135 vero
385 1097 524 1135 eadem
565 1095 738 1146 praemia
772 1110 873 1146 quae
912 1095 991 1134 suis
1029 1095 1250 1146 legionibus
1285 1095 1469 1145 (quorum
1505 1095 1592 1146 quis

256 1163 374 1199 ullam
406 1162 525 1200 finem
556 1169 622 1200 aut
650 1162 814 1200 modum
843 1162 1016 1199 futurum
1044 1160 1198 1211 putabit
1211 1160 1254 1211 ?),
1280 1159 1589 1200 incitatissimam
1616 1177 1652 1208 ¹5

255 1226 396 1265 retinui
420 1240 533 1277 aegre
558 1240 620 1265 me
646 1227 834 1273 hercules,
865 1240 937 1265 nec
964 1225 1222 1272 retinuissem,
1253 1225 1283 1264 si
1309 1240 1389 1265 uno
1414 1227 1503 1265 loco
1529 1228 1592 1265 ha-

255 1292 439 1339 buissem,
459 1300 596 1344 utpote
621 1306 711 1331 cum
734 1292 908 1343 singulae
930 1293 1125 1343 quaedam
1147 1293 1329 1331 cohortes
1354 1291 1590 1331 seditionem

256 1357 428 1397 fecerint.
499 1357 688 1409 Reliquas
727 1372 886 1409 quoque
930 1357 1103 1408 legiones
1146 1371 1226 1397 non
1269 1356 1418 1397 destitit
1457 1357 1591 1396 litteris

256 1432 375 1474 atque
409 1423 570 1462 infinitis
604 1423 953 1475 pollicitationibus
988 1422 1159 1462 incitare.
1218 1424 1304 1462 Nec
1335 1436 1427 1462 vero
1462 1422 1591 1461 minus

258 1489 432 1540 Lepidus
454 1489 549 1528 ursit
571 1503 632 1528 me
653 1498 691 1528 et
712 1489 791 1527 suis
818 1496 855 1528 et
877 1488 1027 1528 Antoni
1054 1488 1189 1527 litteris
1213 1496 1256 1527 ut
1279 1487 1475 1539 legionem
1501 1500 1589 1526 xxx
1612 1503 1651 1523 20

214 1567 238 1605 5
259 1555 451 1595 mitterem
473 1555 557 1594 sibi.
620 1557 759 1605 Itaque
787 1568 906 1604 quem
928 1553 1139 1594 exercitum
1162 1567 1291 1604 neque
1312 1555 1481 1593 vendere
1502 1553 1590 1592 ullis

258 1620 439 1672 praemiis
466 1611 571 1660 volui
602 1635 675 1660 nec
705 1634 842 1660 eorum
870 1620 1132 1671 periculorum
1163 1627 1282 1666 metu,
1313 1633 1413 1669 quae
1440 1618 1590 1658 victori-

258 1688 331 1726 bus
375 1687 448 1725 illis
491 1687 840 1738 portendebantur,
880 1686 1120 1732 deminuere,
1168 1684 1321 1724 debetis
1370 1683 1590 1722 existimare

258 1761 452 1793 retentum
474 1761 512 1792 et
533 1760 807 1792 conservatum
829 1751 881 1792 rei
903 1766 938 1803 p.
962 1766 1047 1791 esse
1068 1759 1186 1801 atque
1207 1750 1448 1795 ita'credere‚
1467 1750 1591 1799 quod-

258 1833 429 1871 cumque
459 1818 732 1870 imperassetis,
756 1820 949 1857 facturum
972 1817 1099 1865 fuisse,
1123 1816 1154 1856 si
1182 1817 1290 1866 quod
1315 1814 1479 1854 iussistis
1503 1814 1586 1854 feci.
1613 1827 1649 1859 25

259 1886 361 1923 Nam
393 1893 430 1924 et
457 1884 698 1935 provinciam
731 1884 769 1922 in
800 1884 882 1923 otio
912 1892 949 1923 et
974 1882 1185 1932 exercitum
1214 1881 1253 1919 in
1285 1894 1372 1919 mea
1397 1880 1590 1931 potestate

258 1950 375 1996 tenui,
412 1950 554 1989 finibus
594 1964 704 1989 meae
739 1949 962 2001 provinciae
1002 1961 1196 1998 nusquam
1231 1945 1388 1992 excessi,
1426 1945 1589 1983 militem

258 2029 336 2054 non
378 2017 498 2054 modo
538 2015 794 2065 legionarium
823 2017 891 2055 sed
924 2029 972 2054 ne
1002 2012 1244 2053 auxiliarium
1274 2011 1436 2062 quidem
1467 2012 1589 2049 ullum

257 2094 457 2131 quoquam
490 2080 576 2119 misi
607 2089 654 2128 et,
685 2081 715 2119 si
751 2095 850 2131 quos
881 2079 1032 2130 equites
1062 2077 1291 2118 decedentis
1321 2084 1458 2116 nactus
1488 2089 1585 2122 sum,

258 2145 451 2197 supplicio
489 2146 626 2185 adfeci.
690 2148 867 2195 Quarum
904 2158 1031 2184 rerum
1062 2145 1231 2183 fructum
1271 2142 1362 2181 satis
1402 2154 1586 2191 magnum
1609 2154 1648 2184 30

257 2226 297 2251 re
318 2225 352 2262 p.
372 2213 477 2250 salva
498 2211 631 2251 tulisse
654 2225 715 2250 me
737 2212 909 2261 putabo;
944 2211 1013 2250 sed
1035 2223 1094 2249 res
1114 2223 1150 2260 p.
1170 2208 1200 2247 si
1222 2221 1285 2247 me
1305 2207 1396 2246 satis
1417 2205 1589 2245 novisset

258 2286 296 2317 et
336 2277 458 2317 maior
496 2291 583 2328 pars
627 2284 795 2322 senatus,
838 2275 1003 2314 maiores
1047 2289 1093 2313 ex
1137 2287 1200 2312 me
1240 2274 1387 2311 fructus
1426 2270 1586 2309 tulisset.

302 2391 320 2420 4
346 2382 383 2413 C.
409 2382 449 2412 R.
480 2386 578 2412 natus
603 2390 675 2411 sum
701 2378 758 2411 del.
783 2379 886 2418 chyn
1016 2388 1038 2416 9
1062 2375 1227 2417 praestat]
1253 2379 1358 2406 restat
1381 2377 1450 2404 vell.
1472 2371 1595 2404 Mallcr

262 2435 300 2465 13
325 2435 361 2456 se
377 2426 568 2465 quingenos
584 2424 727 2464 singulis
743 2422 863 2454 Lamb.
999 2432 1039 2459 24
1065 2421 1203 2452 credere
1222 2429 1273 2450 me
1295 2416 1484 2458 Wesenberg
