1791 2796
586 123 698 161 EPP.
731 124 808 160 ΑῘ)
840 122 1190 160 FAMILIARES
1496 119 1596 158 1.vi

214 233 469 284 cogitationes
503 241 541 272 et
570 233 818 272 inimicorum
850 242 888 273 et
912 233 1156 285 proditorum
1185 240 1351 271 tuorum.
1413 231 1543 270 Facile
1563 241 1587 268 2

214 300 389 338 secundo
409 300 498 337 loco
523 312 586 337 me
610 300 836 337 consolatur
861 297 1080 337 recordatio
1108 311 1284 336 meorum
1306 304 1540 347 temporum,

213 377 380 414 quorum
411 362 622 413 imaginem
652 363 768 402 video
807 363 846 402 in
881 364 997 402 rebus
1030 362 1106 401 tuis
1123 377 1131 409 3
1170 376 1261 400 nam
1289 361 1360 401 etsi
1393 361 1544 400 minore

214 428 252 466 in
287 442 327 467 re
358 427 523 467 violatur
547 436 614 467 tua
638 428 806 478 dignitas
831 442 950 479 quam
981 442 1068 466 mea
1097 427 1302 474 adflictast,
1326 435 1458 465 tamen
1485 432 1551 465 est‘

175 508 192 540 5
214 501 321 532 tanta
352 493 579 541 similitudo,
612 501 653 532 ut
687 508 840 544 sperem
872 501 910 532 te
944 493 1039 531 mihi
1074 493 1286 543 ignoscere,
1321 491 1351 530 si
1384 506 1429 530 ea
1463 505 1543 530 non

213 558 419 606 timuerim,
453 572 555 609 quae
593 573 643 598 ne
678 567 718 597 tu
753 559 913 609 quidem
949 572 1137 609 umquam
1177 558 1354 596 timenda
1386 556 1541 596 duxisti.

213 625 290 663 Sed
318 631 470 674 praesta
494 632 531 662 te
559 638 661 671 eum,
684 623 751 674 qui
779 624 874 662 mihi
898 627 944 661 ‘a
972 623 1137 670 teneris‚’
1159 630 1200 661 ut
1225 622 1365 661 Graeci
1392 622 1541 669 dicunt,

216 688 484 739 ‘unguiculis'
524 704 564 728 es
607 689 810 740 cognitus,
859 688 1090 735 inlustrabit,
1132 688 1227 726 mihi
1266 689 1393 734 crede,
1435 695 1543 725 tuam

212 753 514 805 amplitudinem
546 754 753 793 hominum
783 753 931 792 iniuria.
996 756 1033 792 A
1060 767 1122 792 me
1154 752 1288 792 omnia
1319 766 1474 791 summa
1503 751 1543 790 in

156 835 195 857 ιο
214 826 251 857 te
272 818 401 858 studia
421 818 627 870 officiaque
648 827 830 870 exspecta
844 833 855 868 ;
884 833 964 858 non
986 820 1116 857 fallam
1138 817 1368 869 opinionem
1390 825 1509 856 tuam.

256 991 347 1026 VII
456 994 524 1026 Scr.
545 994 675 1026 Romae
690 999 820 1026 eat-eunte
837 1005 945 1026 mense
961 994 1077 1034 Quint.
1094 1004 1124 1025 α.
1146 994 1209 1034 698
1226 992 1308 1033 (56).

416 1071 463 1104 Μ.
492 1072 662 1104 CICERO
685 1073 721 1104 5.
749 1073 793 1104 D.
820 1073 858 1104 Ρ.
887 1071 1111 1103 LENTVLO
1134 1069 1332 1102 PROCOS.
1384 1105 1387 1109 ι

268 1150 362 1201 Legi
383 1158 468 1189 tuas
495 1151 650 1198 litteras,
674 1151 817 1201 quibus
844 1152 894 1190 ad
923 1164 986 1189 me
1013 1149 1149 1188 scribis
1175 1156 1328 1199 gratum
1350 1147 1419 1186 tibi
1445 1161 1540 1194 esse,
1563 1159 1579 1185 1

213 1217 322 1266 quod
343 1217 480 1255 crebro
504 1217 644 1255 certior
663 1230 731 1266 per
753 1231 814 1255 me
839 1218 908 1254 fias
929 1217 979 1255 de
1004 1215 1189 1254 omnibus
1217 1215 1332 1253 rebus
1355 1221 1392 1252 et
1414 1227 1542 1252 meam

155 1296 192 1327 15
214 1295 302 1332 erga
333 1289 370 1319 te
406 1281 720 1320 benevolentiam
755 1281 867 1320 facile
901 1280 1113 1332 perspicias
1128 1295 1138 1328 3
1176 1293 1343 1329 quorum
1378 1280 1542 1317 alterum

213 1346 319 1393 mihi,
342 1354 383 1385 ut
409 1354 446 1385 te
470 1346 681 1397 plurimum
707 1346 876 1397 diligam,
900 1347 1026 1384 facere
1055 1358 1216 1383 necesse
1243 1351 1312 1390 est,
1339 1343 1369 1381 si
1394 1345 1484 1382 volo
1511 1343 1542 1381 is

212 1426 307 1459 esse,
335 1426 453 1462 quem
481 1420 521 1450 tu
550 1426 612 1451 me
640 1426 724 1450 esse
751 1411 931 1459 voluisti,
964 1413 1128 1449 alterum
1159 1409 1259 1448 facio
1287 1409 1463 1456 libenter,
1487 1417 1539 1456 ut,

212 1474 399 1525 quoniam
434 1475 637 1514 intervallo
669 1477 845 1514 locorum
878 1482 916 1513 et
946 1482 1166 1525 temporum
1198 1473 1363 1512 diiuncti
1393 1487 1538 1519 sumus,

212 1554 280 1590 per
312 1539 457 1579 litteras
492 1549 622 1579 tecum
655 1555 773 1591 quam
808 1539 1034 1590 saepissime
1069 1540 1295 1589 conloquar.
1356 1539 1476 1587 Quod
1511 1537 1541 1575 si

155 1618 193 1639 20
212 1606 331 1644 rarius
366 1607 431 1645 fiet
466 1620 585 1656 quam
616 1614 657 1645 tu
687 1605 942 1657 exspectabis,
972 1605 1011 1644 id
1042 1604 1111 1643 erit
1143 1617 1295 1650 causae,
1322 1604 1430 1653 quod
1460 1616 1541 1640 non

211 1670 294 1710 eius
315 1671 465 1722 generis
491 1686 601 1711 meae
626 1672 776 1710 litterae
801 1678 901 1717 sunt,
926 1678 967 1709 ut
988 1684 1053 1709 eas
1079 1670 1247 1708 audeam
1270 1676 1415 1706 temere
1437 1681 1542 1706 com-

212 1736 363 1776 mittere
382 1752 391 1785 3
431 1737 613 1787 quotiens
648 1736 743 1774 mihi
779 1744 972 1774 certorum
1008 1734 1214 1773 hominum
1250 1740 1422 1784 potestas
1457 1732 1538 1779 erit,

212 1801 354 1851 quibus
379 1810 482 1841 recte
507 1804 611 1850 dem,
634 1816 714 1840 non
739 1801 1056 1851 praetermittam.

268 1869 388 1915 Quod
418 1867 515 1906 scire
544 1867 611 1915 vis,
641 1881 718 1917 qua
747 1866 914 1917 quisque
942 1866 983 1904 in
1010 1874 1048 1904 te
1079 1867 1157 1905 fide
1186 1866 1235 1904 sit
1262 1874 1300 1905 et
1326 1867 1537 1913 voluntate,
1560 1879 1584 1906 2

154 1944 192 1975 25
213 1932 369 1971 difficile
390 1933 497 1971 dictu
519 1941 575 1971 est
597 1934 646 1971 de
667 1932 826 1983 singulis
844 1947 852 1979 3
878 1945 1001 1970 unum
1024 1931 1119 1971 illud
1139 1933 1280 1979 audeo,
1296 1933 1405 1982 quod
1424 1939 1541 1970 antea

212 1996 280 2035 tibi
306 2011 421 2047 saepe
451 1997 675 2048 significavi,
703 2011 807 2036 nunc
835 2011 993 2047 quoque
1023 2011 1063 2035 re
1087 2006 1292 2048 perspecta
1322 2005 1359 2035 et
1383 1997 1540 2047 cognita

210 2063 388 2110 scribere,
428 2064 681 2102 vehementer
719 2063 914 2113 quosdam
955 2062 1135 2101 homines
1175 2071 1212 2101 et
1251 2076 1318 2100 eos
1358 2061 1536 2108 maxime,

210 2128 276 2178 qui
298 2136 334 2167 te
359 2136 396 2167 et
423 2128 591 2166 maxime
611 2129 833 2167 debuerunt
860 2136 898 2166 et
924 2127 1136 2178 plurimum
1162 2127 1292 2166 iuvare
1313 2134 1535 2177 potuerunt,

210 2192 393 2232 invidisse
425 2193 603 2244 dignitati
637 2201 737 2240 tuae,
774 2192 1092 2242 simillimamque
1127 2193 1165 2231 in
1201 2207 1240 2231 re
1271 2192 1449 2231 dissimili
1483 2191 1537 2230 tui

252 2308 270 2335 4
299 2297 387 2338 mea]
414 2308 489 2328 mea
513 2297 602 2328 salus
626 2296 747 2330 Aldus,
775 2297 840 2327 coll.
864 2307 890 2328 1.
911 2308 961 2336 5a
980 2307 991 2326 1
1099 2297 1267 2328 adflictast
1289 2296 1537 2327 Mcnclrlssolm:

208 2342 340 2372 adflicta
364 2346 414 2372 est
443 2341 540 2372 Victa
573 2341 706 2372 adflicta
730 2341 774 2372 sit
801 2341 857 2381 (sit
879 2351 918 2371 cx
940 2341 967 2372 si
993 2339 1044 2380 M)
1071 2340 1158 2372 codd.
1304 2342 1323 2370 8
1348 2339 1486 2379 ungulis
1511 2339 1538 2369 G

210 2396 251 2416 20
275 2385 383 2416 rarius
400 2383 460 2415 M:
485 2385 596 2415 minus
616 2384 678 2415 GR
