1791 2796
154 859 190 882 10

160 1636 198 1658 20

166 2285 204 2315 30

566 145 679 182 EPP.
712 145 789 182 AD
821 143 1167 181 FAMILIARES
1484 144 1531 180 X.
1550 143 1596 179 iv

204 258 350 297 iudicio
371 265 479 296 tanta
499 264 590 296 sunt
614 264 656 295 ut
677 264 828 307 praeter
852 257 999 294 bonam
1025 257 1168 294 famam
1193 255 1289 294 nihil
1311 254 1535 295 desiderare

204 323 420 363 videantur.
465 324 556 372 Qua
571 335 611 360 re
624 323 701 360 hoc
722 334 846 359 unum
867 320 938 358 tibi
960 321 1163 371 persuade,
1179 328 1372 371 quantum
1389 320 1535 359 viribus
1555 332 1578 369 3

205 389 310 437 eniti,
343 387 508 427 consilio
537 386 754 438 providere,
786 385 1018 425 auctoritate
1054 399 1213 424 monere
1245 393 1422 436 potuero,
1459 387 1535 424 hoc

205 468 324 492 omne
345 453 397 492 rei
419 467 454 503 p.
479 465 632 503 semper
654 453 838 490 futurum.
899 453 992 489 Non
1017 458 1076 490 est
1103 451 1258 501 ignotus
1281 450 1376 489 mihi
1398 464 1535 489 sensus

206 526 305 557 tuus,
367 520 508 568 Neque
528 517 560 556 si
576 518 739 555 facultas
754 515 936 566 optabilis
954 515 1049 554 mihi
1066 515 1227 566 quidem
1250 515 1306 554 tui
1322 515 1536 566 praesentis

206 592 317 631 esset,
341 597 530 634 umquam
558 597 581 621 a
610 582 685 621 tuis
710 581 883 620 consiliis
908 581 1171 631 discreparem
1202 595 1276 620 nec
1305 595 1412 620 nunc
1432 595 1536 620 com-

208 649 359 689 mittam
390 657 431 687 ut
461 650 584 687 ullum
617 661 749 687 meum
785 649 931 686 factum
965 648 1251 698 reprehendere
1285 647 1367 687 iure
1397 646 1532 697 possis.

207 718 302 755 Sum
333 715 371 753 in
403 713 694 765 exspectatione
724 712 903 752 omnium
933 726 1072 760 rerum,
1096 712 1191 763 quid
1221 713 1260 751 in
1291 712 1419 752 Gallia
1448 712 1580 758 cite-4

208 781 318 827 riore,
342 780 438 830 quid
464 780 503 818 in
526 780 621 818 urbe
652 793 787 818 mense
814 778 997 817 Ianuario
1027 786 1190 829 geratur,
1214 786 1255 816 ut
1282 778 1414 817 sciam.
1477 779 1540 816 In-

210 846 321 885 terim
354 844 564 884 maximam
599 844 663 883 hic
692 843 999 883 sollicitudinem
1029 857 1243 894 curamque
1272 843 1456 890 sustineo,
1490 857 1539 881 ne

209 913 308 951 inter
345 911 473 950 aliena
510 910 603 949 vitia
643 911 717 948 hae
757 917 893 960 gentes
932 917 1065 948 nostra
1107 911 1209 948 mala
1251 923 1362 948 suam
1401 916 1541 959 putent

210 977 470 1017 occasionem.
531 976 652 1025 Quod
682 974 713 1013 si
748 974 913 1025 proinde
947 982 989 1013 ut
1028 974 1110 1025 ipse
1142 988 1293 1014 mereor
1324 974 1419 1012 mihi
1458 987 1542 1012 suc-

210 1043 378 1089 cesserit,
412 1049 516 1081 certe
546 1049 584 1080 et
614 1040 695 1088 tibi,
719 1040 782 1079 cui
813 1039 981 1079 maxime
1010 1040 1138 1091 cupio,
1171 1048 1209 1079 et
1238 1039 1423 1079 omnibus
1452 1039 1542 1078 viris

213 1109 327 1149 bonis
349 1107 441 1147 satis
461 1107 613 1146 faciam.
675 1108 752 1145 Fac
773 1108 901 1146 valeas
923 1119 1066 1157 meque
1086 1114 1225 1145 mutuo
1245 1105 1393 1157 diligas.

258 1266 297 1300 V
519 1269 589 1301 Ser.
610 1268 739 1299 Romae
756 1268 837 1299 med.
860 1279 902 1299 m.
923 1267 996 1299 Dec.
1017 1279 1046 1299 α.
1070 1279 1126 1308 710
1145 1268 1231 1310 (44).

655 1345 829 1377 CICERO
857 1345 1042 1377 PLANCO
1068 1346 1102 1377 S.

270 1423 388 1463 Binas
419 1438 441 1462 a
473 1432 510 1463 te
543 1424 677 1475 accepi
707 1424 852 1463 litteras
882 1425 1023 1463 eodem
1054 1425 1244 1475 exemplo,
1277 1424 1384 1474 quod
1417 1423 1545 1474 ipsum
1566 1434 1582 1460 1

213 1496 444 1540 argumento
484 1488 579 1527 mihi
619 1488 689 1527 fuit
728 1488 952 1539 diligentiae
991 1496 1107 1536 tuae,
1154 1487 1325 1527 intellexi
1365 1487 1468 1526 enim
1510 1495 1547 1526 te

214 1555 390 1593 laborare
417 1562 460 1592 ut
485 1555 537 1593 ad
564 1568 627 1592 me
657 1553 753 1592 mihi
783 1553 1139 1604 exspectatissimae
1163 1553 1311 1592 litterae
1339 1554 1548 1603 perferren-

216 1627 287 1657 tur.
348 1621 405 1657 Ex
436 1619 579 1670 quibus
610 1618 696 1670 cepi
728 1620 896 1658 fructum
927 1618 1127 1669 duplicem
1159 1618 1335 1668 mihique
1373 1617 1413 1656 in
1445 1631 1548 1656 com-

216 1683 416 1735 paratione
455 1683 653 1723 difficilem
691 1685 742 1723 ad
784 1683 1051 1731 iudicandum,
1092 1697 1320 1722 amoremne
1359 1696 1448 1734 erga
1486 1696 1548 1721 me

218 1757 328 1788 tuum
357 1763 407 1787 an
437 1749 613 1788 animum
643 1749 683 1787 in
713 1763 793 1788 rem
825 1763 860 1800 p.
890 1748 1009 1799 pluris
1038 1748 1327 1787 aestimandum
1357 1755 1545 1798 putarem.

220 1817 289 1853 Est
311 1814 474 1853 omnino
494 1814 641 1865 patriae
662 1814 799 1852 caritas
822 1828 911 1853 meo
932 1814 1093 1864 quidem
1115 1813 1261 1852 iudicio
1283 1813 1462 1860 maxima,
1480 1814 1549 1852 sed

218 1894 328 1918 amor
356 1879 645 1930 voluntatisque
675 1879 902 1919 coniunctio
931 1881 1018 1930 plus
1051 1887 1154 1918 certe
1186 1880 1305 1918 habet
1338 1879 1547 1918 suavitatis.

185 1946 359 1995 :Itaque
389 1944 713 1984 commemoratio
743 1952 809 1983 tua
837 1952 1020 1995 paternae
1050 1944 1349 1984 necessitudinis
1383 1945 1549 1983 benevo-

220 2008 441 2059 lentiaeque
465 2008 559 2056 eius,
583 2023 700 2060 quam
722 2023 811 2060 erga
832 2024 895 2048 me
915 2024 937 2048 a
958 2009 1122 2060 pueritia
1142 2009 1385 2057 contulisses,
1409 2017 1550 2049 cetera-

221 2087 386 2124 rumque
409 2088 548 2122 rerum,
571 2088 671 2125 quae
697 2076 748 2114 ad
773 2089 859 2114 eam
887 2075 1120 2115 sententiam
1148 2075 1407 2126 pertinebant,
1431 2075 1550 2114 incre-

221 2139 382 2178 dibilem
413 2139 509 2178 mihi
538 2140 724 2179 laetitiam
753 2143 994 2189 attulerunt,
1028 2155 1158 2180 rursus
1187 2141 1400 2180 declaratio
1428 2141 1547 2179 animi
1568 2150 1593 2178 2

221 2203 287 2251 tui,
311 2218 429 2255 quem
459 2206 622 2257 haberes
650 2207 699 2245 de
726 2220 766 2244 re
794 2220 830 2256 p.
854 2220 1052 2257 quemque
1081 2206 1284 2246 habiturus
1315 2220 1430 2254 esses,
1454 2206 1549 2244 mihi

222 2277 302 2307 erat
322 2268 624 2317 iucundissima3
669 2285 795 2321 eoque
820 2271 942 2311 maior
968 2280 1048 2310 erat
1075 2273 1172 2311 haec
1192 2272 1348 2320 laetitia,
1371 2272 1479 2323 quod
1499 2272 1550 2310 ad

266 2385 287 2413 9
311 2378 346 2404 ut
377 2375 477 2405 sciam
511 2374 568 2405 dd.
604 2374 751 2406 Ernesti:
792 2381 826 2407 tu
859 2376 909 2407 sac
942 2381 977 2407 ut
1009 2378 1112 2408 sciam
1150 2376 1332 2418 lVesenbetg
1512 2376 1554 2407 28

224 2422 350 2457 att'pro-
367 2416 568 2458 Dytulerunt
584 2419 671 2450 codd.
693 2419 787 2451 illan.
807 2431 814 2451 :
839 2421 1000 2452 attulerat
1016 2420 1134 2452 Lamb.
