1791 2796
140 145 282 182 xlvi
603 144 658 180 M.
691 144 859 181 TVLLI
892 143 1199 181 CICERONIS

234 254 303 292 fuit
338 268 400 293 mc
433 267 512 292 non
548 253 683 303 attigit.
760 253 952 299 Plancius,
990 254 1112 292 homo
1146 252 1466 303 officiosissimus,
1504 268 1568 294 me

233 320 341 371 cupit
381 334 465 359 esse
506 333 639 358 secum
680 327 717 358 ct
756 320 888 357 adhuc
927 318 1077 358 retinet.
1139 320 1224 369 Ego
1258 320 1440 359 volebam
1479 321 1569 360 loco

234 385 356 436 magis
388 387 545 425 deserto
575 398 659 424 esse
692 385 731 423 in
766 385 896 435 Epiro,
924 398 1004 435 quo
1036 398 1165 435 neque
1197 385 1287 424 Piso
1316 385 1465 425 veniret
1495 400 1569 426 nec

235 451 387 498 milites,
418 453 487 490 sed
514 451 645 489 adhuc
675 450 858 489 Plancius
890 464 952 489 mc
982 449 1122 489 retinet
1138 465 1146 498 3
1181 458 1309 500 sperat
1338 464 1454 502 posse
1485 451 1566 491 fieri

233 526 275 555 ut
306 530 462 556 mecum
491 516 530 554 in
560 516 713 555 Italiam
740 517 917 555 decedat.
979 517 1111 565 Quem
1139 530 1212 566 ego
1236 516 1342 555 diem
1373 517 1403 555 si
1433 516 1567 557 videro
1587 531 1604 563 5

233 592 270 621 et
292 583 322 621 si
346 582 384 620 in
401 589 572 621 vestrum
596 583 845 632 complexum
864 594 1008 620 venero
1029 594 1074 619 ac
1095 581 1125 619 si
1148 589 1185 619 et
1206 595 1275 619 vos
1296 590 1333 620 et
1355 595 1418 621 me
1438 582 1567 632 ipsum

233 648 459 699 reciperaro,
488 647 580 686 satis
614 661 799 697 magnum
833 647 927 685 mihi
956 648 1124 685 fructum
1155 646 1319 685 videbor
1348 648 1569 699 percepisse

233 723 270 752 et
293 722 442 753 vestrae
462 714 616 764 pietatis
641 722 678 752 et
702 727 823 752 meae.

187 790 213 827 4
288 780 441 818 Pisonis
472 779 705 826 humanitas,
734 778 863 825 virtus,
888 791 998 816 amor
1025 778 1063 816 in
1090 778 1218 817 omnis
1245 792 1317 817 nos
1342 786 1473 817 tantus
1500 787 1569 827 est,

231 852 272 883 ut
311 844 408 883 nihil
447 858 563 896 supra
602 844 735 895 possit.
810 844 975 883 Utinam
1015 857 1061 882 ea
1099 857 1158 881 res
1197 843 1231 882 ei
1271 844 1461 894 voluptati
1496 845 1632 884 sit!10

229 910 373 959 gloriae
403 910 565 960 quidem
594 909 709 948 video
741 910 832 948 fore.
897 911 958 948 De
988 908 1140 958 Quinto
1164 910 1278 947 fratre
1303 908 1399 946 nihil
1430 923 1503 959 ego
1532 917 1571 948 te

230 976 421 1023 accusavi,
442 977 511 1014 scd
534 989 613 1023 vos,
639 989 728 1013 cum
761 974 987 1025 praesertim
1011 982 1089 1012 tam
1116 973 1229 1024 pauci
1248 973 1340 1020 sitis,
1360 974 1462 1012 volui
1486 988 1571 1013 esse

150 1062 154 1068 ·
188 1049 351 1092 squam
386 1041 741 1080 coniunctissimos.
814 1040 971 1089 Quibus
1007 1053 1070 1078 me
1100 1038 1256 1077 voluisti
1286 1052 1399 1089 agere
1430 1040 1571 1089 gratias

231 1107 290 1156 egi
312 1115 350 1145 et
371 1121 434 1146 me
454 1121 477 1145 a
497 1116 535 1146 te
556 1106 761 1146 certiorem
785 1107 932 1144 factum
957 1118 1041 1143 esse
1063 1104 1208 1155 scripsi.

286 1173 408 1221 Quod
434 1174 485 1211 ad
513 1186 587 1220 me,
612 1186 699 1211 mea
720 1172 916 1219 Terentia,
943 1170 1079 1209 scribis
1100 1178 1138 1209 te
1159 1170 1289 1209 vicum
1311 1171 1568 1219 vendsturam,
1593 1187 1629 1220 15

231 1237 338 1287 quid,
371 1238 536 1277 obsecro
567 1246 616 1285 tc,
651 1252 714 1277 me
745 1237 956 1276 miseruml
999 1235 1095 1286 quid
1125 1236 1298 1274 futurum
1338 1238 1426 1275 est?
1472 1245 1509 1275 et
1539 1236 1571 1274 si

231 1317 303 1341 nos
330 1312 480 1354 premet
512 1305 650 1342 eadem
685 1305 850 1351 fortuna,
877 1303 973 1354 quid
1006 1316 1127 1353 puero
1159 1302 1301 1341 misero
1327 1303 1422 1341 fiet?
1478 1303 1571 1341 Non

230 1382 334 1419 queo
365 1369 513 1419 reliqua
542 1369 738 1416 scribere;
769 1377 877 1407 tanta
907 1368 962 1407 vis
994 1368 1239 1406 lacrimarum
1268 1376 1325 1406 est
1340 1382 1350 1415 3
1380 1381 1509 1418 neque
1533 1377 1571 1407 te

231 1434 270 1472 in
303 1436 475 1474 eundem
509 1436 644 1473 fletum
682 1436 905 1483 adducam,
947 1443 1099 1473 tantum
1132 1434 1284 1473 scribo:
1320 1434 1360 1473 Si
1389 1443 1501 1473 erunt
1532 1434 1571 1472 in

231 1500 361 1539 officio
388 1500 515 1548 amici,
548 1501 715 1551 pecunia
744 1515 823 1539 non
856 1501 981 1549 derit:
1017 1501 1047 1538 si
1080 1515 1160 1540 non
1191 1509 1314 1548 erunt,
1347 1509 1388 1539 tu
1418 1501 1571 1540 efficere
1591 1514 1633 1537 20

231 1575 298 1604 tua
333 1566 500 1616 pecunia
540 1579 619 1603 non
662 1565 816 1616 poteris:
894 1568 966 1605 Per
1003 1568 1177 1605 fortunas
1213 1567 1372 1605 miseras
1406 1575 1569 1613 nostras,

234 1631 323 1670 vide
351 1645 400 1669 ne
428 1644 591 1681 puerum
623 1631 818 1681 perditum
850 1633 1084 1681 perdamusg
1115 1632 1175 1669 cui
1203 1632 1231 1669 si
1260 1631 1408 1682 aliquid
1431 1632 1499 1670 erit
1522 1645 1571 1670 ne

234 1706 355 1747 egeat,
394 1696 580 1735 mediocri
619 1696 758 1735 virtute
799 1710 898 1747 opus
939 1705 995 1735 est
1031 1705 1069 1736 et
1109 1698 1296 1736 mediocri
1337 1699 1491 1736 fortuna
1529 1706 1570 1736 ut

183 1765 211 1802 6
234 1772 362 1801 cetera
382 1770 655 1812 consequatur.
722 1764 798 1801 Fac
821 1765 948 1803 valeas
970 1772 1007 1802 et
1027 1765 1077 1802 ad
1100 1778 1162 1803 me
1184 1764 1404 1803 tabellarios
1427 1764 1568 1811 mittas,

232 1838 273 1867 ut
307 1828 428 1866 sciam
459 1828 555 1878 quid
591 1836 725 1877 agatur
763 1837 800 1867 et
837 1842 905 1867 vos
942 1829 1037 1879 quid
1067 1829 1198 1880 agatis.
1275 1829 1375 1868 Mihi
1406 1830 1570 1869 omnino
1592 1841 1629 1874 25

232 1894 307 1932 iam
331 1894 457 1933 brevis
480 1894 720 1944 exspectatio
746 1903 814 1941 est,
836 1895 1030 1934 Tulliolae
1052 1903 1089 1934 et
1111 1895 1293 1934 Ciceroni
1311 1897 1474 1934 salutem
1492 1896 1566 1934 dic.

232 1961 380 1998 Valete.
444 1961 489 1997 D.
514 1973 546 1997 a.
572 1961 608 1998 d.
636 1972 673 1997 vr
703 1962 749 1998 K.
782 1962 988 2000 Decembr.
1016 1961 1243 2011 Dyrrhachi.

188 2027 211 2066 7
290 2025 576 2074 Dyrrhachium
613 2026 711 2072 veni,
748 2028 855 2076 quod
887 2035 923 2065 et
956 2027 1077 2065 libera
1106 2027 1241 2065 civitas
1273 2034 1330 2066 cst
1364 2034 1401 2065 et
1437 2026 1474 2065 in
1508 2040 1570 2066 me

231 2091 405 2129 officiosa
432 2100 469 2129 et
505 2091 681 2141 proxima
714 2092 875 2140 Italiae,-
909 2093 978 2131 sed
1009 2092 1038 2130 si
1070 2093 1244 2131 offendet
1275 2106 1337 2130 me
1367 2091 1441 2130 loci
1472 2093 1569 2131 celc-

231 2157 360 2203 britas,
383 2156 460 2195 alio
487 2170 549 2195 mc
573 2158 784 2205 conferam,
807 2159 857 2196 ad
880 2166 917 2197 te
938 2158 1116 2197 scribam.
1442 2184 1446 2186 v
1588 2167 1629 2200 30

275 2267 295 2295 3
321 2256 398 2287 Piso
420 2256 512 2287 Man.
536 2256 738 2287 Drumann:
767 2257 839 2296 ipso
858 2256 970 2288 codd.:
998 2257 1110 2296 Hispo
1128 2260 1196 2288 vell.
1293 2265 1330 2295 15
1355 2256 1566 2288 venditurum

231 2299 354 2331 HDF:
380 2306 507 2331 -turum
531 2300 578 2340 M,
599 2300 637 2340 cf
659 2299 911 2341 dr‘sputatrbnem
931 2300 1013 2331 Grlli
1030 2302 1063 2332 Ὶἰ.
1081 2306 1105 2339 7’
1206 2310 1240 2340 17
1267 2299 1413 2340 premet]
1431 2301 1508 2340 cf2.
1525 2310 1566 2340 3:

233 2344 376 2384 perimet
397 2343 537 2384 Madvig
672 2354 714 2375 20
737 2344 823 2375 derit
841 2344 898 2374 M:
925 2344 1011 2384 perit
1029 2343 1151 2375 HDF:
1179 2344 1287 2374 deerit
1303 2343 1391 2384 vulg.
1526 2354 1568 2375 22
1786 2363 1788 2375 l

233 2387 402 2428 perditum
423 2387 606 2428 perdamus
631 2386 729 2427 codd,
750 2388 788 2428 cf.
805 2387 892 2418 Brt'x
909 2387 957 2419 ad
974 2385 1087 2419 plaut.
1111 2387 1204 2428 Capi.
1223 2388 1306 2426 438:
1333 2387 1425 2427 perd.
1451 2397 1569 2419 eamus
1786 2382 1789 2419 l

233 2429 386 2462 Sclrottus
476 2441 515 2470 27
545 2431 756 2470 Dyrrhachio
776 2431 873 2464 Orellz
971 2441 1014 2471 30
1037 2436 1117 2462 ante
1134 2431 1175 2462 ad
1195 2437 1226 2462 te
1242 2429 1376 2462 δίαν-λέν
1389 2429 1566 2462 Sclmtcrlc:
1786 2422 1788 2432 ¹

235 2474 277 2506 ad
295 2480 396 2514 teque
413 2475 492 2506 coni.
519 2473 709 2516 Wesenberg
