1791 2796
562 170 671 209 EPP.
705 172 781 208 Al)
814 171 1161 209 FAMILIARES
1474 171 1568 209 XII.
1588 170 1648 208 xii

240 313 331 349 XII
427 316 495 348 Scr.
517 317 549 347 in
567 317 679 348 castris
695 317 726 347 iu
743 315 840 357 Syria
858 316 944 348 Non.
967 317 1048 348 Mai.
1073 327 1105 348 a.
1130 327 1181 356 711
1204 318 1281 357 (43).

360 395 550 426 CASSIVS
577 395 773 426 PROCOS.
800 396 833 426 S.
865 395 905 427 D.
933 395 977 427 M.
1004 395 1232 426 CICERONI
1260 395 1358 427 SVO.

249 474 285 511 S.
308 486 341 510 v.
364 473 400 511 b.
424 487 456 512 e.
480 487 510 512 e.
535 487 569 523 q.
593 487 626 511 v.
687 473 781 523 Legi
803 481 887 511 tuas
909 473 1064 520 litteras,
1088 472 1127 511 in
1149 472 1291 523 quibus
1316 471 1523 511 mirificum
1544 480 1561 508 1

195 545 306 576 tuum
345 551 434 588 erga
472 551 535 576 me
573 551 748 577 amorem
788 537 1023 588 recognovi3
1067 537 1261 576 videbaris
1299 537 1403 576 enim
1444 550 1525 575 non

157 612 174 644 5
195 604 322 641 solum
344 604 470 641 favere
495 602 621 651 nobis,
644 603 684 642 id
705 605 813 653 quod
834 611 871 642 et
893 612 1024 641 nostra
1045 611 1082 641 et
1104 603 1154 642 rei
1178 617 1212 653 p.
1236 616 1352 641 causa
1373 615 1527 652 semper

195 667 330 715 fecisti,
360 669 429 707 sed
457 667 573 706 etiam
601 682 757 718 gravem
787 682 920 707 curam
951 667 1169 718 suscepisse
1196 669 1527 717 vehementerque

195 747 280 772 esse
300 734 350 772 de
371 733 486 772 nobis
507 733 705 772 sollicitus.
763 735 902 784 Itaque
924 734 1032 784 quod
1052 741 1097 786 'te
1118 732 1286 784 primum
1309 732 1528 772 existimare

196 798 383 849 putabam
419 813 491 837 nos
525 813 711 850 oppressa
744 814 784 838 re
816 814 851 850 p.
882 799 1083 849 quiescere
1113 812 1193 837 non
1221 812 1345 849 posse,
1369 798 1525 844 deinde,

196 878 286 902 curn
317 864 554 915 suspicarere
584 879 656 903 nos
688 865 824 912 moliri,
852 866 960 915 quod
991 872 1028 903 te
1059 863 1268 902 sollicitum
1299 878 1383 902 esse
1413 872 1451 902 et
1479 865 1528 902 de

141 944 177 966 ιο
197 930 320 967 salute
341 937 472 968 nostra
492 937 529 968 et
550 931 600 968 de
621 943 747 968 rerum
770 937 912 968 eventu
934 930 1133 980 putabam,
1153 928 1267 967 simul
1288 943 1333 967 ac
1354 928 1528 979 legiones

196 993 330 1045 accepi
352 1008 447 1045 quas
473 996 519 1032 A.
546 994 725 1033 Allienus
753 996 938 1033 eduxerat
966 1009 1012 1033 ex
1033 996 1225 1044 Aegypto,
1256 993 1390 1044 scripsi
1415 995 1465 1033 ad
1491 1001 1528 1032 te

196 1058 496 1109 tabellariosque
535 1059 746 1110 compluris
782 1061 953 1098 Romam
993 1058 1079 1097 misi
1100 1074 1107 1105 ;
1148 1058 1283 1109 scripsi
1322 1059 1439 1098 etiam
1478 1059 1529 1098 ad

196 1131 376 1163 senatum
405 1123 561 1171 litteras,
584 1138 681 1175 quas
711 1124 823 1163 reddi
850 1123 954 1162 vetui
976 1124 1081 1174 prius
1103 1137 1223 1174 quam
1245 1124 1314 1163 tibi
1344 1124 1529 1163 recitatae

197 1196 336 1235 essent,
369 1188 400 1227 si
427 1190 525 1227 forte
560 1189 636 1228 mei
661 1190 934 1239 obtemperare
962 1188 1057 1226 mihi
1082 1188 1285 1227 voluerint.
1346 1190 1467 1239 Quod
1498 1188 1529 1228 si

140 1269 176 1301 15
197 1253 345 1292 litterae
375 1256 544 1304 perlatae
574 1268 654 1293 non
685 1262 786 1302 sunt,
813 1268 894 1293 non
921 1254 1062 1293 dubito
1083 1254 1178 1304 quin
1208 1254 1427 1301 Dolabella,
1460 1254 1528 1304 qui

196 1319 340 1357 nefarie
361 1319 563 1357 Trebonio
592 1319 724 1357 occiso
754 1319 889 1357 Asiam
920 1319 1137 1369 occupavit,
1168 1319 1388 1358 tabellarios
1419 1333 1528 1358 meos

196 1384 447 1435 deprenderit
468 1384 691 1435 litterasque
712 1384 969 1435 interceperit.

253 1449 455 1488 Exercitus
500 1448 628 1487 omnis
668 1449 734 1500 qui
773 1449 813 1487 in
853 1449 960 1499 Syria
999 1451 1154 1488 fuerunt
1194 1457 1319 1488 teneo.
1391 1449 1573 1489 Habuiz

198 1516 390 1565 pollulum
426 1528 567 1561 morae,
600 1516 696 1553 dum
731 1514 922 1565 promissa
960 1515 1149 1553 militibus
1181 1517 1385 1565 persolvo,
1424 1530 1529 1554 nunc

142 1596 182 1618 20
200 1579 276 1618 iam
306 1594 393 1618 sum
420 1580 635 1631 expeditus.
695 1583 731 1618 A
755 1588 792 1619 te
821 1589 913 1630 peto
944 1588 985 1618 ut
1012 1580 1242 1630 dignitatem
1271 1595 1398 1619 meam
1427 1595 1531 1620 com-

199 1646 425 1684 mendatam
456 1645 526 1684 tibi
553 1647 710 1693 habeas,
734 1645 764 1683 si
793 1660 855 1684 me
883 1645 1073 1696 intellegis
1101 1648 1250 1684 nullum
1278 1660 1407 1696 neque
1434 1646 1529 1697 peri-

197 1712 328 1748 culum
357 1725 486 1761 neque
513 1712 686 1750 laborem
716 1710 861 1761 patriae
886 1712 1111 1761 denegasse,
1135 1710 1165 1749 si
1187 1719 1323 1750 contra
1343 1711 1529 1761 importu-

196 1775 378 1814 nissimos
408 1778 576 1815 latrones
606 1791 714 1814 arma
743 1776 828 1827 cepi
860 1784 896 1815 te
927 1777 1107 1814 hortante
1135 1784 1172 1815 et
1196 1784 1364 1823 auctore,
1389 1776 1418 1814 si
1447 1791 1527 1815 non

196 1842 323 1879 solum
367 1838 556 1880 exercitus
600 1843 650 1880 ad
691 1856 771 1880 rem
815 1856 850 1892 p.
892 1842 1191 1891 libertatemque
1235 1843 1526 1880 defendendam

139 1922 175 1952 ²5
197 1907 418 1956 comparavi
446 1909 515 1945 sed
543 1907 659 1945 etiam
689 1907 966 1946 crudelissimis
992 1907 1164 1956 tyrannis
1191 1907 1338 1957 eripui,
1368 1922 1467 1957 quos
1498 1907 1528 1945 si

196 1980 427 2022 occupasset
442 1973 659 2019 Dolabella,
676 1987 755 2011 non
779 1974 905 2011 solum
927 1974 1099 2011 adventu
1121 1974 1189 2011 scd
1207 1972 1323 2011 etiam
1341 1972 1528 2023 opinione

196 2044 232 2074 et
254 2036 544 2086 exspectatione
565 2036 754 2075 exercitus
776 2037 834 2075 sui
851 2037 1069 2076 Antonium
1093 2038 1371 2076 confirmasset.

251 2103 360 2150 Quas
387 2101 438 2139 ol)
467 2115 525 2139 res
551 2101 692 2140 milites
713 2110 830 2149 tuere,
855 2101 885 2140 si
907 2116 973 2140 eos
995 2102 1157 2140 mirifice
1178 2103 1228 2141 de
1249 2117 1288 2141 re
1309 2117 1344 2153 p.
1369 2102 1526 2141 meritos
1546 2103 1570 2140 3

197 2180 280 2204 esse
305 2166 593 2213 animadvertis,
617 2174 654 2205 et
679 2167 787 2205 effice
809 2181 858 2206 ne
879 2181 995 2217 quem
1020 2167 1216 2217 paeniteat
1246 2182 1325 2206 rem
1349 2182 1383 2218 p.
1408 2182 1525 2218 quam

139 2245 179 2276 30
197 2244 306 2280 spem
329 2232 495 2281 praedae
517 2231 796 2281 etrapinarum
824 2232 933 2282 sequi
961 2232 1153 2270 maluisse.
1216 2235 1316 2271 Item
1342 2233 1467 2270 Murci
1490 2241 1527 2271 et

198 2295 324 2346 Crispi
359 2296 637 2346 imperatorum
669 2296 911 2347 dignitatem,
944 2305 1136 2348 quantum
1171 2306 1229 2336 est
1259 2297 1297 2335 in
1330 2306 1377 2344 te,
1408 2305 1524 2336 tuere.

244 2411 279 2437 14
304 2400 480 2430 voluerunt
498 2399 615 2431 Laud).
642 2399 830 2441 ll'cs-cnlmg
949 2412 985 2440 ¹9
1009 2401 1171 2440 pollulum
1191 2401 1237 2441 All,
1258 2401 1294 2440 cs.
1319 2401 1397 2432 Calo
1415 2401 1456 2432 R.
1482 2402 1522 2432 R.

200 2453 247 2475 10.
268 2454 308 2482 23
334 2455 383 2474 21.
403 2454 444 2482 33
471 2443 576 2474 Varro
593 2445 630 2475 L.
652 2443 692 2475 L.
714 2455 743 2475 ν.
767 2446 845 2484 167:
873 2445 1036 2483 pollutum
1056 2445 1128 2474 IID
