1791 2796
88 163 239 201 X111.i
560 163 615 201 M.
648 163 817 208 TVLLI
850 164 1157 202 CICERONIS

192 283 229 312 et
264 274 481 313 amicorum
512 276 591 313 fere
621 275 838 325 principem
868 283 906 314 ct
937 275 1013 314 iam
1038 289 1059 314 a
1086 277 1278 323 Phaedro,
1305 276 1372 327 qui
1400 276 1526 323 nobis,

192 354 283 379 cum
305 340 414 391 pueri
435 353 625 387 essemuS,
645 347 736 379 ante
757 353 876 390 quam
899 340 1106 379 Philonem
1128 341 1401 392 cognovimuS,
1416 342 1529 380 valde

194 415 235 445 ut
274 406 549 457 philosophus,
587 414 726 456 postca
764 414 896 445 tamen
936 415 978 445 ut
1012 407 1068 445 vir
1102 408 1230 445 bonus
1263 416 1299 446 et
1332 407 1460 446 suavis
1492 415 1529 446 et

195 471 393 510 officiosus
427 472 677 523 probabatur,
713 472 876 511 traditus
913 472 1008 510 mihi
1043 474 1425 523 commendatusque
1459 480 1526 511 est.

152 549 177 585 3
198 539 236 576 Is
258 537 372 588 igitur
394 540 509 576 Patro
534 552 625 576 cum
652 539 704 576 ad
734 552 798 576 me
827 540 1000 576 Romam
1030 539 1175 577 litteras
1206 538 1383 586 misisset,
1408 538 1463 576 uti
1493 546 1530 577 te
1551 551 1568 582 5

196 604 269 641 sibi
309 605 504 654 placarem
548 611 802 654 peteremque
841 611 883 642 ut
922 603 1056 642 nescio
1095 603 1191 654 quid
1235 604 1331 642 illud
1372 603 1532 655 Epicuri

196 668 474 719 parietinarum
510 669 583 707 sibi
616 670 866 716 concedereS,
904 669 1000 707 nihil
1034 669 1169 720 scripsi
1200 670 1251 708 ad
1286 677 1324 708 te
1359 670 1410 708 ob
1445 683 1531 708 eam

197 749 289 783 rem,
331 735 441 785 quod
479 734 766 773 aedificationis
805 742 895 773 tuae
929 734 1138 773 consilium
1185 735 1532 773 commendatione

197 814 285 839 mea
314 801 500 838 nolebam
528 799 708 850 impediri
724 815 733 848 3
763 799 946 848 idem,'ut
973 800 1062 839 veni
1091 801 1281 848 Athenas,
1309 814 1399 839 cum
1426 800 1532 839 idem

195 867 246 905 ad
274 875 311 904 te
339 866 549 904 scriberem
580 873 762 916 rogasset,
786 866 839 904 ob
867 879 954 904 eam
983 879 1141 904 causam
1170 866 1400 917 impetravit,
1425 867 1532 916 quod
1557 883 1594 904 10

197 939 235 970 te
274 931 464 970 abiecisse
503 931 608 969 illam
653 930 969 969 aedificationem
1014 932 1221 970 constabat
1261 931 1360 970 inter
1405 932 1533 970 omnis

151 997 346 1040 4amicos
377 1005 476 1035 tuos.
539 998 660 1046 Quod
695 997 725 1035 si
761 997 813 1035 ita
844 1005 902 1035 est
934 1006 971 1035 ct
1005 997 1035 1035 si
1070 997 1147 1035 iam
1187 1005 1253 1035 tua
1291 998 1407 1048 plane
1437 997 1533 1035 nihil

150 1061 154 1067 “
198 1064 372 1110 interest,
411 1062 539 1110 velim,
580 1062 611 1100 si
651 1077 728 1113 qua
768 1062 1054 1101 offensiuncula
1087 1064 1187 1101 facta
1222 1070 1279 1101 est
1318 1063 1438 1101 animi
1478 1063 1534 1101 tui

198 1128 449 1180 perversitate
470 1128 691 1178 aliquorum
715 1129 823 1180 (novi
844 1128 948 1167 enim
977 1136 1136 1179 gentem
1157 1128 1292 1178 illam),
1317 1130 1386 1167 des
1417 1136 1455 1167 te
1484 1129 1535 1167 ad

199 1194 399 1233 lenitatem
422 1195 482 1232 vel
503 1201 661 1244 propter
681 1208 876 1232 summam
900 1200 1005 1232 tuam
1028 1193 1314 1232 humanitatem
1336 1195 1396 1232 vel
1417 1193 1534 1232 etiam
1558 1209 1594 1241 15

200 1259 360 1298 honoris
382 1259 458 1298 mei
479 1272 607 1298 causa.
669 1259 879 1309 Equidem,
903 1259 933 1297 si
955 1259 1050 1309 quid
1072 1259 1155 1310 ipse
1182 1258 1348 1297 sentiam
1370 1258 1533 1309 quaeris,

200 1339 273 1364 nec
290 1339 358 1363 cur
374 1325 437 1363 ille
454 1332 565 1363 tanto
581 1337 699 1374 opere
715 1325 931 1363 contendat
947 1324 1074 1372 video,
1094 1338 1166 1363 nec
1188 1337 1256 1362 cur
1272 1332 1312 1362 tu
1330 1336 1537 1374 repugnes,

200 1391 273 1429 nisi
295 1399 427 1429 tamen
450 1392 574 1429 multo
596 1390 725 1428 minus
746 1390 816 1428 tibi
833 1390 999 1429 concedi
1014 1397 1142 1440 potest
1157 1403 1275 1440 quarn
1292 1388 1345 1427 illi
1362 1389 1537 1428 laborare

201 1456 285 1495 sine
306 1470 432 1494 causa.
487 1456 741 1505 Quamquam
760 1455 937 1494 Patronis
954 1464 991 1494 et
1006 1455 1223 1494 orationem
1239 1463 1276 1494 et
1293 1468 1451 1494 causam
1466 1454 1536 1492 tibi

202 1522 399 1572 cognitam
421 1535 506 1560 csse
527 1529 633 1560 certo
655 1522 760 1569 scio,
790 1523 993 1569 honorem,
1009 1521 1193 1569 officium,
1213 1528 1536 1560 testamentorum
1560 1538 1598 1560 20

202 1587 272 1636 ius,
311 1587 470 1637 Epicuri
502 1586 786 1632 auctoritatem,
825 1585 993 1625 Phaedri
1032 1586 1350 1634 obtestationem,
1389 1586 1535 1633 sedem,

202 1652 460 1700 domicilium,
484 1652 646 1702 vestigia
666 1647 910 1690 summorum
941 1651 1149 1690 hominum
1178 1652 1252 1691 sibi
1284 1653 1431 1691 tuenda
1454 1664 1538 1690 esse

203 1719 308 1764 dicit.
369 1720 513 1757 Totam
546 1717 717 1756 hominis
750 1718 867 1756 vitam
900 1718 1183 1769 rationemque,
1214 1732 1332 1769 quam
1365 1716 1539 1768 sequitur

204 1784 242 1822 in
265 1783 524 1834 philosophia,
549 1783 797 1822 derideamus
823 1784 926 1831 licet,
952 1785 980 1823 si
1012 1787 1113 1824 hane
1136 1785 1217 1824 eius
1240 1783 1537 1824 contentionem

203 1851 385 1887 volumus
402 1850 686 1900 reprehendere
703 1864 711 1895 ;
742 1851 810 1887 sed
829 1864 890 1888 me
907 1852 1095 1899 herculeS,
1113 1850 1300 1902 quoniam
1318 1849 1370 1888 illi
1387 1848 1539 1888 ceteris·
1560 1861 1598 1895 25

205 1929 292 1966 que,
317 1928 416 1964 quos
438 1915 501 1953 illa
523 1916 734 1962 delectant,
755 1929 834 1953 non
857 1918 969 1956 valde
995 1916 1143 1955 inimici
1165 1913 1312 1963 sumus,
1336 1915 1469 1954 nescio
1489 1928 1540 1953 an

207 1981 491 2030 ignoscendum
515 1980 562 2018 sit
579 1979 680 2027 huic,
698 1979 728 2018 si
746 1989 855 2020 tanto
877 1996 995 2033 opere
1017 1983 1184 2029 laborat;
1213 1981 1252 2019 in
1271 1993 1350 2031 quo
1371 1980 1487 2019 etiarn
1510 1979 1541 2017 si

165 2053 356 2099 5peccat,
394 2045 514 2094 magis
547 2045 702 2095 ineptiis
738 2062 855 2098 quam
888 2048 1138 2099 improbitate
1173 2053 1320 2097 peccat.
1380 2045 1458 2084 Sed
1492 2058 1542 2083 ne

209 2112 318 2160 plura
339 2109 570 2160 (dicendum
598 2112 702 2150 enim
731 2113 945 2163 aliquando
966 2113 1055 2164 est),
1078 2110 1343 2162 Pomponium
1365 2109 1541 2148 Atticum
1608 2152 1615 2157 ¹

207 2176 263 2214 sic
283 2188 373 2214 amo
395 2183 435 2213 ut
456 2178 620 2215 alterum
648 2179 813 2217 fratrem.
875 2177 984 2216 Nihil
1012 2185 1069 2217 est
1100 2177 1166 2215 illo
1194 2175 1289 2214 mihi
1317 2188 1389 2214 nec
1417 2173 1541 2213 carius
1561 2188 1602 2219 30

208 2254 281 2280 nec
303 2241 522 2280 iucundius.
585 2244 623 2280 Is
661 2243 757 2290 <non
791 2256 870 2292 quo
901 2243 949 2281 sit
984 2256 1030 2282 ex
1065 2242 1172 2289 istis,
1207 2249 1264 2280 est
1296 2239 1401 2279 enim
1433 2238 1541 2277 omni

208 2307 356 2346 liberali
391 2307 569 2346 doctrina
606 2307 871 2357 politissimus,
906 2309 975 2346 sed
1010 2308 1124 2346 valde
1159 2305 1282 2355 diligit
1319 2306 1538 2350 Patronem,

252 2422 274 2450 9
298 2411 398 2451 idem,
419 2412 469 2453 ut]
489 2412 598 2442 eidem
618 2416 653 2441 ut
672 2410 767 2440 MD:
793 2415 827 2440 ut
844 2409 885 2440 Η
985 2410 1073 2441 idem
1092 2415 1127 2440 ut
1144 2409 1186 2440 ad
1203 2407 1276 2439 HD
1389 2417 1425 2446 15
1450 2412 1541 2438 tuam

210 2454 287 2485 add.
309 2459 379 2486 vett.
517 2465 558 2494 23
584 2455 669 2485 viam
692 2453 882 2494 lVescnbcrg
