1791 2796
154 118 298 159 IILvi
621 119 678 158 M.
710 118 879 156 TVLLI
911 116 1221 157 CICERONIS

249 243 344 277 sem,
372 228 575 267 hominem
604 229 656 267 ita
683 228 754 267 tibi
781 227 1051 275 coniunctum,
1074 234 1117 265 ut
1147 225 1256 274 mihi,
1285 239 1376 265 cum
1403 225 1471 265 illo
1496 239 1588 266 cum

250 295 440 344 loquerer,
464 302 595 333 tecum
619 294 726 345 loqui
747 294 909 341 viderer,
933 293 1013 332 dixi
1040 292 1076 332 ei
1101 305 1165 330 me
1194 291 1248 330 ita
1274 292 1468 330 facturum
1489 305 1586 340 esse,

249 367 292 397 ut
313 359 352 397 in
377 372 464 398 eam
492 368 653 410 partem,
677 373 797 410 quam
820 358 973 397 Phania
1001 365 1185 408 rogasset,
1208 356 1379 408 primum
1400 356 1584 396 venirem.

247 426 365 464 Tunc
381 425 456 473 ille,
477 424 573 463 mihi
595 438 684 463 cum
701 424 842 476 gratias
859 424 1012 475 egisset,
1028 436 1172 474 magno
1189 436 1308 474 opere
1328 436 1351 461 a
1371 436 1435 461 me
1450 422 1587 473 petivit

247 498 291 529 ut
322 490 563 530 Laudiceam
594 490 772 541 protinus
806 490 931 537 irem;
964 497 1002 528 te
1032 489 1072 527 in
1102 488 1227 539 prima
1256 487 1458 539 provincia
1487 489 1586 527 velle
1606 501 1624 533 5

247 569 344 603 esse,
368 563 409 594 ut
437 569 557 606 quam
582 554 752 606 primum
780 556 994 593 decederes
1012 569 1022 602 3
1061 554 1168 604 quin,
1190 553 1265 592 nisi
1289 567 1362 604 ego
1384 566 1586 593 successor

247 635 386 669 essem,
409 634 529 672 quem
556 628 599 659 tu
627 634 789 671 cuperes
809 620 953 668 videre,
977 627 1016 659 te
1042 627 1168 667 antea,
1192 632 1311 669 quam
1338 619 1409 658 tibi
1436 632 1587 658 succes-

247 699 334 725 sum
365 694 477 733 esset,
509 687 765 725 decessurum
794 684 941 733 fuisse;
982 686 1091 735 quod
1121 683 1283 734 quidem
1314 692 1394 723 erat
1423 697 1586 723 consen-

247 759 408 791 taneum
439 765 530 790 cum
565 751 611 789 iis
650 750 796 798 litteris,
833 763 931 801 quas
966 763 1039 800 ego
1072 752 1227 788 Romae
1260 762 1502 801 acceperam,
1539 764 1585 789 ex

247 816 391 867 quibus
421 815 663 867 perspexisse
691 815 787 854 mihi
807 815 978 862 videbar,
1003 829 1122 866 quam
1150 814 1353 854 festinares
1378 815 1580 854 decedere.
1607 828 1645 850 10

249 881 455 932 Respondi
487 881 632 921 Clodio
667 894 730 920 me
763 880 817 919 ita
851 894 936 919 esse
966 881 1160 918 facturum
1189 893 1236 918 ac
1266 881 1392 919 multo
1421 880 1584 931 quidem

248 947 433 986 libentius
463 961 582 997 quam
613 946 645 985 si
673 946 772 985 illud
801 954 904 985 esset
933 945 1170 993 faciendum,
1196 947 1304 996 quod
1328 946 1585 997 promiseram

249 1013 432 1052 Phaniae.
495 1014 635 1062 Itaque
661 1019 699 1051 et
728 1011 939 1051 consilium
966 1011 1113 1050 mutavi
1143 1019 1181 1050 et
1209 1012 1261 1050 ad
1288 1018 1326 1050 te
1346 1011 1477 1050 statim
1498 1024 1587 1050 mea

248 1092 369 1117 manu
403 1078 565 1128 scriptas
599 1077 745 1116 litteras
779 1077 867 1116 misi
884 1092 894 1126 3
935 1090 1033 1128 quas
1067 1076 1230 1127 quidem
1261 1090 1309 1116 ex
1339 1075 1416 1115 tuis
1449 1076 1585 1116 litteris

247 1143 421 1183 intellexi
441 1143 532 1182 satis
554 1151 704 1182 mature
724 1144 776 1182 ad
796 1151 834 1181 te
855 1156 941 1182 esse
961 1144 1139 1193 perlatas.
1607 1154 1645 1186 15

205 1216 230 1254 3
304 1211 398 1249 Hoc
419 1222 491 1261 ego
512 1223 602 1248 meo
623 1211 728 1248 facto
743 1210 858 1248 valde
879 1210 1078 1256 delector;
1108 1207 1206 1246 nihil
1226 1207 1332 1247 enim
1354 1208 1481 1259 potuit
1502 1208 1584 1247 fieri

247 1276 452 1315 amantius.
513 1275 733 1316 Considera
754 1289 861 1313 nunc
881 1274 1053 1313 vicissim
1082 1282 1205 1313 tuum.
1266 1275 1360 1313 Non
1387 1275 1509 1313 modo
1529 1273 1584 1312 ibi

247 1354 330 1379 non
363 1340 479 1389 fuisti,
515 1340 583 1379 ubi
618 1354 682 1380 me
721 1354 840 1391 quam
875 1339 1045 1390 primum
1080 1338 1212 1378 videre
1249 1352 1397 1390 posseS,
1426 1340 1501 1378 *sed
1536 1353 1584 1378 eo

247 1406 471 1454 discessisti,
495 1419 574 1457 quo
596 1419 669 1457 ego
698 1414 736 1445 te
766 1420 816 1445 ne
846 1405 1027 1456 persequi
1055 1404 1217 1455 quidem
1247 1417 1405 1455 possem
1427 1404 1582 1455 triginta

247 1472 400 1519 diebus,
432 1471 499 1522 qui
530 1471 601 1510 tibi
630 1472 682 1510 ad
711 1471 990 1510 decedendum
1020 1471 1114 1519 lege,
1142 1477 1184 1508 ut
1214 1469 1364 1520 opinor,
1397 1470 1581 1509 Cornelia
1603 1486 1643 1508 20

247 1537 450 1577 constituti
471 1545 612 1584 essent,
636 1544 679 1576 ut
708 1544 820 1575 tuum
845 1538 1003 1583 sactum,
1027 1535 1095 1586 qui
1122 1548 1201 1586 quo
1228 1535 1361 1574 animo
1386 1535 1485 1574 inter
1508 1549 1581 1574 nos

247 1604 368 1643 simus
417 1603 606 1654 ignorent,
648 1602 766 1641 alieni
810 1601 993 1649 hominis,
1035 1609 1077 1639 ut
1124 1600 1319 1639 levissime
1361 1601 1502 1649 dicam,
1545 1609 1582 1640 et

247 1668 430 1719 fugientis
460 1680 724 1718 congressum,
750 1680 882 1705 meum
903 1680 995 1705 vero
1025 1664 1336 1704 coniunctissimi
1365 1673 1404 1704 et
1433 1665 1583 1705 amicis-

202 1741 229 1780 4
248 1734 335 1773 simi
352 1748 436 1773 esse
452 1734 639 1773 videatur.
688 1735 747 1772 Ac
765 1732 861 1771 mihi
878 1740 1022 1779 tamen,
1037 1739 1130 1770 ante
1147 1744 1266 1781 quam
1283 1730 1321 1769 in
1338 1730 1579 1781 provinciam

246 1800 347 1847 veni,
370 1800 546 1839 redditae
570 1806 662 1838 sunt
687 1812 710 1837 a
737 1807 774 1838 te
801 1797 962 1845 litterae,
985 1797 1128 1852 quibus
1154 1796 1225 1836 etsi
1249 1804 1287 1835 te
1307 1797 1475 1835 Tarsum
1495 1810 1581 1848 pro-
1601 1811 1640 1844 25

245 1864 367 1903 ficisci
401 1865 712 1912 demonstrabas,
748 1873 879 1904 tamen
915 1863 1011 1902 mihi
1045 1877 1125 1902 non
1160 1862 1323 1922 dubiam
1357 1875 1469 1913 spem
1503 1864 1582 1903 mei

246 1931 509 1970 conveniendi
539 1933 755 1979 adferebas,
782 1946 872 1970 cum
903 1932 1060 1979 interea,
1078 1929 1209 1970 ‘credo
1239 1929 1436 1981 equidem,
1466 1931 1582 1969 male-

246 1995 324 2035 voli
351 1996 530 2035 homines
554 1998 646 2048 (late
676 1998 781 2037 enim
811 2006 918 2049 patet
944 2000 1021 2037 hoc
1045 1998 1181 2037 vitium
1207 2006 1246 2037 et
1272 2005 1330 2036 est
1357 1997 1395 2035 in
1417 1995 1577 2047 multis),

246 2062 317 2100 sed
338 2069 469 2100 tamen
496 2063 741 2114 probabilem
765 2064 966 2103 materiem
987 2063 1091 2102 nacti
1113 2063 1303 2103 sermonis
1325 2061 1446 2113 ignari
1467 2074 1578 2100 meae

246 2127 490 2167 constantiae
510 2130 755 2168 conabantur
775 2129 943 2168 alienare
962 2143 985 2167 a
1006 2138 1043 2168 te
1063 2130 1306 2167 voluntatem
1328 2140 1455 2166 meam
1470 2141 1481 2175 3
1510 2125 1577 2177 qui
1597 2139 1640 2171 30

246 2200 284 2231 te
301 2194 427 2232 forum
441 2194 553 2233 Tarsi
569 2208 692 2245 agere,
711 2202 880 2233 statuere
897 2196 1028 2241 multa,
1048 2195 1268 2240 decernere,
1288 2184 1461 2231 iudicare
1477 2191 1579 2231 dice-

246 2268 343 2306 rent,
365 2273 455 2299 cum
477 2273 613 2311 posses
634 2260 711 2299 iam
733 2260 919 2311 suspicari
946 2259 1017 2298 tibi
1042 2273 1127 2298 esse
1147 2272 1385 2305 successum,
1408 2270 1509 2308 quae
1529 2270 1579 2296 ne

291 2375 334 2396 20
357 2365 545 2395 cedendum
571 2363 679 2396 codd.:
703 2365 761 2395 de·
783 2363 858 2395 add.
879 2368 948 2395 vett.
1114 2373 1152 2393 21
1181 2363 1304 2394 sactum
1329 2362 1379 2402 iis,
1406 2362 1462 2403 qui
1482 2361 1582 2393 Orelli

248 2418 289 2438 22
314 2409 470 2448 ignorant
493 2407 566 2439 Vict.
714 2407 884 2439 lenissime
902 2406 1150 2448 Martyni-Lag.
