1791 2796
143 176 259 213 XIII.
280 175 372 212 lxiii
658 176 713 213 M.
746 176 915 213 TVLLI
948 176 1255 214 CICERONIS

292 301 439 338 ponam
470 287 605 338 paucis
626 287 765 334 verbis,
789 288 858 325 sed
880 294 1012 325 tamen
1040 294 1081 325 ut
1112 288 1227 337 plane
1255 287 1473 338 perspicere
1500 288 1626 339 possis

292 354 534 392 voluntatem
563 366 702 392 meam.
765 352 1004 391 Incredibile
1031 360 1089 391 est
1116 353 1252 403 quanti
1273 353 1461 392 faciamus
1488 362 1525 393 et
1553 367 1626 404 ego

291 426 329 457 et
351 420 465 457 frater
486 432 608 466 meus,
631 418 698 469 qui
721 417 816 456 mihi
838 417 1060 456 carissimus
1088 426 1157 465 est,
1183 419 1238 456 M.
1258 418 1460 457 Laenium.
1513 419 1561 457 Id
1583 420 1625 457 fit

291 498 381 523 cum
404 483 580 535 plurimis
608 483 691 522 eius
716 482 853 521 officiis
875 490 959 521 tum
981 496 1135 521 summa
1157 482 1351 533 probitate
1378 491 1416 522 et
1441 483 1624 534 singulari

292 550 495 589 modestia.
558 551 661 588 Eum
686 563 759 599 ego
782 562 804 587 a
832 562 895 587 me
922 548 1177 587 invitissimus
1201 548 1331 588 dimisi
1352 562 1443 587 cum
1467 556 1625 600 propter
1642 561 1660 593 5

292 615 593 653 familiaritatem
627 622 664 653 et
696 613 995 652 consuetudinis
1026 614 1257 652 suavitatem
1284 622 1367 652 tum
1395 615 1504 664 quod
1534 627 1624 652 con-

248 694 271 720 2
293 681 378 718 silio
413 680 496 718 eius
527 679 632 718 fideli
664 692 710 717 ac
741 680 848 717 bono
878 678 1045 717 libenter
1079 679 1226 717 utebar.
1299 680 1377 717 Sed
1407 692 1541 717 vereor
1574 692 1624 717 ne

292 747 367 784 iam
404 759 608 796 superesse
643 744 738 783 mihi
774 745 892 783 verba
927 752 1051 795 putes,
1086 758 1187 795 quae
1222 744 1394 783 dixeram
1430 746 1622 783 defutura.

292 813 546 850 Commendo
573 810 642 848 tibi
672 810 874 848 hominem
901 810 966 857 sic,
1000 818 1041 848 ut
1070 809 1261 860 intellegis
1289 823 1352 848 me
1377 824 1461 848 eum
1480 811 1524 848 de
1545 823 1624 860 quo

291 891 336 916 ea
357 891 472 928 supra
489 876 707 927 scripserim
725 876 870 915 debere
886 877 1178 923 commendare,
1196 890 1218 914 a
1234 884 1352 926 teque
1372 877 1625 915 vehementer
1647 890 1685 912 10

291 943 407 981 etiam
443 951 562 993 atque
597 942 713 981 etiam
750 950 843 992 peto
878 949 920 980 ut
954 943 1062 992 quod
1098 943 1216 980 habet
1252 942 1289 980 in
1325 950 1391 980 tua
1425 943 1623 993 provincia

290 1009 423 1059 negoti
467 1008 662 1059 expediaS‚
713 1009 821 1058 quod
869 1007 940 1045 tibi
986 1007 1181 1046 videbitur
1229 1016 1377 1046 rectum
1419 1022 1504 1046 esse
1551 1008 1623 1058 ipsi

291 1074 409 1112 dicas.
473 1073 692 1112 Hominem
721 1072 949 1111 facillimum
979 1072 1374 1123 liberalissimumque
1395 1086 1621 1123 cognosces.

293 1141 432 1189 Itaque
471 1148 509 1178 te
549 1152 642 1190 rogo
677 1147 718 1176 ut
753 1152 844 1177 eum
885 1139 1069 1185 solutum,
1112 1138 1277 1176 liberum
1317 1138 1507 1176 confectis
1541 1138 1623 1177 eius

291 1205 457 1255 negotiis
490 1218 557 1255 per
591 1213 629 1243 te
661 1217 779 1254 quam
816 1203 986 1254 primum
1018 1205 1069 1242 ad
1105 1217 1167 1242 me
1200 1203 1382 1242 remittas.
1445 1205 1493 1242 Id
1528 1203 1683 1246 mihi15

291 1271 474 1321 fratrique
496 1284 585 1309 meo
605 1269 867 1320 gratissimum
891 1269 1036 1308 feceris.

333 1424 480 1460 LXIV
746 1426 816 1458 Ser.
833 1427 933 1467 paulo
947 1432 1022 1467 post
1036 1433 1082 1468 ep.
1102 1428 1167 1459 lxii.

553 1503 598 1534 M.
629 1503 803 1534 CICERO
829 1504 864 1535 S.
896 1505 936 1535 D.
967 1505 1002 1536 P.
1032 1505 1156 1536 SILIO
1183 1504 1353 1536 PROPR.

252 1599 268 1626 1
344 1584 452 1621 Nero
482 1596 592 1620 meus
623 1582 804 1620 mirificas
834 1584 940 1633 apud
977 1596 1039 1621 me
1071 1583 1141 1621 tibi
1173 1583 1313 1633 gratias
1345 1582 1433 1633 egit,
1467 1595 1623 1633 prorsus

289 1648 539 1695 incredibilis,
570 1656 610 1686 ut
639 1649 789 1686 nullum
818 1649 1009 1686 honorem
1032 1648 1105 1687 sibi
1127 1649 1261 1687 haberi
1282 1648 1456 1699 potuisse
1476 1648 1623 1687 diceret
1644 1659 1684 1680 20

288 1715 354 1764 qui
389 1728 411 1752 a
446 1723 483 1752 te
515 1714 809 1764 praetermissus
847 1722 959 1753 esset.
1032 1716 1224 1765 Magnum
1256 1715 1423 1752 fructum
1459 1728 1505 1752 ex
1538 1714 1623 1764 ipso

288 1779 442 1830 capies3
473 1779 568 1817 nihil
590 1787 647 1818 est
673 1779 777 1817 enim
802 1780 867 1817 illo
894 1781 1147 1818 adulescente
1168 1779 1336 1830 gratius;
1366 1780 1435 1817 sed
1458 1792 1520 1817 me
1542 1780 1623 1817 her-

288 1847 375 1884 cule
401 1845 495 1883 mihi
517 1858 677 1895 quoque
705 1845 967 1895 gratissimum
992 1845 1140 1889 fecisti:
1171 1845 1290 1895 pluris
1320 1844 1425 1883 enim
1447 1859 1493 1883 ex
1513 1844 1621 1882 omni

287 1911 492 1949 nobilitate
521 1910 721 1949 neminem
754 1910 864 1949 facio.
941 1912 1081 1961 Itaque
1113 1910 1224 1949 si·ea
1258 1909 1394 1949 feceris
1428 1923 1529 1960 quae
1559 1909 1622 1947 ille

287 1990 354 2026 per
382 1989 444 2014 me
471 1984 601 2014 tecum
630 1976 689 2025 agi
714 1976 847 2023 voluit,
870 1975 1131 2026 gratissimum
1161 1975 1255 2014 mihi
1282 1975 1428 2022 feceris,
1452 1974 1620 2025 primum
1642 1985 1680 2016 25

285 2043 335 2079 de
369 2041 559 2079 Pausania
591 2041 862 2080 Alabandensi
895 2049 1089 2079 sustentes
1114 2054 1206 2088 rem,
1230 2042 1326 2079 dum
1355 2041 1463 2078 Nero
1492 2039 1621 2078 veniat

285 2107 555 2155 <vehementer
585 2106 668 2144 eius
700 2120 817 2144 causa
848 2120 991 2157 cupere
1023 2120 1113 2144 eum
1145 2105 1339 2153 intellexi3
1383 2105 1513 2155 itaque
1546 2105 1621 2142 hoc

285 2172 398 2209 valde
419 2179 457 2209 te
479 2172 587 2220 rogo)
608 2186 616 2218 3
653 2171 798 2210 deinde
826 2173 1013 2221 Nysaeos,
1038 2184 1136 2221 quos
1159 2172 1267 2209 Nero
1288 2171 1326 2208 in
1348 2169 1481 2221 primis
1502 2168 1620 2207 habet

285 2237 526 2276 necessarios
549 2236 927 2287 diligentissimeque
957 2244 1086 2274 tuetur
1105 2250 1150 2274 ac
1172 2236 1359 2281 defendit,
1383 2235 1528 2273 habeas
1549 2232 1618 2272 tibi

285 2302 709 2349 commendatissian
734 2310 775 2340 ut
803 2302 999 2352 intellegat
1030 2302 1094 2339 illa
1121 2301 1255 2339 civitas
1285 2300 1356 2339 sibi
1386 2300 1424 2338 in
1450 2298 1619 2338 Neronis
1638 2307 1680 2340 30

335 2417 345 2436 1
374 2405 451 2446 scd]
480 2407 527 2436 sic
557 2405 694 2445 Bengel:
733 2405 779 2435 ita
806 2403 947 2436 λαμπὰς
987 2404 1047 2436 del.
1077 2405 1167 2435 Koch
1333 2415 1354 2443 9
1378 2413 1453 2434 enm
1482 2403 1524 2433 dc
1551 2412 1618 2442 quo

287 2449 406 2480 Lam't.
427 2462 433 2480 :
458 2459 523 2488 quo
540 2447 628 2480 codd.
649 2461 654 2479 :
680 2458 781 2488 quom
799 2453 859 2478 au!
875 2449 929 2488 qui
948 2450 1024 2479 coni.
1049 2448 1276 2479 .llcudae·lssolm
