1791 2796
138 136 185 174 X.
207 137 318 173 xxiv'
629 136 685 174 M.
718 135 885 173 TVLLI
918 135 1225 174 CICERONIS

259 257 359 286 sunt.
421 249 563 299 Neque
593 260 666 297 ego
696 246 897 298 superiora
926 254 1127 298 repetam;
1156 249 1225 287 sed
1252 261 1299 286 ex
1323 261 1371 287 eo
1401 255 1596 300 ternpore,

260 326 340 363 quo
362 314 446 363 ipse
466 312 563 351 mihi
584 314 782 363 professus
803 320 861 351 est
881 326 923 351 se
944 315 1088 360 venire,
1110 312 1141 350 si
1160 312 1293 351 venire
1309 313 1510 361 voluisset,
1528 321 1595 353 aut

260 391 492 430 oppressum
541 377 619 416 iam
668 378 815 417 bellum
865 385 966 416 esset
1008 386 1076 416 aut
1119 380 1159 416 in
1197 378 1482 417 aversissimam
1522 379 1595 417 illis

262 443 498 495 Hispaniam
520 456 611 482 cum
632 443 870 482 detrimento
887 456 1023 481 corum
1041 443 1213 482 maximo
1229 450 1439 482 extrusum.
1482 444 1596 493 Quae

260 523 371 548 mens
410 522 500 548 eum
535 516 602 547 aut
634 521 802 559 quorum
836 507 1000 546 consilia
1030 521 1053 546 a
1087 515 1196 547 tanta
1228 507 1363 559 gloria,
1398 508 1472 547 sibi
1504 522 1595 548 vero
1616 522 1633 555 5

260 575 378 613 etiam
413 574 633 613 necessaria
670 587 716 613 ac
755 573 923 620 salutari,
955 573 1127 612 avocarit
1161 581 1199 612 et
1233 575 1283 612 ad
1316 573 1595 625 cogitationem

260 641 487 679 consulatus
504 639 700 678 bimestris
717 653 874 678 summo
890 652 981 678 cum
999 646 1142 677 terrore
1163 638 1369 677 hominum
1392 647 1429 678 et
1450 639 1597 678 insulsa

217 715 240 754 7
262 720 352 745 cum
378 704 654 755 efflagitatione
678 704 930 752 transtulerit,
951 712 1136 755 exputare
1156 718 1237 744 non
1258 718 1434 755 possum.
1494 706 1596 743 Mul-

260 780 344 810 tum
377 772 416 809 in
452 772 525 810 hac
558 785 596 809 re
630 770 725 809 mihi
757 770 940 809 videntur
971 770 1179 809 necessarii
1211 770 1294 809 eius
1329 779 1367 809 et
1398 770 1452 809 rei
1486 784 1522 821 p.
1557 778 1596 809 et

260 837 381 887 ipsius
402 850 520 875 causa
542 837 731 886 proficere
760 849 890 887 posse,
910 835 1138 887 plurimum,
1160 844 1200 874 ut
1229 843 1339 887 puto,
1361 844 1401 874 tu
1423 849 1595 887 quoque,
1618 851 1656 872 10

260 902 371 940 cuius
411 902 474 940 ille
514 910 622 940 tanta
661 901 797 939 merita
836 902 969 948 habet,
1001 909 1149 951 quanta
1178 914 1299 939 nemo
1330 908 1484 950 praeter
1518 914 1591 940 me.

261 969 491 1017 Numquam
532 966 636 1004 enim
677 965 885 1004 obliviscar
924 965 1093 1004 maxima
1130 979 1177 1004 ac
1215 965 1383 1015 plurima
1422 979 1485 1004 me
1524 966 1595 1005 tibi

260 1034 417 1072 debere.
480 1034 541 1071 De
562 1031 622 1070 his
644 1032 759 1070 rebus
782 1040 823 1070 ut
844 1031 1012 1081 exigeret
1033 1044 1123 1069 cum
1156 1044 1204 1070 eo
1231 1031 1376 1070 Furnio
1397 1032 1592 1070 mandavi.

263 1100 384 1148 Quod
409 1098 439 1136 si
471 1106 659 1148 quantam
693 1098 823 1136 debeo
854 1098 1030 1135 habuero
1057 1097 1163 1147 apud
1191 1110 1282 1135 eum
1309 1096 1595 1146 auctoritatem,

219 1169 243 1206 8
263 1164 475 1215 plurimum
505 1163 634 1214 ipsum
669 1163 813 1202 iuvero.
874 1164 959 1201 Nos
991 1163 1139 1201 interea
1172 1162 1328 1201 duriore
1359 1162 1595 1202 condicione
1618 1175 1655 1207 15

261 1228 698 1285 bellumpsustinemuffi
740 1229 848 1278 quod
895 1241 1025 1278 neque
1062 1227 1398 1278 expeditissimam
1437 1227 1596 1266 dimica-

259 1296 408 1334 tionem
430 1302 614 1345 putamus
639 1307 768 1344 neque
790 1302 922 1332 tamen
943 1293 1173 1344 refugiendo
1193 1292 1438 1332 commissuri
1460 1307 1594 1332 sumus

259 1369 300 1398 ut
328 1360 453 1398 maius
479 1359 760 1398 detrimentum
789 1372 848 1397 res
876 1372 912 1410 p.
936 1358 1114 1409 accipere
1140 1358 1278 1408 possit.
1335 1359 1456 1407 Quod
1478 1358 1509 1397 si
1528 1366 1594 1397 aut

261 1428 406 1465 Caesar
446 1440 486 1464 se
521 1425 746 1475 respexerit,
777 1432 844 1463 aut
879 1424 1088 1463 Africanae
1120 1424 1294 1474 legiones
1326 1424 1502 1463 celeriter
1534 1437 1593 1462 ve-

258 1491 400 1538 nerint,
429 1504 586 1529 securos
615 1503 683 1528 vos
713 1490 762 1528 ab
795 1491 867 1527 hac
897 1497 1007 1539 parte
1036 1490 1258 1528 reddemus.
1318 1490 1395 1535 Tu,
1422 1496 1463 1526 ut
1490 1487 1594 1526 insti·
1615 1500 1655 1521 20

258 1556 378 1603 misti,
396 1569 458 1594 me
479 1555 617 1605 diligas
638 1568 732 1605 rogo
757 1553 992 1605 proprieque
1013 1562 1125 1593 tuum
1147 1566 1232 1592 esse
1253 1552 1322 1592 tibi
1344 1553 1590 1603 persuadeas.

258 1636 291 1659 v.
318 1622 366 1659 K.
391 1622 492 1659 Sext.
517 1634 563 1659 ex
583 1619 729 1659 castris.

301 1751 430 1792 XXV
553 1759 623 1791 Ser.
644 1759 772 1789 Romae
787 1759 854 1789 rv'rc.
876 1759 920 1789 vsi
934 1758 978 1790 K.
995 1758 1070 1789 Ilm.
1091 1769 1119 1789 a.
1143 1768 1196 1797 711
1215 1758 1298 1797 (43).

664 1831 840 1862 CICERO
868 1831 901 1861 S.
932 1831 970 1861 D.
1000 1829 1188 1861 FVRNIO.

225 1921 240 1948 1
315 1909 353 1948 Si
387 1910 561 1957 interest,
596 1911 635 1948 id
671 1911 779 1959 quod
815 1909 996 1947 homines
1031 1908 1279 1955 arbitrantur,
1313 1908 1365 1946 rei
1398 1921 1433 1957 p.
1468 1914 1519 1954 te,
1550 1913 1592 1944 ut
1614 1920 1652 1953 ²5

261 1974 461 2013 instituisti
491 1983 611 2025 atque
641 1975 778 2023 fecisti,
811 1989 952 2013 navare
983 1987 1143 2025 operam
1175 1974 1370 2022 rebusque
1401 1971 1592 2019 maximis,

259 2053 360 2090 quae
394 2042 444 2078 ad
477 2041 782 2091 exstinguendas
815 2040 997 2090 reliquias
1034 2038 1125 2078 belli
1157 2038 1366 2089 pertinent,
1393 2037 1592 2086 interesse,

259 2105 354 2143 nihil
395 2105 538 2144 videris
580 2106 719 2146 melius
760 2119 888 2155 neque
934 2104 1171 2143 laudabilius
1214 2116 1343 2154 neque
1388 2101 1591 2141 honestius

258 2172 384 2209 facere
405 2183 532 2220 posse,
557 2171 751 2220 istamque
779 2183 938 2220 operam
965 2177 1087 2217 tuam,
1108 2168 1335 2216 navitatem,
1354 2169 1530 2206 animum
1551 2165 1590 2204 in

258 2250 337 2274 rem
374 2249 409 2286 p.
448 2234 634 2273 celeritati
672 2243 875 2285 praeturae
913 2234 1233 2284 anteponendam
1270 2245 1424 2271 censeo.
1484 2232 1591 2270 Nolo
1613 2248 1652 2277 30

303 2346 322 2374 3
347 2336 620 2367 adversissimam
648 2334 735 2366 Crat.
911 2336 932 2364 6
955 2333 1149 2364 avocarint.
1171 2356 1177 2363 .
1199 2356 1206 2363 .
1228 2330 1462 2362 transtulerint
1494 2330 1592 2360 Klotz

260 2391 276 2419 7
303 2380 473 2410 bimestris
490 2378 577 2409 codd.
598 2390 603 2409 :
635 2377 925 2417 quinquemestris
957 2388 978 2407 v
993 2380 1022 2407 et
1037 2377 1062 2407 ii
1080 2381 1173 2416 saepe
1196 2375 1331 2414 confusa
1362 2377 1454 2414 sunt)
1472 2373 1567 2405 Man.
1583 2385 1590 2404 :

259 2424 433 2454 semestris
450 2423 500 2461 (bi
516 2438 542 2448 =
562 2422 610 2461 ui)
624 2421 749 2462 Lange,
762 2421 798 2461 cſs
817 2431 870 2452 xv.
885 2431 915 2458 4.
934 2420 955 2450 8
1057 2430 1100 2460 30
1124 2418 1399 2458 anteponendum
1417 2421 1488 2448 vett.
1503 2429 1509 2447 :
1535 2418 1591 2448 -da

259 2466 378 2505 Baiter,
396 2465 452 2497 sed
464 2466 501 2506 cs]
518 2475 568 2497 21.
583 2476 602 2506 5
