1791 2796
113 168 230 206 XIII.
251 167 374 204 lxviii
628 167 682 203 M.
715 166 882 205 TVLLI
915 164 1222 204 CICERONIS

260 286 395 329 agatur
433 284 565 316 autem
615 276 781 315 scribam
824 275 989 326 saepius.
1068 277 1231 326 Sperare
1279 282 1410 314 tamen
1459 275 1593 315 videor

262 342 429 390 Caesari,
463 344 650 394 conlegae
684 350 829 389 nostro,
866 343 947 381 fore
978 355 1094 380 curae
1124 349 1161 380 et
1191 355 1276 380 esse
1307 349 1349 380 ut
1379 341 1595 380 habeamus

261 409 434 460 aliquam
456 422 537 447 rem
560 422 608 459 p.,
632 407 743 446 cuius
765 407 937 446 consiliis
959 406 1092 457 magni
1114 407 1305 445 referebat
1327 414 1364 445 te
1385 405 1595 454 interesse3

262 476 331 513 sed
363 474 393 513 si
424 473 493 512 tibi
524 473 655 512 utilius
687 481 755 520 est,
792 473 832 512 id
863 481 921 511 est
952 472 1169 523 gloriosius,
1196 472 1315 512 Asiae
1347 486 1527 523 praeesse
1558 480 1596 511 et

262 539 375 578 istam
398 548 547 590 partem
574 538 625 578 rei
648 553 683 590 p.
709 540 809 577 male
838 539 1034 577 adfectam
1057 537 1165 585 tueri,
1190 537 1285 576 mihi
1307 551 1466 588 quoque
1491 537 1595 577 idem
1616 548 1634 581 5

262 606 371 655 quod
393 605 463 643 tibi
485 613 523 644 et
555 605 659 643 laudi
689 612 778 643 tuae
804 605 1050 655 profuturum
1078 611 1135 643 est
1160 603 1331 655 optatius
1352 604 1471 643 debet
1497 617 1593 642 esse.

219 683 242 720 3
265 672 350 722 Ego
371 684 471 721 quae
499 671 550 709 ad
579 678 685 708 tuam
715 669 946 720 dignitatem
978 668 1171 719 pertinere
1198 668 1415 707 arbitrabor
1441 682 1598 708 summo

262 736 394 775 studio
435 735 716 786 diligentiaque
767 735 914 774 curabo
963 734 1002 773 in
1045 734 1258 785 primisque
1302 734 1442 773 tuebor
1488 734 1596 774 omni

261 802 511 842 observantia
542 802 800 841 clarissimum
829 801 964 848 virum,
998 808 1148 851 patrem
1177 808 1299 848 tuum,
1333 801 1441 851 quod
1466 808 1503 839 et
1528 814 1598 851 pro

261 877 453 908 vetustate
475 867 776 907 necessitudinis
801 876 838 907 et
861 881 930 918 pro
947 866 1150 907 beneficiis
1172 866 1306 906 vestris
1327 874 1365 907 et
1386 879 1456 918 pro
1476 865 1599 917 digni·
1620 883 1660 907 10

262 943 341 974 tate
361 934 482 986 ipsius
502 936 629 974 facere
650 934 790 974 debeo.

308 1093 454 1129 LXIX
597 1095 663 1128 Scr.
687 1096 824 1135 Romae,
844 1100 880 1127 ul
899 1095 1031 1137 w‘dclur,
1052 1107 1083 1128 a.
1104 1098 1163 1135 708
1182 1095 1267 1136 (463.

483 1173 659 1205 CICERO
686 1174 720 1206 P.
750 1174 972 1205 SERVILIO
1000 1173 1254 1206 CONLEGAE
1279 1173 1313 1205 S,
1343 1172 1378 1204 P.

228 1270 242 1296 1
320 1255 364 1293 C.
389 1253 547 1293 Curtius
581 1253 747 1292 Mithres
776 1262 833 1292 est
860 1253 923 1292 ille
952 1253 1124 1304 quidem,
1159 1260 1200 1291 ut
1228 1252 1314 1299 scis,
1341 1251 1502 1290 libertus
1531 1252 1600 1289 Po-

263 1318 392 1366 stumi,
427 1318 713 1358 familiarissimi
750 1318 837 1366 mei,
873 1319 942 1358 sed
977 1332 1039 1358 me
1069 1318 1162 1357 colit
1194 1325 1233 1357 et
1265 1317 1446 1357 observat
1475 1330 1600 1367 aeque
1623 1329 1661 1362 ¹5

262 1392 381 1435 atque
416 1384 526 1423 illum
561 1383 689 1434 ipsum
724 1392 932 1435 patronum
967 1397 1092 1423 suum.
1155 1384 1275 1434 Apud
1311 1396 1401 1422 eum
1434 1396 1507 1433 ego
1546 1381 1601 1420 sie

267 1449 412 1501 Ephesi
453 1449 516 1496 fui,
561 1449 918 1500 quotienscumque
967 1449 1031 1497 fui,
1081 1457 1282 1500 tamquam
1325 1447 1434 1487 domi
1476 1460 1598 1493 meae,

265 1516 466 1565 multaque
489 1514 718 1554 acciderunt
746 1514 785 1552 in
811 1514 954 1565 quibus
986 1522 1023 1553 et
1052 1514 1369 1554 benevolentiam
1398 1513 1481 1552 eius
1512 1526 1601 1563 erga

265 1594 327 1619 me
348 1580 539 1631 experirer
559 1588 597 1618 et
619 1581 748 1619 fidem.
813 1581 952 1631 Itaque
975 1580 1004 1619 si
1027 1580 1122 1631 quid
1136 1588 1202 1619 aut
1225 1580 1319 1619 mihi
1337 1587 1405 1619 aut
1421 1592 1598 1619 meorum

264 1645 433 1696 cuipiam
455 1645 494 1684 in
516 1646 610 1684 Asia
631 1659 730 1696 opus
752 1654 820 1693 est,
845 1644 897 1685 ad'
924 1647 1029 1685 hunc
1059 1646 1227 1686 scribere
1255 1645 1453 1693 consuevi,
1484 1644 1598 1683 huius
1619 1658 1660 1682 20

264 1725 352 1749 cum
376 1725 495 1761 opera
515 1720 552 1750 et
575 1712 652 1750 fide
673 1719 755 1750 tum
779 1712 900 1750 domo
923 1719 963 1750 et
986 1726 1025 1751 re
1048 1712 1103 1751 uti
1127 1721 1328 1764 tamquam
1352 1725 1449 1751 mea.

320 1779 432 1816 Haec
466 1778 517 1816 ad
547 1785 584 1816 te
614 1791 661 1816 eo
692 1777 867 1827 pluribus
900 1777 1034 1829 scripsi
1066 1786 1107 1817 ut
1145 1778 1388 1830 intellegeres
1423 1791 1486 1817 me
1520 1791 1600 1816 non

266 1844 445 1892 †vulgare
476 1856 550 1882 nec
573 1842 792 1891 ambitiose,
822 1845 891 1883 sed
922 1853 963 1884 ut
986 1859 1054 1895 pro
1083 1845 1244 1884 homine
1272 1844 1412 1883 intimo
1436 1857 1482 1882 ac
1507 1842 1600 1881 mihi

223 1927 246 1953 2
266 1908 556 1959 pernecessario
586 1908 765 1948 scribere.
844 1913 940 1951 Peto
971 1912 1084 1963 igitur
1112 1926 1135 1951 a
1165 1907 1202 1952 te
1234 1920 1275 1951 ut
1306 1911 1344 1950 in
1376 1924 1421 1950 ea
1450 1916 1602 1948 contro-

266 1974 398 2021 versia,
423 1989 541 2026 quam
571 1977 689 2015 habet
718 1978 768 2015 de
797 1979 920 2018 fundo
951 1993 1040 2018 cum
1070 1980 1244 2031 quodam
1276 1975 1540 2028 Colophonio,
1564 1980 1602 2012 et
1623 1984 1661 2017 25

267 2040 305 2078 in
341 2040 478 2079 ceteris
513 2042 628 2080 rebus
660 2052 852 2094 quantum
890 2046 986 2085 sides
1024 2054 1090 2085 tua
1124 2044 1292 2096 patietur
1331 2049 1603 2094 quantumque

267 2114 334 2144 tuo
367 2109 580 2147 commodo
616 2113 760 2162 poteris
801 2121 952 2153 tantum
986 2115 1018 2153 ei
1055 2112 1216 2153 honoris
1247 2111 1322 2151 mei
1354 2122 1471 2149 causa
1501 2119 1604 2146 com-

268 2173 433 2221 mOdCS3
462 2175 534 2214 etsi
562 2187 603 2218 ut
634 2182 716 2221 eius
741 2184 974 2223 modestiam
999 2182 1176 2233 cognovi,
1200 2181 1324 2233 gravis
1347 2179 1414 2218 tibi
1439 2178 1544 2215 nulla
1564 2172 1603 2211 in

268 2252 306 2276 re
338 2238 419 2278 erit.
479 2242 518 2281 Si
552 2254 589 2285 et
624 2263 709 2288 mea
744 2248 1091 2289 commendatione
1132 2255 1170 2287 et
1202 2261 1271 2286 sua
1307 2246 1500 2297 probitate
1539 2242 1604 2280 ad-

268 2319 424 2349 SeCutUS
464 2315 534 2355 erit
564 2324 606 2355 ut
638 2317 688 2356 de
722 2331 763 2356 se
795 2316 897 2356 bene
932 2315 1140 2362 existimes,
1172 2312 1306 2353 onmia
1339 2327 1380 2352 se
1413 2312 1601 2362 adeptum
1623 2312 1665 2343 30

314 2431 353 2459 23
380 2420 534 2462 vulgare]
561 2421 731 2456 vulgarem
759 2421 788 2451 in
816 2421 949 2451 modum
980 2417 1189 2459 Wesenbergr:
1215 2416 1342 2457 vulgari
1369 2424 1460 2447 more
1485 2414 1601 2446 Klolz:

269 2465 418 2503 vulgarie
436 2467 513 2496 coni.
538 2465 661 2496 Mt'illcr
