1791 2796
549 166 660 204 EPP.
694 166 770 202 ΛῘ)
804 165 1150 204 FAMILIARES
1467 167 1535 204 IX.
1554 166 1584 203 ii

184 285 357 317 mentem
378 279 527 317 bellum
552 290 636 316 esse
660 276 793 327 aliquo
813 276 927 324 exire,
951 284 992 315 ut
1013 290 1068 324 ea,
1093 290 1193 328 quae
1213 278 1429 328 agebantur
1449 277 1514 315 hic

183 357 364 394 quaeque
384 343 625 389 dicebantur,
649 356 722 381 nec
743 341 916 381 viderem
938 356 1011 381 nec
1031 342 1218 381 audirem.
1269 343 1347 381 Sed
1368 344 1512 381 calum-

184 409 318 447 niabar
346 409 454 459 ipse3
482 409 682 459 putabam,
707 407 773 458 qui
802 407 959 446 obviam
986 408 1081 446 mihi
1103 408 1281 454 venisset,
1305 416 1347 446 ut
1368 408 1511 458 cuique

182 476 439 513 commodum
461 481 572 520 esset,
597 473 884 523 suspicaturum
909 480 976 511 aut
997 472 1204 520 dicturum,
1229 473 1345 512 etiam
1374 473 1404 511 si
1430 487 1510 512 non

146 554 162 585 5
183 540 464 591 suspicaretur:
509 538 612 577 ‘Hic
646 546 713 576 aut
748 538 887 577 metuit
921 546 958 576 et
989 552 1034 577 ea
1068 552 1106 577 re
1139 538 1235 588 sugit
1265 547 1332 577 aut
1363 539 1511 589 aliquid

181 605 325 656 cogitat
355 613 392 644 et
422 606 541 643 habet
570 617 710 642 navem
741 605 940 654 paratam.’
1000 603 1194 653 Denique,
1224 604 1419 643 levissime
1446 605 1512 655 qui

180 671 440 722 suspicaretur
461 678 498 709 et
525 669 591 720 qui
613 671 776 708 fortasse
801 683 864 708 me
892 669 1040 720 optime
1069 669 1250 716 novisset,
1275 678 1427 720 putaret
1448 683 1512 708 me

180 736 326 775 idcirco
355 736 566 782 discedere,
599 737 708 786 quod
739 737 932 785 quosdam
965 734 1145 774 homines
1175 736 1278 773 oculi
1309 735 1384 774 mei
1415 737 1511 774 ferre

179 816 259 841 non
281 810 450 853 possent.
513 803 627 840 Haec
648 815 720 851 ego
742 801 945 851 suspicans
969 802 1099 840 adhuc
1122 802 1275 839 Rornae
1297 814 1449 847 maneo,
1473 809 1511 839 et

124 876 311 906 1³tamen
350 868 562 917 λεληθότως
598 868 847 906 consuetudo
881 866 1021 905 diurna
1055 867 1196 905 callum
1233 866 1309 904 iam
1345 867 1510 905 obduxit

180 935 384 972 stomacho
414 947 514 972 meo.
576 932 715 970 Habes
743 931 933 970 rationem
963 932 1037 970 mei
1066 930 1214 970 consili.
1274 931 1366 970 Tibi
1396 931 1552 982 igitur4

179 1000 255 1037 hoc
293 1013 446 1046 censeo,
490 999 692 1037 latendum
733 997 920 1047 tantisper
958 996 1118 1043 ibidem,
1159 998 1255 1035 dum
1295 997 1510 1036 effervescit

179 1065 275 1103 haec
304 1064 509 1115 gratulatio
531 1071 568 1102 et
596 1063 711 1101 simul
743 1064 838 1102 dum
869 1062 1075 1102 audiamus
1115 1076 1233 1113 quem
1265 1064 1316 1102 ad
1345 1065 1507 1103 modum

179 1130 379 1180 negotium
419 1131 643 1169 confectum
679 1129 752 1177 sit3
795 1130 1020 1168 confectum
1055 1128 1161 1167 enim
1196 1141 1281 1168 esse
1315 1129 1505 1168 existimo.

125 1208 160 1239 ¹5
181 1195 316 1245 Magni
337 1203 467 1234 autem
495 1194 667 1233 intererit
695 1193 761 1244 qui
789 1193 903 1232 fuerit
923 1193 1078 1232 victoris
1106 1193 1271 1241 animus,
1295 1194 1362 1244 qui
1383 1194 1507 1233 exitus

179 1275 305 1300 rerum
322 1276 330 1308 ;
370 1274 610 1311 quamquam
646 1274 726 1310 quo
762 1274 824 1298 me
856 1259 1080 1298 coniectura
1111 1260 1231 1298 ducat
1264 1260 1404 1307 babeo,
1436 1261 1506 1299 sed

178 1335 362 1377 exspecto
384 1334 526 1365 tamen.
588 1327 646 1364 Te
668 1339 759 1364 vero
788 1326 889 1371 nolo,
914 1324 987 1363 nisi
1008 1324 1091 1375 ipse
1115 1339 1246 1364 rumor
1267 1325 1344 1364 iam
1366 1339 1505 1365 raucus
1523 1330 1547 1368 5

177 1392 248 1431 erit
286 1394 419 1438 factus
455 1393 506 1430 ad
542 1391 656 1429 Baias
690 1390 845 1438 venire,
889 1390 959 1429 erit
993 1390 1096 1428 enim
1137 1390 1251 1429 nobis
1290 1390 1502 1437 honestius,

177 1458 294 1497 etiam
329 1471 418 1496 cum
450 1457 542 1495 hinc
577 1456 882 1502 discesserimus,
918 1455 1039 1494 videri
1072 1456 1225 1495 venisse
1255 1456 1294 1494 in
1323 1456 1387 1495 illa
1420 1458 1507 1495 loca

120 1537 159 1558 20
177 1525 371 1574 ploratum
391 1523 521 1573 potius
541 1536 656 1572 quam
678 1529 865 1560 natatum.
917 1522 994 1560 Sed
1011 1522 1108 1560 haec
1129 1528 1170 1559 tu
1192 1521 1330 1560 melius
1345 1537 1355 1570 ;
1385 1523 1506 1561 modo

177 1589 290 1627 nobis
312 1597 386 1627 stet
406 1589 514 1636 illud,
537 1602 615 1627 una
636 1588 765 1626 vivere
787 1587 826 1625 in
847 1586 985 1626 studiis
1011 1586 1161 1633 nostris,
1185 1601 1207 1625 a
1228 1587 1371 1637 quibus
1391 1595 1507 1627 antea

175 1654 478 1692 delectationem
509 1655 630 1692 modo
662 1653 903 1703 petebamus,
930 1665 1034 1690 nunc
1057 1665 1148 1690 vero
1168 1651 1285 1690 etiam
1313 1654 1506 1701 salutem,-

176 1732 255 1757 non
276 1720 422 1766 deesse,
447 1718 478 1757 si
499 1719 586 1768 quis
613 1718 801 1756 adbibere
829 1718 942 1763 volet,
967 1730 1047 1755 non
1069 1717 1189 1755 modo
1210 1725 1252 1754 ut
1272 1717 1505 1757 architectos

175 1797 308 1822 verum
340 1783 457 1822 etiam
490 1791 532 1821 ut
562 1784 691 1821 fabros
726 1784 776 1820 ad
809 1782 1095 1820 aedificandam
1126 1794 1206 1819 rem
1237 1782 1435 1831 publicam
1468 1791 1505 1821 et

118 1862 156 1893 25
176 1848 304 1898 potius
335 1846 500 1886 libenter
526 1860 725 1886 accurrere
742 1862 750 1893 3
786 1846 816 1884 si
848 1859 965 1885 nemo
993 1853 1122 1884 utetur
1151 1859 1278 1896 opera,
1309 1854 1439 1886 tamen
1468 1857 1505 1887 et

175 1912 342 1951 scribere
374 1921 410 1951 et
443 1914 568 1962 legere
598 1913 785 1953 πολιτείας
816 1920 863 1958 et,
897 1911 927 1949 si
960 1910 1090 1949 minus
1114 1909 1154 1948 in
1184 1910 1289 1949 curia
1318 1919 1436 1962 atque
1466 1913 1504 1951 in

175 1979 268 2022 foro,
292 1985 330 2015 at
357 1977 396 2015 in
429 1977 563 2015 litteris
595 1984 633 2016 et
665 1977 781 2023 libris,
814 1985 855 2015 ut
888 1975 1106 2015 doctissimi
1136 1983 1284 2014 veteres
1316 1977 1500 2024 fecerunt,

173 2056 340 2092 gnavare
364 2057 444 2081 rem
474 2057 508 2093 p.
536 2050 574 2081 et
605 2044 655 2082 de
684 2042 857 2081 moribus
887 2056 932 2080 ac
964 2041 1115 2092 legibus
1145 2054 1339 2091 quaerere.
1402 2043 1503 2081 Mihi

174 2109 270 2145 haec
305 2107 509 2153 videntur:
550 2115 591 2145 tu
626 2107 721 2157 quid
757 2107 806 2145 sis
846 2114 1002 2145 acturus
1042 2114 1080 2145 et
1117 2106 1212 2156 quid
1247 2106 1317 2145 tibi
1352 2109 1503 2157 placeat

116 2185 156 2215 30
174 2180 392 2222 pergratum
414 2172 484 2211 erit
505 2172 535 2210 si
555 2173 604 2210 ad
627 2186 689 2210 me
710 2171 915 2222 scripseris
1043 2174 1046 2175 ⁷

215 2287 236 2315 9
260 2282 398 2316 possent
416 2281 484 2308 vett.
506 2289 512 2307 :
536 2282 629 2307 -sunt
646 2276 730 2307 codd.
865 2287 903 2307 10
927 2277 1086 2308 diuturna
1105 2278 1190 2318 vulg.
1331 2289 1368 2309 12
1390 2278 1499 2309 deler-

172 2325 285 2350 vescat
305 2320 420 2352 Lamh.
440 2333 446 2351 :
470 2321 672 2351 defervescit
692 2319 851 2351 Graevius
968 2331 1010 2351 20
1033 2331 1131 2360 quam
1150 2320 1223 2351 add.
1243 2320 1282 2350 H
1297 2321 1405 2359 (man.
1424 2322 1496 2362 rec.)

174 2363 236 2393 hoc
266 2362 453 2404 lifesenbmg
691 2364 731 2394 28
755 2374 903 2403 gnavare
929 2363 1180 2395 Mendelssolm:
1219 2374 1360 2403 gravare
1384 2364 1472 2396 codd.
1492 2377 1499 2396 z

173 2405 360 2445 gubernare
383 2407 413 2437 V
410 2408 456 2439 iet.

1353 2463 1411 2492 16*-
