1791 2796
543 179 654 215 EPP.
688 179 764 215 ΑΙ)
798 178 1144 216 FAMILIARES
1452 178 1544 213 VH.
1571 176 1676 212 xxix

197 290 298 328 bare.
360 291 475 339 Ergo,
513 297 676 339 patrone
715 288 782 335 mi,
822 289 922 325 bene
962 290 1046 326 vale
1084 288 1354 338 Tironemque
1394 300 1524 325 meum

196 357 319 393 saluta
341 355 480 393 nostris
501 354 637 392 verbis.
700 356 801 392 Data
821 367 852 392 a.
877 354 913 391 d.
938 365 999 391 1111
1026 355 1073 391 K.
1100 355 1198 391 Nov.

243 506 370 542 XXX
523 508 593 541 Scr.
614 507 744 539 Romae
759 508 802 538 in.
824 519 868 539 711.
887 508 958 539 Ian.
977 518 1006 539 (ι.
1029 518 1086 548 710
1110 509 1193 547 s445.

599 587 774 618 CICERO
800 587 944 618 CVRIO
972 587 1005 617 S.
1036 587 1075 618 Ϊ).

159 680 176 712 5
252 669 337 717 Ego
357 680 448 705 vcro
475 666 551 705 iam
582 674 619 704 te
646 680 718 704 nec
743 667 876 704 hortor
905 680 977 704 nec
1005 679 1098 715 rogo
1120 673 1160 704 ut
1182 666 1346 704 domum
1368 667 1503 704 redeas
1519 681 1529 713 ;
1548 679 1563 706 1

196 733 291 783 quin
320 731 412 770 hinc
441 731 523 782 ipse
551 733 703 769 evolare
732 731 849 781 cupio
878 739 914 768 et
942 730 1076 780 aliquo
1098 730 1313 779 pervenire,
1334 731 1425 768 <ubi
1456 745 1529 769 nec

199 798 475 848 Pelopidarum
511 810 656 835 nomen
693 810 766 835 nec
802 798 902 834 sacta
941 796 1126 834 audiam.⁷
1195 796 1433 834 Incredibile
1472 804 1529 834 est

197 878 315 914 quam
352 863 513 913 turpiter
545 861 640 900 mihi
674 864 799 900 facere
829 862 974 909 videar,
1004 861 1070 911 qui
1101 861 1161 899 bis
1191 861 1307 899 rebus
1342 861 1527 900 intersim.

198 931 260 967 Ne
287 937 328 967 tu
355 928 496 966 videris
525 930 649 966 multo
677 936 769 965 ante
797 927 1014 977 providisse
1043 927 1138 976 quid
1166 926 1425 977 impenderet,
1446 935 1529 965 tum

141 1012 179 1033 10
197 1007 288 1033 cum
309 993 402 1032 hinc
422 989 636 1044 profugisti.
698 994 952 1043 Quamquam
975 994 1072 1031 haec
1094 993 1211 1031 etiam
1232 992 1369 1031 auditu
1390 994 1530 1032 acerba

198 1068 301 1107 sunt,
322 1068 454 1097 tamen
474 1059 610 1097 audire
632 1058 875 1097 tolerabilius
897 1066 954 1096 est
976 1071 1094 1107 quam
1116 1057 1258 1096 videre.
1320 1059 1367 1096 In
1389 1071 1531 1108 campo

197 1133 301 1163 certe
340 1138 420 1162 non
459 1123 578 1169 fuisti,
612 1137 703 1161 cum
743 1125 839 1161 hora
878 1124 1051 1161 secunda
1091 1122 1260 1161 comitiis
1300 1123 1531 1173 quaestoriis

198 1190 382 1228 institutis
403 1191 497 1228 sella
519 1190 567 1238 Q.
588 1189 766 1235 Maximi,
783 1202 901 1238 quem
924 1188 976 1226 illi
999 1190 1203 1227 consulem
1226 1202 1310 1227 esse
1331 1189 1531 1231 dicebant,

197 1255 326 1305 posita
355 1262 480 1302 esset,
515 1268 595 1304 quo
626 1262 782 1292 mortuo
812 1254 993 1292 nuntiato
1024 1255 1118 1292 sella
1147 1255 1300 1292 sublata
1328 1262 1421 1299 est„
1459 1256 1531 1293 Ille

143 1333 178 1364 15
198 1329 344 1368 autem,
383 1320 450 1370 qui
488 1319 657 1358 comitiis
696 1319 850 1357 tributis
897 1327 998 1357 esset
1037 1319 1276 1369 auspicatus,
1316 1319 1531 1358 centuriata

198 1385 349 1433 habuit,
378 1387 581 1423 consulem
616 1386 712 1423 hora
749 1384 915 1434 septima
945 1384 1193 1432 renuntiavit,
1223 1384 1290 1434 qui
1322 1398 1445 1435 usque
1479 1387 1530 1423 ad

200 1452 249 1488 K.
293 1452 375 1489 Ian.
418 1459 519 1488 esset
557 1463 659 1500 quae
698 1458 807 1488 erant
848 1451 999 1488 futurae
1039 1463 1154 1488 mane
1193 1450 1392 1500 postridie.
1470 1452 1530 1489 Ita

199 1515 368 1554 Caninio
388 1517 550 1554 consule
577 1515 675 1553 scito
696 1515 895 1553 neminem
917 1515 1130 1565 prandisse.
1192 1515 1300 1553 Nihil
1322 1523 1453 1554 tamen
1483 1530 1529 1553 eo

198 1583 359 1619 consule
390 1581 480 1618 mali
509 1582 654 1619 factum
685 1588 767 1627 est3
801 1580 873 1618 fuit
899 1580 1005 1618 enim
1036 1581 1196 1618 mirifica
1224 1580 1434 1630 vigilantia,
1462 1582 1529 1631 qui

141 1665 180 1686 20
199 1660 270 1684 suo
291 1653 374 1684 toto
394 1647 600 1684 consulatu
621 1658 805 1683 somnum
827 1658 907 1683 non
929 1645 1077 1683 viderit.
1140 1647 1253 1683 Haec
1275 1645 1343 1683 tibi
1367 1645 1529 1683 ridicula
1549 1659 1571 1684 2

199 1710 404 1758 videntur,
432 1724 513 1749 non
543 1710 648 1748 enim
678 1711 782 1747 ades.
844 1710 958 1758 Quae
988 1709 1019 1746 si
1049 1709 1213 1757 videres,
1238 1710 1417 1747 lacrimas
1448 1724 1527 1747 non

198 1783 360 1814 teneres.
413 1775 535 1824 Quid,
556 1775 587 1812 si
609 1782 737 1813 cetera
758 1774 959 1812 scribam?
988 1782 1078 1812 sunt
1099 1774 1205 1812 enim
1227 1774 1527 1812 innumerabilia

197 1841 347 1890 generis
369 1840 570 1887 eiusdem,
599 1853 701 1890 quae
722 1839 883 1889 quidem
911 1852 984 1889 ego
1010 1852 1091 1877 non
1119 1840 1271 1887 ferrem,
1292 1839 1365 1877 nisi
1394 1853 1456 1877 me
1488 1839 1527 1877 in

198 1906 471 1956 philosophiae
509 1913 665 1955 portum
698 1904 952 1943 contulissem
985 1913 1022 1942 et
1054 1904 1127 1942 nisi
1159 1905 1344 1943 haberem
1376 1904 1525 1943 socium

142 1987 178 2018 25
199 1971 417 2010 studiorum
439 1984 617 2009 meorum
638 1970 813 2008 Atticum
836 1978 1023 2009 nostrum.
1085 1969 1208 2009 Cuius
1229 1970 1416 2020 quoniam
1442 1983 1528 2020 pro-

198 2034 324 2084 prium
346 2042 383 2072 te
404 2047 488 2072 esse
509 2033 644 2071 scribis
666 2032 864 2082 mancipio
885 2040 922 2070 et
943 2046 1058 2079 nexo,
1079 2046 1211 2070 meum
1238 2040 1370 2071 autem
1395 2046 1467 2070 usu
1489 2041 1526 2071 et

196 2101 337 2146 fructu,
357 2106 566 2137 contentus
588 2099 662 2137 isto
682 2112 780 2136 sum.
832 2099 880 2136 Id
900 2098 1006 2136 enim
1027 2106 1084 2136 est
1101 2098 1291 2148 cuiusque
1312 2098 1526 2149 proprium,

197 2177 277 2213 quo
297 2163 464 2214 quisque
485 2163 621 2201 fruitur
640 2172 758 2213 atque
779 2162 908 2201 utitur.
968 2164 1046 2201 Sed
1068 2164 1165 2200 haec
1185 2163 1279 2201 alias
1304 2163 1491 2213 pluribus.

251 2228 414 2277 Acilius,
453 2229 521 2279 qui
560 2228 598 2266 in
640 2228 844 2266 Graeciam
885 2241 974 2266 cum
1014 2227 1234 2277 legionibus
1274 2228 1415 2266 missus
1455 2236 1568 2277 est,3
1603 2217 1612 2224 ⁵

142 2309 180 2339 30
199 2293 368 2332 maximo
398 2307 487 2332 meo
516 2293 747 2332 beneficiost
769 2293 845 2343 (bis
874 2292 980 2331 enim
1001 2300 1058 2331 est
1079 2306 1101 2331 a
1121 2306 1184 2331 me
1212 2292 1358 2331 iudicio
1388 2293 1525 2343 capitis

239 2408 261 2436 9
277 2408 320 2428 ne
337 2397 378 2428 M
392 2409 398 2428 :
423 2408 485 2428 nec
504 2396 568 2427 GR
660 2408 697 2436 14
712 2396 820 2436 esset]
839 2401 890 2427 est
907 2395 1094 2437 tsVesenbeug
1180 2406 1222 2435 30
1239 2406 1313 2426 meo
1327 2396 1524 2427 beneficiost

197 2440 293 2479 codd„
313 2442 348 2480 cs.
366 2441 451 2472 Phil.
472 2442 538 2472 viii.
563 2443 622 2472 18:
648 2440 721 2472 add.
742 2441 894 2472 adfectus
913 2440 999 2471 Crat.
1021 2450 1101 2471 usus
1123 2438 1316 2479 lVescnbfflg,
1338 2440 1460 2469 iniuria

241 2507 302 2528 εις.
323 2507 369 2527 AD
388 2507 467 2528 FAM.
1397 2495 1435 2524 14
