1791 2796
165 159 275 196 XVI.
296 158 338 194 iv
657 157 712 193 M.
745 156 913 209 'rfoLI
947 155 1253 193 CICERONIS

281 270 386 317 Tiro,
421 269 617 307 consulito
652 269 901 319 navigationi.
962 270 1081 307 Nulla
1116 268 1155 306 in
1190 282 1230 306 re
1263 267 1338 306 iam
1369 275 1407 306 te
1437 268 1619 309 festinare

235 343 260 380 4
282 337 372 373 volo
392 351 400 382 3
430 335 527 373 nihil
552 336 699 383 laboro,
723 334 796 373 nisi
826 342 868 373 ut
896 335 1024 373 salvus
1051 334 1112 372 sis.
1174 334 1236 372 Sic
1258 334 1415 382 habeto,
1438 334 1491 372 mi
1513 335 1618 383 Tiro,

282 401 482 439 neminem
505 414 590 439 esse
612 401 678 450 qui
701 414 763 439 me
784 408 888 439 amet
914 400 1009 450 quin
1039 399 1143 438 idem
1172 407 1210 437 te
1238 407 1354 447 amet,
1379 407 1415 438 et
1441 413 1531 438 cum
1553 408 1619 438 tua

281 476 319 506 ct
356 481 442 506 mea
477 466 646 505 maxime
682 466 840 504 interest
875 474 912 504 te
944 467 1082 513 valere,
1117 473 1199 503 tum
1236 465 1368 503 multis
1403 473 1460 504 cst
1491 479 1616 504 curae.

282 534 426 572 Adhuc
452 534 548 571 dum
578 531 673 570 mihi
702 533 810 570 nullo
840 533 929 570 loco
954 533 1094 570 deesse
1115 531 1183 579 vis,
1213 544 1431 581 numquam
1462 538 1500 569 te
1529 544 1621 570 con-
1639 546 1657 578 5

282 599 435 637 firmare
466 596 627 648 potuisti
644 612 654 645 ‚-
701 610 807 635 nunc
842 605 879 635 te
913 596 1011 635 nihil
1045 596 1238 647 impedit;
1281 595 1414 634 omnia
1449 597 1616 647 depone,

281 663 433 714 corpori
469 663 577 702 servi.
640 653 842 712 Quantam
873 661 1115 712 diligentiam
1146 660 1186 699 in
1214 660 1479 699 valetudinem
1510 668 1617 699 tuam

280 729 503 775 contuleris,
527 728 622 767 tanti
646 742 709 767 me
730 728 810 767 fieri
832 742 853 766 a
875 736 912 766 te
934 727 1128 766 iudicabo.
1189 727 1297 773 Vale,
1322 725 1374 763 mi
1395 725 1500 773 Tiro,
1520 727 1614 773 vale,

280 797 364 834 vale
394 804 431 833 et
464 796 577 832 salve.
641 796 764 844 Lepta
796 794 863 832 tihi
897 795 1061 831 salutem
1097 791 1191 830 dicit
1223 800 1260 830 et
1295 805 1444 830 omnes.
1504 793 1612 830 Vale.

280 872 335 898 v11
361 862 417 899 Id.
444 861 543 899 Nov.
570 861 764 898 Leucade.
1636 865 1677 889 10

319 1007 361 1042 V
589 1009 659 1041 ΞΝ.
683 1008 831 1040 meade
848 1008 956 1040 visld.
979 1007 1061 1040 Nov.
1084 1019 1116 1040 a.
1137 1019 1196 1048 701
1218 1009 1297 1047 (jd.

313 1087 511 1119 TVLLIVS
539 1087 596 1118 ET
621 1087 797 1118 CICERO
825 1086 882 1116 ET
906 1086 947 1125 Q.
978 1086 1019 1125 Q.
1045 1086 1211 1116 TIRONI
1240 1084 1576 1116 HVMANISSIMO

716 1147 773 1178 ET
798 1147 978 1178 OPTIMO
1003 1146 1038 1178 S.
1069 1146 1105 1177 P.
1134 1147 1175 1178 D.

238 1241 254 1267 1
329 1226 434 1264 Vide
467 1233 613 1276 quanta
652 1225 700 1264 sit
741 1225 778 1263 in
818 1233 856 1264 te
897 1225 1075 1264 suavitas.
1152 1228 1260 1265 Duas
1300 1227 1414 1264 horas
1449 1225 1610 1276 Thyrrei

274 1291 428 1330 fuimus.
489 1293 743 1329 Xenomenes
772 1291 916 1341 hospes
946 1299 1025 1329 tam
1057 1298 1094 1329 te
1125 1291 1248 1342 diligit
1277 1305 1396 1342 quam
1422 1291 1452 1329 si
1478 1290 1612 1330 vixerit
1636 1303 1671 1335 ¹5

273 1366 414 1395 tecum.
479 1357 517 1395 Is
557 1356 691 1395 omnia
736 1356 932 1407 pollicitus
973 1364 1030 1395 cst
1070 1370 1171 1407 quae
1211 1357 1280 1396 tibi
1321 1365 1450 1396 essent
1486 1369 1612 1407 opus;

273 1424 465 1460 facturum
505 1430 612 1472 putO.
691 1421 794 1459 Mihi
842 1422 1032 1472 placebat,
1075 1422 1106 1460 si
1148 1422 1293 1460 firmior
1337 1436 1453 1469 esses,
1494 1431 1534 1460 ut
1574 1430 1612 1460 tc

274 1489 499 1526 Leucadem
521 1488 755 1538 deportaret,
780 1495 821 1526 ut
843 1487 896 1526 ibi
923 1496 961 1526 te
990 1490 1106 1538 plane
1127 1489 1389 1527 confirmares.
1446 1487 1611 1526 Videbis

273 1552 369 1602 quid
391 1553 523 1599 Curio,
542 1553 637 1603 quid
662 1552 818 1602 Lysoni,
843 1552 940 1603 quid
962 1553 1119 1592 medico
1140 1555 1301 1604 placeat.
1343 1554 1538 1592 Volebam
1559 1553 1610 1592 ad

272 1627 309 1656 te
342 1618 562 1656 Marionem
600 1618 795 1656 remittere
827 1632 958 1668 quem,
991 1633 1081 1657 cum
1118 1619 1346 1658 meliuscule
1386 1618 1455 1657 tibi
1495 1626 1607 1665 essct,
1631 1631 1671 1654 20

271 1685 322 1722 ad
345 1697 406 1722 me
428 1683 600 1722 mitteres
617 1698 626 1729 3
656 1684 725 1721 sed
748 1683 914 1733 cogitavi
938 1697 1036 1723 unas
1057 1684 1202 1723 litteras
1220 1684 1442 1723 Marionem
1459 1685 1609 1722 adferre

229 1761 398 1799 aposse,
440 1762 502 1787 me
541 1756 673 1787 autem
717 1750 872 1788 crebras
916 1758 1150 1800 exspectare.
1232 1750 1380 1789 Poteris
1420 1749 1534 1799 igitur
1572 1757 1609 1787 et

271 1814 399 1861 facies,
423 1814 451 1852 si
475 1828 538 1853 me
562 1814 701 1865 diligis,
726 1824 766 1853 ut
795 1815 941 1854 cotidie
968 1816 1016 1854 sit
1038 1818 1206 1854 Acastus
1235 1815 1273 1854 in
1304 1824 1428 1866 portu.
1491 1815 1608 1853 Multi

270 1888 381 1918 erunt
412 1880 556 1930 quibus
590 1888 694 1919 recte
728 1881 874 1918 litteras
902 1881 995 1919 dare
1023 1881 1247 1931 1)ossis„qui
1276 1882 1326 1919 ad
1353 1894 1415 1919 me
1440 1881 1607 1919 libenter

270 1947 461 1995 perferant
481 1960 489 1992 3
520 1945 705 1995 equidem
733 1947 864 1984 l'atras
885 1934 1265 1984 eunteinneminem
1288 1946 1605 1996 praetermittam.
1629 1959 1668 1992 ²5

275 2012 356 2060 Ego
386 2024 545 2049 omnem
582 2024 692 2061 spem
724 2010 777 2049 tui
811 2010 1016 2061 diligenter
1050 2011 1212 2049 curandi
1245 2011 1283 2049 in
1315 2011 1436 2050 Curio
1467 2012 1605 2050 habeo.

271 2076 377 2113 Nihil
410 2084 538 2126 potest
569 2076 635 2114 illo
663 2076 742 2115 sieri
773 2076 994 2123 humanius,
1017 2076 1113 2114 nihil
1142 2076 1262 2115 nostri
1292 2076 1497 2115 amantius.
1560 2076 1606 2114 Ei

269 2150 306 2179 te
327 2149 453 2178 totum
475 2142 594 2179 trade.
659 2142 769 2179 Malo
795 2148 832 2178 tc
860 2142 978 2190 paulo
1008 2148 1095 2191 post
1118 2143 1311 2179 valentem
1334 2154 1452 2195 quam
1476 2141 1604 2179 statim

269 2206 510 2245 imbecillum
539 2206 679 2245 videre.
743 2208 847 2245 Cura
878 2205 991 2256 igitur
1020 2206 1117 2244 nihil
1147 2206 1253 2244 aliud
1276 2206 1349 2244 nisi
1381 2214 1421 2244 ut
1450 2207 1606 2253 valeas3

267 2280 395 2310 cetera
434 2284 508 2321 ego
546 2272 702 2310 curabo.
777 2270 905 2309 Etiam
944 2279 1063 2321 atque
1102 2271 1219 2309 etiam
1253 2272 1346 2309 vale.
1420 2271 1604 2310 Leucade
1625 2284 1665 2315 30

268 2336 520 2387 proficiscens
542 2348 596 2373 vii
623 2337 680 2374 Id.
706 2337 806 2374 Nov.

317 2427 352 2455 18
378 2430 412 2454 ut
431 2424 472 2453 ibi
492 2422 596 2453 IIDF
605 2435 611 2454 z
636 2429 670 2453 ut
689 2423 741 2453 ubi
762 2422 801 2452 M
817 2435 823 2453 :
848 2422 903 2453 ubi
925 2419 1115 2464 Wesenbeaegg
1128 2433 1167 2454 ex
1180 2422 1307 2454 Baiteri
1319 2424 1395 2454 coni.
1561 2432 1603 2455 22

270 2469 370 2506 igitur
387 2473 420 2498 et
438 2468 542 2498 facies
557 2467 590 2497 in
604 2466 790 2508 pawntlzcsi
804 2467 978 2497 Lehmann
