1791 2796
133 145 288 182 Vini
610 144 662 180 M.
695 143 864 180 TVLLI
897 143 1203 182 CICERONIS

232 269 309 306 que
339 256 388 295 de
419 269 465 295 eo
496 269 584 306 spes
615 255 662 293 sit
693 254 898 306 diligenter
928 255 996 293 tibi
1030 254 1325 306 perscribemus.
1385 257 1440 295 Ut
1461 269 1568 296 nune

232 328 300 366 est,
318 322 424 358 nulla
447 334 590 370 niagno
611 334 728 371 opere
750 320 990 371 exspectatio
1020 328 1087 358 est.
1131 322 1235 359 Nam
1263 328 1302 358 et
1322 319 1375 359 illi
1392 334 1567 360 rumores

231 386 281 424 de
320 385 489 424 comitiis
528 386 903 436 Transpadanorum
944 387 1159 425 Cumarum
1200 393 1313 424 tenus
1353 387 1565 433 caluerunt,

235 452 404 490 Romam
425 465 515 490 cum
538 451 747 499 venissem,
768 465 817 489 ne
845 449 1115 489 tenuissimam
1137 450 1297 501 quidem
1323 450 1566 490 auditionem

231 516 280 554 de
313 530 357 554 ea
392 530 431 555 re
464 516 626 567 accepi:
671 525 868 566 praeterea
905 517 1129 564 Marcellus,
1163 516 1272 566 quod
1306 517 1436 555 adhuc
1471 516 1567 555 nihil
1587 527 1605 558 5

231 581 376 619 rettulit
397 583 447 620 de
468 581 718 620 successione
740 580 1027 632 provinciarum
1045 580 1260 620 Galliarum
1279 589 1318 621 et
1339 580 1379 619 in
1399 583 1446 620 K.
1465 583 1565 629 Iun.,

232 654 273 685 ut
307 646 400 685 milii
426 645 508 698 ipse
536 646 645 693 dixit,
666 661 753 686 eam
783 646 933 686 distulit
963 646 1206 695 relationem,
1228 660 1321 686 sane
1351 660 1468 697 quam
1499 660 1567 686 eos

233 726 432 751 sermones
454 711 655 763 expressit,
677 711 743 762 qui
770 713 820 751 de
845 726 893 751 eo
921 719 1004 750 tum
1034 713 1185 751 fuerant
1207 726 1296 750 eum
1321 713 1473 751 Rornae
1494 726 1567 751 nos

187 783 211 820 3
232 791 416 817 essemus.
475 778 539 816 'l‘u
569 777 599 815 si
627 775 874 828 Pompeium,
895 784 937 815 ut
961 777 1134 826 volebas,
1164 770 1375 825 offendisti,
1399 777 1465 828 qui
1497 777 1566 817 tibi

230 856 334 881 visus
355 842 403 882 sit
424 850 461 882 et
483 857 601 895 quam
623 842 841 882 orationem
867 842 1046 882 habuerit
1069 851 1198 881 tecum
1220 857 1418 894 quamque
1439 851 1566 882 osten-
1588 858 1627 882 10

230 906 328 947 derit
358 908 601 947 voluntatem
634 906 749 961 (solet
782 907 884 947 enim
918 907 1025 947 aliud
1060 907 1202 947 sentire
1232 916 1270 947 et
1299 907 1407 959 loqui
1437 922 1566 959 neque

231 982 383 1012 tanturn
422 975 549 1013 valere
578 973 750 1025 ingenio,
781 982 822 1012 ut
856 987 936 1012 non
974 981 1158 1024 appareat
1188 973 1284 1024 quid
1314 972 1476 1024 cupiat),
1506 974 1566 1012 sac

150 1058 155 1064 ·
185 1044 211 1082 4
234 1039 327 1077 mihi
348 1039 575 1090 perscribas.
635 1040 756 1088 Quod
781 1040 831 1078 ad
854 1040 1076 1087 Caesarem,
1097 1037 1221 1077 crebri
1242 1046 1280 1078 et
1301 1053 1380 1078 non
1400 1037 1493 1077 belli
1515 1039 1566 1078 de

231 1119 278 1143 eo
324 1118 511 1152 rumores,
551 1106 621 1144 sed
660 1112 918 1143 susurratores
952 1105 1167 1151 dumtaxat,
1204 1103 1374 1143 veniunt.
1452 1102 1565 1142 Alius

229 1169 402 1220 equitem
438 1169 667 1220 perdidisse,
702 1171 824 1220 quod.
859 1169 1011 1220 opinor,
1046 1177 1149 1207 certe
1184 1170 1330 1208 factum
1362 1177 1433 1215 est,
1466 1168 1564 1208 alius
1587 1186 1623 1219 15

228 1235 435 1285 septimam
466 1235 661 1286 legionem
692 1237 910 1287 vapulasse,
941 1235 1069 1285 ipsum
1099 1235 1206 1285 apud
1238 1236 1468 1274 Bellovacos
1497 1233 1565 1274 cir-

228 1301 447 1340 cumsederi
482 1300 735 1340 interclusum
771 1301 822 1339 ab
853 1299 1003 1351 reliquo
1035 1299 1233 1348 exercitu,-
1276 1314 1404 1351 neque
1432 1301 1564 1339 adhuc

228 1365 321 1405 certi
343 1367 555 1417 quicquam
584 1375 655 1415 est,
677 1380 805 1417 neque
832 1367 930 1404 haec
956 1365 1105 1404 incerta
1132 1373 1262 1404 tamen
1284 1365 1564 1416 vulgo'iactan-

229 1440 298 1477 tur,
316 1433 385 1470 sed
407 1431 506 1470 inter
527 1445 674 1482 paucos
699 1445 799 1483 quos
821 1439 862 1470 tu
884 1430 987 1470 nosti
1015 1432 1143 1482 palam
1165 1438 1316 1470 secreto
1337 1439 1563 1479 narrantum

227 1504 265 1535 at
298 1496 506 1543 Domitius,
542 1510 631 1535 eum
669 1510 808 1535 manus
842 1497 893 1535 ad
923 1510 966 1535 os
994 1495 1190 1548 apposuit.
1249 1497 1309 1535 Te
1336 1510 1370 1535 a.
1401 1497 1439 1535 d.
1470 1509 1559 1535 vnn
1584 1514 1624 1536 20

231 1563 278 1600 K.
314 1563 398 1600 Iun.
433 1561 673 1601 subrostrani
707 1562 832 1612 (quod
865 1560 1018 1601 illorum
1055 1561 1172 1612 capiti
1208 1560 1255 1599 sit
1273 1561 1297 1612 Ξ)
1328 1561 1563 1612 dissiparant

227 1626 381 1677 perisse.
457 1628 566 1666 Urbe
605 1641 650 1665 ae
690 1628 774 1666 foro
814 1634 897 1666 toto
938 1625 1129 1665 maximus
1172 1639 1304 1665 rumor
1349 1625 1420 1664 suit
1465 1634 1502 1665 te
1539 1642 1562 1665 a

226 1694 274 1740 Q.
308 1691 496 1742 I’ompeio
528 1690 566 1729 in
594 1691 730 1730 itinere
760 1691 947 1730 occisum.
1008 1693 1092 1742 Ego
1122 1691 1188 1742 qui
1214 1690 1351 1730 scirem
1375 1694 1422 1741 Q.
1449 1693 1562 1731 Pom-

226 1756 357 1807 peium
397 1757 527 1796 Baulis
567 1757 879 1796 embaeneticam
920 1758 1046 1796 facere
1085 1765 1123 1796 et
1162 1771 1286 1808 usque
1326 1772 1373 1796 eo
1408 1765 1450 1795 ut
1487 1770 1560 1807 ego

227 1822 426 1861 misererer
460 1822 542 1861 eius
578 1822 735 1869 esurire,
766 1836 845 1862 non
888 1836 975 1861 suni
1010 1830 1234 1861 commotus
1271 1830 1309 1861 et
1349 1823 1424 1861 hoc
1455 1836 1559 1861 men-
1580 1840 1619 1871 25

225 1887 350 1933 dacio,
384 1888 413 1925 si
454 1902 531 1938 qua
563 1887 735 1938 pericula
769 1887 838 1927 tibi
868 1887 1227 1939 impenderent‚.ut
1259 1888 1560 1937 defungeremur

225 1952 366 2002 optavi.
430 1954 596 1991 Plancus
627 1953 788 2003 quidem
815 1961 903 1992 tuus
930 1955 1144 1992 Ravennae
1165 1960 1224 1991 est
1247 1960 1285 1991 et
1307 1966 1449 2003 magno
1470 1967 1559 1991 con-

224 2017 345 2068 giario
366 2018 536 2056 donatus
557 2032 579 2056 a
597 2020 765 2057 Caesare
787 2031 859 2057 nec
881 2019 1018 2057 beatus
1040 2032 1113 2057 nec
1134 2017 1236 2057 bene
1258 2017 1467 2057 instructus
1487 2026 1556 2057 est.

225 2082 300 2120 'sui
323 2081 469 2131 politici
492 2082 577 2120 libri
599 2082 783 2121 omnibus
806 2082 946 2133 vigent.

274 2196 280 2215 1
313 2185 370 2215 tibi
390 2187 452 2225 ipsi
472 2185 630 2225 l‘hmgms
743 2187 763 2216 8
788 2186 957 2225 expressit
975 2185 1063 2217 codd.
1082 2198 1087 2216 :
1112 2187 1234 2226 pressit
1254 2185 1368 2217 Orelli:
1396 2187 1557 2225 repressit

228 2228 344 2260 Laws».
476 2239 510 2266 15
530 2230 640 2259 llcttnn
661 2229 849 2269 Stephanus
975 2232 1011 2259 16
1037 2229 1236 2260 Bellovacos
1255 2233 1336 2267 wll„
1357 2230 1392 2268 ‘s-
1413 2230 1446 2260 ζ’.
1468 2230 1492 2261 Ι.
1514 2228 1553 2261 Ι..

227 2274 281 2304 xii.
309 2284 407 2312 '9²2³
437 2273 614 2303 Belluaros
631 2272 720 2304 codd.
847 2283 886 2309 21
912 2273 1176 2303 embaeneticam
1194 2273 1282 2304 codd.
1302 2273 1387 2303 lccll'o
1404 2277 1495 2305 ccrltt,
1515 2273 1552 2312 (s.

228 2317 405 2348 ·Clnss1'c11l
422 2315 566 2346 lx‘wt'cw'
586 2315 629 2348 xi.
652 2317 767 2356 (1897)
784 2320 816 2356 p.
836 2318 898 2355 367
989 2326 1030 2356 25
1055 2317 1179 2348 esuriei
1198 2320 1267 2348 vell.
1373 2327 1415 2356 29
1440 2316 1556 2356 vigent

227 2360 290 2391 Glx’
307 2372 312 2391 :
337 2361 455 2399 vigens
471 2359 512 2390 A!
914 2373 917 2376 ’
