1791 2796
552 162 664 199 EPP.
694 162 774 199 AD
806 161 1154 200 FAMILIARES
1464 164 1532 199 VI.
1558 163 1635 199 xiv

207 284 283 321 que
313 286 382 322 pro
413 280 459 318 te,
493 286 539 310 ex
569 272 721 310 illorum
753 280 790 310 te
821 272 956 310 litteris
987 286 1104 322 quarn
1137 287 1182 311 ex
1214 274 1310 312 meis
1341 275 1445 314 malo
1475 287 1537 312 co-

204 349 392 386 gnoscere
407 352 416 384 ;
448 337 543 387 quid
565 344 696 376 autem
725 350 876 387 sperem
901 346 967 376 aut
997 339 1197 376 confidam
1227 346 1265 377 et
1293 340 1533 389 exploratum

206 403 374 441 habeam
395 403 445 441 de
465 403 588 440 salute
609 411 688 450 tua,
710 402 749 440 id
771 402 841 441 tibi
862 416 884 441 a
914 416 977 441 me
998 404 1183 442 declarari
1212 406 1312 442 volo.
1373 405 1476 442 Nam
1505 403 1535 441 si

206 467 414 517 quisquam
428 474 486 506 est
507 467 668 506 timidus
689 467 729 505 in
746 467 897 518 magnis
913 467 1222 519 periculosisque
1238 469 1354 507 rebus
1370 482 1538 519 semper-

168 548 184 578 5
206 545 282 582 que
315 532 436 582 magis
467 533 652 571 adversos
683 546 810 571 rerum
843 532 968 571 exitus
1001 541 1180 572 metuens
1219 547 1337 584 quam
1377 547 1537 585 sperans

206 598 414 645 secundos,
436 597 467 636 is
487 610 560 647 ego
588 610 674 636 sum
702 605 749 644 et,
775 598 804 636 si
833 599 908 637 hoc
935 598 1123 648 vitiumst,
1144 612 1192 638 eo
1222 613 1284 638 me
1306 612 1386 638 non
1408 612 1537 638 carere

206 663 407 701 confiteor.

262 730 346 778 Ego
381 727 486 767 idem
525 736 656 766 tamen
697 742 787 766 cum
822 742 853 767 a.
892 730 928 767 d.
967 741 991 766 v
1028 731 1076 767 K.
1115 729 1352 768 intercalaris
1392 729 1580 780 priores2

206 801 341 844 rogatu
368 794 527 831 fratrum
553 802 708 832 tuorum
736 793 930 832 venissem
961 808 1076 833 mane
1103 796 1153 833 ad
1184 796 1392 834 Caesarem
1420 802 1538 844 atque

150 873 188 896 10
203 872 366 898 omnem
387 858 560 897 adeundi
581 867 618 897 et
639 859 902 898 conveniendi
933 859 1034 897 illius
1061 859 1335 910 indignitatem
1362 868 1400 898 et
1421 861 1539 898 mole-

207 924 320 963 stiam
341 923 597 974 pertulissem,
627 937 716 962 cum
748 925 882 962 fratres
909 932 946 963 et
974 925 1185 975 propinqui
1212 925 1268 963 tui
1291 925 1461 964 iacerent
1487 926 1537 963 ad

207 990 327 1040 pedes
349 997 386 1028 et
414 988 486 1039 ego
507 1002 633 1027 essem
655 991 809 1028 locutus
830 1003 931 1040 quae
959 1003 1085 1036 causa,
1111 1003 1212 1040 quae
1240 998 1351 1029 tuum
1382 985 1537 1041 tempus

206 1055 440 1105 postulabat,
456 1067 537 1092 non
558 1055 685 1092 solum
706 1068 752 1093 ex
773 1054 948 1093 oratione
966 1055 1154 1102 Caesaris,
1174 1069 1274 1106 quae
1296 1068 1389 1094 sane
1410 1056 1538 1094 mollis

207 1128 245 1159 et
283 1120 451 1159 liberalis
490 1120 574 1167 fuit,
613 1121 682 1158 sed
714 1120 831 1158 etiam
864 1134 910 1159 ex
944 1121 1067 1159 oculis
1102 1130 1140 1160 et
1171 1123 1291 1168 vultu,
1328 1135 1374 1160 ex
1407 1121 1538 1160 multis

152 1201 186 1232 ¹5
208 1192 405 1236 praeterea
422 1184 551 1235 signis,
570 1197 671 1234 quae
692 1184 843 1223 facilius
865 1185 1083 1235 perspicere
1097 1186 1207 1237 potui
1224 1200 1343 1236 quam
1358 1186 1538 1234 scribere,

207 1252 281 1289 hac
312 1249 499 1301 opinione
533 1249 695 1288 discessi
728 1257 769 1288 ut
800 1250 895 1288 mihi
930 1258 996 1288 tua
1025 1252 1128 1289 salus
1158 1251 1279 1290 dubia
1308 1265 1389 1290 non
1424 1260 1536 1290 esset.

209 1317 339 1365 Quam
361 1316 412 1354 ob
433 1328 514 1353 rem
530 1316 590 1353 fac
603 1315 736 1353 animo
753 1328 896 1365 magno
912 1315 1080 1366 fortique
1097 1316 1147 1353 sis
1161 1324 1212 1359 et,
1226 1316 1256 1354 si
1273 1316 1537 1355 turbidissima
1558 1328 1581 1365 3

208 1381 403 1431 sapienter
424 1381 585 1427 ferebas,
611 1379 877 1430 tranquilliora
904 1381 1003 1418 laete
1032 1382 1141 1419 feras.
1202 1383 1288 1432 Ego
1309 1389 1440 1420 tamen
1461 1382 1538 1420 tuis

208 1447 323 1485 rebus
339 1445 393 1484 sic
407 1446 525 1484 adero
540 1452 582 1483 ut
603 1444 840 1483 difficillimis
862 1458 990 1495 neque
1008 1445 1163 1484 Caesari
1186 1448 1313 1485 solum
1335 1447 1404 1485 sed
1420 1446 1537 1484 etiam

149 1528 189 1549 20
208 1512 342 1551 amicis
373 1511 455 1549 eius
485 1509 683 1555 omnibus,
708 1523 807 1560 quos
838 1510 933 1548 mihi
959 1510 1219 1550 amicissimos
1249 1525 1334 1551 esse
1358 1511 1536 1562 cognovi,

208 1591 278 1628 pro
298 1585 349 1625 te,
370 1577 469 1615 sicut
489 1576 619 1615 adhuc
640 1575 727 1624 feci,
747 1574 1005 1614 libentissime
1026 1576 1268 1627 supplicabo.
1327 1578 1436 1616 Vale.

250 1716 334 1751 XV
548 1721 618 1752 δον.
642 1720 768 1751 Romae
784 1719 833 1750 Id.
856 1719 957 1750 Mart.
980 1730 1008 1750 a.
1033 1729 1089 1758 710
1108 1720 1194 1761 (44).

620 1799 794 1830 CICERO
822 1798 993 1829 BASILO
1019 1797 1116 1829 SAL.

260 1876 351 1914 Tibi
381 1878 563 1927 gratulor,
598 1876 693 1914 mihi
727 1878 904 1926 gaudeo;
952 1884 989 1914 te
1022 1889 1127 1923 amo,
1165 1884 1232 1914 tua
1265 1884 1400 1925 tueor,
1442 1890 1465 1916 a
1497 1884 1536 1916 te

151 1952 186 1983 25
207 1941 326 1979 amari
349 1949 386 1979 et
407 1942 502 1991 quid
524 1955 614 1992 agas
636 1942 812 1991 quidque
834 1949 968 1991 agatur
989 1940 1128 1980 certior
1148 1941 1229 1980 fieri
1250 1943 1352 1980 volo.

250 2079 359 2114 XVI
492 2082 562 2113 Ssr.
583 2084 615 2113 1¹¹1
634 2083 746 2114 Sicilia
764 2096 808 2114 rx.
831 2096 874 2115 m.
897 2084 997 2133 Mat-tf
1020 2096 1049 2116 a.
1073 2096 1130 2124 710
1149 2085 1239 2125 (44).

567 2160 854 2192 BITHYNICVS
880 2161 1105 2192 CICERONI
1134 2162 1167 2192 S.

261 2235 300 2274 Si
321 2236 416 2274 mihi
445 2244 579 2275 tecum
605 2251 686 2276 non
715 2245 753 2276 et
780 2240 925 2277 multae
954 2246 992 2277 et
1021 2239 1145 2277 iustae
1174 2252 1314 2278 causae
1340 2238 1535 2277 amicitiae

208 2299 386 2350 privatim
421 2310 564 2348 essent,
596 2309 811 2351 repeterem
842 2303 952 2341 initia
989 2303 1184 2342 amicitiae
1223 2318 1269 2342 ex
1307 2303 1534 2354 parentibus

150 2383 188 2413 30
208 2364 357 2412 nostris,
377 2367 485 2415 quod
505 2366 729 2405 faciendum
750 2367 795 2405 iis
811 2367 990 2406 existimo
1010 2368 1077 2418 qui
1099 2376 1301 2418 paternam
1322 2367 1533 2406 amicitiam

596 2480 636 2508 23
662 2480 785 2500 ssAsrLo
802 2475 869 2501 vett.
887 2482 892 2502 z
918 2471 1035 2502 basilio
1053 2471 1139 2501 codd.
