1791 2796
163 127 194 164 Ι,
213 126 258 162 ix
583 125 638 162 M.
671 124 839 161 TVLLI
873 123 1178 163 CICERONIS

217 249 335 287 quam
374 235 576 286 adsumpsi
616 249 745 286 neque
784 234 903 274 hodie
941 235 1119 282 adsumo,
1160 235 1268 285 quod
1308 247 1549 285 quemquam

215 300 632 340 malevolentissimum
659 300 740 339 iure
768 299 891 351 possit
916 301 1140 348 offendere,
1170 307 1321 338 tantum
1347 299 1484 347 enitor,
1506 307 1549 338 ut

215 380 344 417 neque
360 365 496 405 amicis
518 380 647 416 neque
668 365 786 404 etiam
804 364 1056 403 alienioribus
1077 378 1206 416 opera,
1222 364 1398 412 consilio,
1415 365 1549 404 labore

215 431 351 470 desim.
414 431 493 470 Hic
529 445 640 470 meae
674 430 776 469 vitae
810 443 945 468 cursus
977 429 1143 468 offendit
1174 444 1241 469 eos
1275 431 1449 478 fortasse,
1481 429 1548 481 qui

214 498 465 548 splendorem
493 505 531 535 et
552 496 724 547 speciem
750 495 864 534 huius
886 495 987 534 vitae
1008 495 1218 543 intuentur,
1243 495 1548 536 sollicitudinem

213 570 345 601 autem
376 570 413 600 et
440 562 615 600 laborem
646 560 865 612 perspicere
893 574 973 599 non
1000 569 1166 611 possunt
1182 575 1192 609 3
1230 561 1325 600 illud
1349 575 1441 600 vero
1467 575 1548 600 non

214 627 380 666 obscure
412 635 638 678 queruntur,
667 626 707 664 in
738 625 834 664 meis
869 625 1084 673 sententiis,
1114 625 1257 676 quibus
1287 640 1423 665 ornem
1454 628 1550 666 Cae-

213 706 350 740 sarem,
380 692 491 743 quasi
522 691 739 731 desciscere
775 705 837 730 me
867 705 890 728 α
922 690 1083 741 pristina
1112 705 1240 729 eausa.
1302 693 1387 742 Ego
1415 700 1547 732 autem

212 772 304 796 cum
335 758 399 796 illa
433 771 586 808 sequor,
617 771 717 808 quae
749 758 867 807 paulo
898 764 988 795 ante
1020 756 1217 807 proposui,
1247 764 1330 795 tum
1360 759 1437 797 hoc
1467 772 1547 798 non

213 824 251 862 in
284 823 502 874 postremi8‚
535 824 585 862 de
620 837 700 873 quo
732 836 939 873 coeperam
974 835 1179 872 exponere.
1244 824 1338 861 Non
1370 824 1547 863 offendes

213 891 384 928 eundem
425 889 621 927 bonorum
661 902 830 935 sensum,
871 889 1048 934 Lentule,
1085 901 1203 937 quem
1243 887 1443 939 reliquisti,
1480 889 1547 940 qui

213 956 467 993 confirmatus
502 955 709 993 consulatu
740 962 884 1000 nostro,
916 966 989 991 non
1020 966 1237 1003 numquam
1268 961 1405 1004 postea
1434 954 1547 994 inter-

161 1066 166 1072 ,
212 1028 359 1072 ruptus,
391 1020 572 1059 adflictus
602 1027 693 1058 ante
724 1027 760 1058 te
792 1020 1007 1066 consulem,
1040 1026 1234 1057 recreatus
1267 1019 1338 1058 abs
1373 1027 1410 1058 te
1442 1028 1546 1059 totus

213 1094 271 1125 est
298 1099 403 1124 nunc
430 1086 480 1124 ab
505 1085 561 1132 iis,
584 1099 607 1122 a
631 1084 775 1135 quibus
803 1085 973 1123 tuendus
1003 1084 1137 1131 fuerat,
1165 1084 1372 1123 derelictus
1388 1099 1397 1133 3
1426 1084 1546 1136 idque

212 1165 292 1190 non
329 1152 456 1189 solum
490 1151 618 1188 fronte
651 1157 770 1200 atque
804 1150 924 1195 vultu,
957 1148 1100 1199 quibus
1135 1147 1332 1188 simulatio
1364 1149 1546 1190 facillime

212 1216 434 1263 sustinetur,
459 1216 659 1254 declarant
684 1214 720 1262 ii,
744 1214 810 1265 qui
839 1222 922 1252 tum
952 1222 1086 1252 nostro
1111 1213 1180 1252 illo
1207 1222 1309 1252 statu
1336 1214 1545 1265 optimates

212 1282 530 1328 nominabantur,
554 1281 624 1320 sed
648 1280 766 1319 etiam
794 1293 911 1318 sensu
939 1293 1054 1330 saepe
1082 1279 1160 1317 iam
1186 1279 1407 1330 tabellaque
1428 1281 1546 1320 docu-

149 1350 193 1387 18
212 1356 334 1387 erunt.
397 1349 537 1397 Itaque
568 1353 649 1385 tota
678 1346 755 1384 iam
783 1344 1017 1396 sapientium
1045 1344 1201 1392 civium,
1228 1347 1384 1395 qualem
1414 1354 1478 1385 r'ne
1507 1354 1546 1386 et

211 1427 296 1452 esse
326 1420 364 1452 et
388 1412 584 1450 numerari
607 1413 709 1458 volo,
732 1418 770 1450 et
797 1410 991 1449 sententia
1020 1418 1058 1449 et
1085 1411 1265 1449 voluntas
1291 1419 1440 1450 mutata
1459 1425 1545 1451 esse

211 1479 340 1517 debet.
402 1478 450 1516 Id
485 1477 590 1516 enim
630 1476 738 1515 iubet
770 1476 875 1515 idem
915 1475 978 1514 ille
1014 1477 1136 1522 Plato,
1172 1489 1290 1526 quem
1325 1490 1397 1527 ego
1431 1478 1544 1517 vehe-

211 1552 362 1582 menter
387 1551 589 1582 auctorem
617 1555 770 1592 sequor,
793 1549 946 1579 tantum
973 1541 1212 1579 contendere
1240 1541 1279 1579 in
1307 1555 1346 1580 re
1372 1542 1541 1593 publica,

210 1617 402 1659 quantum
420 1609 584 1659 probare
601 1607 676 1646 tuis
697 1606 848 1646 civibus
869 1605 994 1657 possis
1010 1620 1020 1654 3
1048 1605 1126 1644 vim
1149 1620 1278 1657 neque
1299 1608 1449 1657 parenti
1471 1623 1545 1648 nec

209 1674 356 1725 patriae
382 1675 533 1713 adferre
563 1681 752 1725 oportere.
814 1674 947 1723 Atque
976 1673 1079 1710 hanc
1105 1671 1266 1722 quidem
1294 1673 1358 1712 ille
1384 1687 1544 1713 eausam

210 1739 284 1779 sibi
317 1740 371 1778 ait
402 1753 482 1779 non
516 1739 769 1790 attingendae
807 1737 861 1777 rei
900 1737 1081 1789 publicae
1121 1736 1250 1785 fuisse,
1292 1740 1411 1789 quod,
1453 1753 1544 1779 cum

209 1805 438 1844 offendisset
472 1806 664 1857 populum
695 1803 981 1843 Atheniensem
1015 1816 1138 1854 prope
1173 1802 1251 1842 iam
1283 1803 1544 1856 desipientem

1569 507 1586 538 5

1570 837 1608 860 10

1568 1162 1606 1194 15

1565 1494 1605 1516 20

1566 1818 1603 1850 25

209 1878 422 1917 senectute,
447 1883 618 1919 cumque
645 1883 735 1908 eum
763 1882 838 1908 nec
858 1869 1137 1918 persuadendo
1166 1882 1239 1918 nee
1259 1871 1442 1919 cogendo
1464 1869 1544 1921 regi
1600 1920 1602 1923 ι

209 1948 324 1985 posse
345 1934 515 1981 vidisset,
539 1948 629 1973 cum
650 1933 873 1984 persuaderi
897 1947 1012 1983 posse
1042 1925 1245 1981 diffideret,
1271 1934 1356 1984 cogi
1379 1937 1434 1974 sas
1458 1949 1543 1974 esse

210 2014 290 2039 non
311 1999 568 2038 arbitraretur.
607 2001 714 2038 ‘Mea
734 1998 830 2037 ratio
852 1998 923 2037 suit
943 1998 1028 2045 alia,
1045 2000 1153 2048 quod
1175 2013 1304 2049 neque
1325 1999 1542 2050 desipiente

252 2105 272 2133 8
298 2102 486 2133 desciscere
512 2113 562 2132 me
587 2102 731 2132 Srlu'ils:
761 2103 984 2133 ‹lescisccrem
1003 2102 1072 2132 MG
1162 2113 1180 2132 a
1198 2102 1272 2134 add.
1294 2107 1362 2134 vell.
1504 2116 1540 2135 12

210 2158 275 2177 non
294 2146 367 2176 add.
391 2146 466 2175 Vsst.
607 2156 640 2183 ¹3
666 2147 724 2176 abs
748 2146 831 2176 GR:
865 2157 924 2185 aps
943 2145 983 2174 1¹1!
1118 2147 1154 2175 16
1180 2146 1351 2177 declarant
1373 2147 1392 2177 ii
1414 2147 1473 2181 <hij
1496 2148 1539 2185 G)

211 2189 292 2221 GR:
337 2189 519 2219 declaranti
554 2189 582 2219 ei
612 2188 652 2218 ill
761 2189 847 2228 tum]
875 2194 943 2218 tum
972 2189 1002 2218 in
1035 2189 1223 2229 luas-cubmg
1360 2201 1394 2230 17
1420 2192 1538 2232 sensu]

207 2233 381 2264 sententia
406 2231 498 2263 fllwn.
700 2244 742 2263 20
766 2233 852 2263 idem
880 2232 952 2263 Ms:
988 2233 1096 2262 eidem
1123 2232 1211 2262 codd.
1345 2244 1444 2272 quem
1474 2245 1540 2274 ego

208 2278 427 2307 veliementer
444 2282 615 2306 auctorem
634 2286 767 2314 sequor.
791 2276 936 2315 tantum]
956 2274 1008 2304 Mv
1026 2276 1106 2313 vulg
1130 2286 1135 2304 :
1160 2276 1249 2315 quod
1268 2278 1348 2316 s‘quo
1363 2277 1407 2307 P]
1427 2288 1490 2317 ego
1507 2289 1535 2309 ν.

209 2326 447 2360 auctoremque
461 2325 606 2350 ortaturn
623 2319 706 2350 MP:
731 2330 827 2359 quem
847 2329 911 2357 ego
929 2330 958 2349 v,
974 2324 1211 2358 auctoremque
1230 2330 1354 2359 sequor
1365 2326 1538 2352 ortantum

210 2363 283 2393 ills:
309 2365 397 2402 quod
422 2374 488 2401 ego
505 2375 533 2393 v.
554 2368 705 2402 optarem
724 2368 755 2393 te
779 2368 922 2392 ortatum
945 2363 1128 2393 (hortatum
1148 2363 1180 2392 R
1215 2362 1278 2394 GR
1409 2366 1451 2395 26
1476 2375 1538 2396 nec

206 2405 314 2448 (nisi)
333 2408 486 2446 cogendo
504 2408 616 2437 cont'cci
747 2416 785 2444 27
811 2405 902 2446 cum]
921 2406 971 2436 cui
990 2407 1066 2436 coni.
1093 2404 1279 2447 ll'cscnbctg
