1791 2796
591 158 703 195 EPP.
736 159 813 195 AD
846 159 1194 197 FAMILIARES
1491 161 1609 198 XIII.
1629 160 1707 198 xlii

225 281 321 308 esse.
381 269 484 309 Cum
506 267 630 307 oratio
650 275 717 306 tua
736 275 816 306 tam
837 267 872 307 ei
892 275 1000 319 grata
1019 268 1143 316 fuerit,
1166 283 1285 320 quam
1306 278 1454 321 gratam
1474 284 1556 310 rem

226 332 350 384 ipsam
371 332 568 372 existimas
598 334 690 380 fore,
722 346 824 379 cum,
855 340 898 371 ut
925 347 1051 384 spero,
1078 348 1180 384 quae
1205 334 1401 385 pollicitus
1431 349 1472 374 es
1506 337 1557 374 fe-

225 397 321 437 ceris
339 401 345 436 !
395 397 571 437 Omnino
591 398 849 436 ostenderunt
867 397 1069 436 Bulliones
1090 412 1175 437 sese
1197 399 1369 438 Lucceio
1392 400 1556 451 Pompei

224 462 410 502 arbitratu
435 462 527 502 satis
551 464 750 509 facturos;
789 463 859 501 sed
886 464 1141 502 vehementer
1168 477 1267 515 opus
1293 472 1351 503 est
1378 465 1492 504 nobis
1517 473 1555 504 et
1573 479 1598 506 2

186 538 203 569 5
225 529 467 568 voluntatem
501 535 541 567 et
572 527 847 566 auctoritatem
881 535 921 567 et
952 527 1161 579 imperium
1197 536 1308 567 tuum
1343 531 1556 578 accedere;

224 595 332 644 quod
359 602 401 632 ut
426 593 544 632 facias
571 600 610 632 te
636 592 755 632 etiam
782 600 902 644 atque
930 593 1049 633 etiam
1080 608 1186 645 rogo.
1248 596 1432 645 Illudque
1460 595 1556 633 mihi

223 658 485 710 gratissimum
520 666 590 706 est,
625 659 735 709 quod
769 657 823 697 ita
857 658 988 698 sciunt
1022 659 1169 698 Luccei
1208 668 1478 710 procuratores
1518 668 1558 699 et

224 725 277 764 ita
297 725 491 765 Lucceius
518 725 602 776 ipse
626 739 673 763 ex
700 724 836 764 litteris
857 725 943 772 tuis,
968 739 1065 776 quas
1085 727 1137 765 ad
1158 740 1249 764 eum
1276 725 1424 774 misisti,
1448 727 1559 766 intel—

223 791 324 838 lexit,
341 790 512 830 hom-inis
528 790 674 829 nullius
693 792 800 841 apud
822 798 859 830 te
879 791 1153 831 auctoritatem
1170 800 1237 830 aut
1252 792 1412 843 gratiam
1430 795 1558 833 valere

167 869 204 891 10
224 858 311 908 plus
340 870 460 907 quam
485 870 625 896 meam.
687 857 736 896 Id
757 864 800 896 ut
819 870 860 896 re
884 856 1103 908 experiatur
1123 856 1264 896 iterum
1285 864 1323 896 et
1344 857 1498 909 saepius
1519 866 1558 898 te

223 936 327 973 rogo.

266 1076 420 1112 XLIII
525 1078 594 1111 Ser.
616 1078 746 1111 Romae
763 1083 837 1111 ante
852 1090 882 1112 a.
904 1081 969 1121 696
989 1079 1056 1121 (58)
1075 1090 1140 1112 non
1158 1081 1258 1112 nullis

682 1135 846 1166 mensibus
862 1139 937 1166 ante
951 1140 998 1176 ep.
1018 1136 1096 1168 xliv.

560 1212 603 1244 M.
631 1213 809 1244 CICERO
833 1213 1028 1252 QVINTIO
1054 1214 1223 1246 GALLO.

167 1303 203 1336 15
280 1290 363 1330 Etsi
386 1290 561 1342 plurimis
584 1291 699 1329 rebus
722 1305 836 1342 spero
857 1292 938 1330 sore
959 1299 1001 1330 ut
1022 1291 1267 1343 perspiciam,
1294 1294 1402 1343 quod
1424 1301 1554 1333 tamen
1578 1308 1594 1335 1

224 1356 301 1395 iam
331 1356 484 1408 pridem
515 1356 720 1407 perspicio,
750 1371 814 1396 me
841 1371 864 1395 a
890 1364 927 1396 te
954 1357 1086 1405 amari,
1110 1365 1242 1397 tamen
1270 1372 1315 1397 ea
1339 1372 1456 1397 causa
1486 1358 1557 1397 tibi

224 1423 347 1469 datur,
372 1422 410 1460 in
438 1436 517 1473 qua
543 1422 655 1461 facile
682 1423 880 1461 declarare
901 1422 1026 1473 possis
1047 1430 1155 1461 tuam
1183 1437 1272 1474 erga
1297 1438 1359 1462 me
1389 1425 1558 1464 benevo-

224 1487 395 1527 lentiam.
457 1489 499 1526 L.
523 1487 678 1538 Oppius
701 1489 756 1526 M.
781 1489 803 1526 f.
829 1487 1038 1527 Philomeli
1063 1488 1293 1539 negotiatur,
1317 1491 1439 1529 homo
1461 1490 1556 1528 mihi

224 1553 432 1592 familiaris.
493 1556 595 1592 Eum
628 1553 699 1592 tibi
726 1553 842 1593 unice
870 1556 1110 1593 commendo
1136 1569 1264 1605 eoque
1292 1555 1424 1606 magis,
1448 1558 1557 1607 quod

165 1629 205 1651 20
224 1633 313 1658 cum
350 1618 478 1670 ipsum
509 1618 641 1669 diligo,
674 1626 757 1657 tum
791 1621 898 1669 quod
930 1619 1087 1670 negotia
1124 1628 1306 1671 procurat
1337 1623 1380 1659 L.
1415 1620 1556 1672 Egnati

225 1685 328 1731 Rufi,
353 1698 432 1734 quo
454 1698 526 1735 ego
552 1698 632 1723 uno
660 1683 792 1734 equite
815 1686 862 1722 R.
889 1684 1187 1724 familiarissime
1210 1694 1297 1724 utor
1318 1694 1355 1725 et
1377 1686 1443 1736 qui
1464 1701 1555 1725 cum

224 1751 512 1791 consuetudine
549 1750 750 1790 cotidiana
785 1758 866 1788 tum
909 1750 1046 1789 officiis
1087 1750 1263 1801 plurimis
1296 1751 1555 1802 maximisque

223 1816 318 1855 mihi
341 1816 576 1855 coniunctus
601 1824 669 1855 est.
730 1815 905 1867 Oppium
935 1815 1049 1867 igitur
1073 1824 1319 1866 praesentem
1341 1824 1382 1855 ut
1403 1817 1551 1868 diligas,
1573 1829 1597 1856 2

225 1882 364 1933 Egnati
398 1881 571 1922 absentis
601 1896 681 1921 rem
714 1890 756 1920 ut
787 1890 918 1920 tueare
951 1895 1077 1932 aeque
1105 1895 1128 1919 a
1153 1889 1190 1919 te
1220 1889 1312 1931 peto
1339 1896 1384 1920 ac
1411 1882 1442 1920 si
1468 1897 1555 1922 mea

164 1954 202 1986 25
223 1947 379 1997 negotia
401 1955 540 1987 essent.
601 1947 731 1986 Velim
764 1947 977 1987 memoriae
1002 1955 1090 1986 tuae
1113 1960 1230 1987 causa
1250 1947 1320 1985 des
1341 1946 1553 1986 litterarum

222 2011 382 2062 aliquid,
406 2027 507 2063 quae
529 2012 597 2052 tibi
620 2013 659 2051 in
682 2013 883 2064 provincia
904 2014 1129 2060 reddantur,
1153 2013 1223 2051 sed
1245 2011 1296 2050 ita
1317 2013 1552 2060 conscribas,

221 2085 263 2115 ut
294 2085 388 2125 tum,
415 2092 506 2117 cum
537 2092 601 2117 eas
631 2080 746 2129 leges,
774 2079 886 2118 facile
916 2078 1110 2118 recordari
1142 2077 1267 2129 possis
1298 2077 1413 2116 huius
1443 2092 1553 2117 meae

221 2143 579 2182 commendationis
618 2143 871 2194 diligentiam.
937 2146 1030 2183 Hoc
1070 2151 1107 2183 te
1147 2144 1401 2183 vehementer
1435 2143 1552 2182 etiam

220 2216 338 2258 atque
359 2207 476 2246 etiam
498 2222 603 2258 rogo.

264 2323 283 2351 3
310 2312 485 2343 Bulliones
495 2311 641 2351 codd.‚cf.
655 2311 741 2344 Plin.
757 2312 797 2343 N.
814 2312 858 2344 H.
874 2313 917 2344 iii.
938 2323 996 2353 145
1013 2325 1018 2343 :
1045 2313 1259 2346 Bullidenses
1272 2318 1342 2345 veit.
1355 2313 1551 2356 lstscnlmg,

220 2356 257 2394 css
287 2356 375 2387 Caes.
401 2356 442 2387 Β.
464 2356 496 2387 C.
519 2355 562 2387 iii.
588 2366 635 2387 12.
655 2367 673 2394 4
698 2360 726 2386 ct
745 2356 805 2387 Cic.
828 2357 894 2388 Pis.
915 2359 959 2396 96
1097 2368 1131 2395 ¹4
1157 2367 1300 2395 vaTio
1324 2368 1436 2388 GALLO
1459 2358 1550 2390 codd.

222 2399 450 2430 Mendelssolm
470 2399 612 2430 Miiller:
637 2410 670 2436 Q.
689 2410 814 2430 GALLio
833 2400 925 2431 Man.
951 2400 1159 2441 HGs-cnbmg:
1185 2401 1249 2432 vid.
1269 2405 1314 2440 ep.
1334 2413 1397 2441 seq.
1514 2403 1552 2432 16

221 2453 261 2473 ea
277 2442 351 2474 HD
366 2455 373 2474 :
398 2454 471 2474 mea
489 2442 550 2474 M:
574 2453 662 2474 nunc
679 2454 719 2474 ea
736 2447 805 2475 vell.
825 2455 831 2475 :
856 2443 919 2473 iam
938 2455 977 2475 ea
994 2444 1083 2475 Koch
1098 2456 1103 2474 :
1130 2454 1252 2484 magna
1267 2445 1345 2476 coni.
1368 2445 1491 2477 Mt'c'ller
