1791 2796
602 165 714 202 EPP.
747 164 824 200 AD
856 162 1205 200 FAMILIARES
1530 161 1623 198 VII.
1647 171 1678 198 v

233 291 323 316 eum
357 290 471 316 ornes
501 275 686 327 gloriolae
720 273 938 324 insignibus
956 288 963 319 ;
1001 280 1128 311 totum
1159 272 1333 323 denique
1363 271 1566 311 hominem

233 343 303 381 tibi
325 342 377 381 ita
398 343 524 389 trado,
544 344 553 361 ‘
571 342 620 380 de
645 341 788 388 manu‚’
810 347 851 377 ut
871 339 994 386 aiunt,
1018 338 1081 376 ‘in
1111 340 1294 376 manum'
1316 346 1423 376 tuam
1452 337 1565 375 istam

232 416 269 446 et
300 407 460 446 victoria
493 414 531 445 et
561 407 639 444 fide
668 411 942 456 praestantem.
1002 403 1131 442 Simus
1162 403 1266 442 enim
1297 402 1567 453 putidiusculi,

233 486 473 523 quamquam
501 485 570 522 per
590 479 627 509 te
648 470 710 508 vix
731 470 819 508 licet
836 485 845 517 3
874 483 1023 517 verum,
1044 477 1086 507 ut
1107 468 1233 515 video,
1258 468 1400 507 licebit.
1461 469 1566 507 Cura

196 554 212 584 5
232 546 273 577 ut
294 539 436 586 valeas,
457 544 494 576 et
516 550 592 585 me,
612 544 654 575 ut
675 549 797 583 amas,
816 549 914 574 ama.

274 724 341 759 VI
405 727 473 758 Scr.
495 727 528 757 in
549 726 702 756 Cunmno
718 729 777 763 (1μί
789 725 994 766 Pompeiano
1012 736 1055 755 m.
1079 723 1159 755 Mai.
1178 734 1207 755 a.
1226 733 1284 763 70⁰
1303 722 1389 765 (54).

607 814 781 845 CICERO
808 814 841 844 S.
871 814 909 844 D.
938 811 1189 843 TREBATIO.

285 906 333 942 In
373 904 558 942 omnibus
597 903 694 941 meis
728 902 918 953 epistuliS,
950 915 1046 952 quas
1080 903 1131 939 ad
1167 901 1376 939 Caesarem
1412 906 1479 937 aut
1513 900 1563 937 ad
1584 911 1600 937 1

232 970 399 1008 Balbum
430 969 555 1016 mitto,
588 968 759 1018 legitima
793 968 988 1018 quaedam
1020 975 1078 1005 est
1109 965 1283 1004 accessio
1314 965 1566 1003 commenda-

175 1050 210 1070 ιο
230 1034 347 1074 tionis
375 1043 478 1082 tuae,
499 1048 571 1073 nec
599 1048 644 1072 ea
671 1032 836 1084 vulgaris
867 1034 935 1071 sed
964 1046 1053 1071 cum
1081 1032 1215 1082 aliquo
1247 1030 1387 1080 insigni
1416 1029 1564 1068 indicio

231 1114 340 1139 meae
375 1114 463 1150 erga
498 1108 535 1138 te
569 1098 879 1138 benevolentiae.
944 1100 1006 1136 Tu
1042 1098 1164 1136 modo
1198 1095 1366 1147 ineptias
1400 1095 1492 1134 istas
1527 1104 1564 1134 et

229 1165 422 1204 desideria
456 1164 562 1204 urbis
594 1172 632 1203 et
662 1163 892 1216 urbanitatis
919 1165 1075 1213 depone
1100 1170 1148 1209 et,
1181 1176 1261 1212 quo
1289 1160 1454 1200 consilio
1481 1174 1566 1211 pro-

230 1232 354 1269 fectus
381 1243 436 1277 es,
467 1230 507 1268 id
543 1228 781 1268 adsiduitate
811 1236 848 1266 et
878 1228 1018 1266 virtute
1044 1240 1297 1277 consequere.
1370 1228 1462 1264 Hoc
1493 1226 1563 1264 tibi

230 1305 308 1334 tam
331 1296 579 1346 ignoscemus
604 1307 676 1332 nos
697 1293 826 1340 amici,
848 1306 966 1343 quam
988 1292 1222 1343 ignoverunt
1244 1292 1428 1338 Medeae,

175 1375 209 1405 ¹5
284 1362 421 1410 ‘Quae
444 1360 681 1400 Corinthum
708 1372 837 1398 arcem
867 1359 984 1396 altam
1013 1358 1214 1397 habebant
1244 1358 1446 1396 matronae
1471 1370 1565 1407 opu-

391 1428 533 1471 lentae,
553 1425 787 1476 optimates‚'

229 1493 372 1543 quibus
393 1492 457 1531 illa
478 1491 660 1530 manibus
680 1490 962 1541 gypsatissimis
983 1488 1173 1539 persuasit
1195 1502 1244 1527 ne
1265 1487 1339 1527 sibi
1361 1487 1455 1526 vitio
1477 1487 1564 1526 illae

229 1566 436 1606 verterent,
457 1558 564 1608 quod
586 1557 740 1595 abesset
761 1569 783 1594 a
804 1555 927 1606 patria
944 1570 951 1601 3
981 1568 1073 1593 nam

283 1627 293 1644 ‘
312 1623 430 1662 Multi
451 1636 561 1661 suam
583 1636 662 1661 rem
686 1622 788 1672 be‘ne
808 1634 960 1671 gessere
981 1628 1019 1659 et
1039 1620 1238 1670 publicam
1260 1619 1383 1670 patria
1403 1620 1538 1669 procul
1556 1633 1565 1665 ς

172 1703 212 1724 20
313 1689 444 1736 Multi,
475 1688 542 1738 qui
576 1687 685 1726 domi
719 1689 886 1725 aetatem
926 1693 1098 1736 agerent,
1131 1684 1338 1735 propterea
1373 1692 1462 1722 sunt
1496 1684 1565 1722 im-

390 1753 568 1804 probati.'

230 1821 322 1870 Quo
344 1820 382 1858 in
403 1832 568 1858 numero
589 1826 630 1856 tu
652 1825 755 1857 certe
777 1817 925 1863 fuisses,
950 1816 1024 1854 nisi
1052 1823 1089 1854 te
1115 1815 1424 1854 extrusissemus.
1485 1815 1563 1853 Sed
1583 1821 1607 1848 2

229 1887 337 1935 plura
367 1885 582 1923 scribemus
611 1883 716 1921 alias.
776 1884 849 1928 Tu,
874 1882 939 1932 qui
972 1881 1108 1920 ceteris
1138 1893 1275 1919 cavere
1304 1878 1489 1925 didicisti,
1523 1879 1562 1917 in

230 1950 430 1988 Britannia
464 1963 513 1987 ne
551 1950 601 1987 ab
636 1947 840 1987 essedariis
879 1946 1084 1997 decipiaris
1118 1953 1256 1984 caveto
1287 1952 1325 1982 et
1358 1943 1562 1995 (quoniam

172 2027 209 2057 25
231 2016 416 2054 Medeam
438 2014 550 2065 coepi
572 2014 701 2063 agere)
725 2014 821 2051 illud
843 2025 996 2062 semper
1019 2019 1219 2050 memento
1239 2026 1246 2048 :

285 2080 386 2129 ‘Qui
426 2081 508 2130 ipse
548 2079 620 2117 sibi
660 2078 815 2129 sapiens
850 2078 1036 2128 prodesse
1071 2076 1151 2114 non
1188 2075 1282 2126 quit,
1321 2074 1561 2125 nequiquam

390 2145 513 2195 sapit.'

229 2212 334 2250 Cura
353 2219 395 2249 ut
416 2212 555 2249 valeas
575 2259 578 2260 ⁷

271 2326 291 2354 3
309 2326 424 2347 sumus
436 2315 472 2346 N
560 2314 774 2355 putidiusculi
799 2313 888 2346 codd.
903 2324 910 2352 ;
937 2311 1233 2353 impudentiusculi
1247 2311 1286 2342 M
1299 2322 1405 2352 marg.
1541 2322 1559 2349 4

227 2370 429 2399 quamquam
446 2359 595 2390 Ernesti:
618 2368 718 2399 quam
736 2356 822 2388 codd.
