1791 2796
179 554 196 585 5

158 886 197 908 10

156 1540 194 1562 20

585 171 693 206 EPP.
727 171 803 206 Al)
837 170 1184 208 FAMILIARES
1483 173 1529 208 V.
1554 170 1629 207 xiii

217 278 484 330 stinctumque
497 293 581 319 esse
594 281 736 318 fateare
750 281 766 318 ?
804 279 1074 330 Circumspice
1090 280 1224 319 onmia
1238 281 1415 319 membra
1428 279 1480 318 rei
1496 293 1546 330 p.,

217 358 318 395 quae
351 342 556 384 ‘notissima
582 352 672 383 sunt
706 343 801 392 tibi3
830 346 983 383 nullum
1018 345 1186 395 reperies
1215 346 1403 397 profecto,
1437 346 1546 395 quod

217 424 297 449 non
329 411 494 449 fractum
525 409 822 449 debilitatumve
855 410 913 448 sit.
973 411 1088 459 Quae
1123 424 1386 461 persequerer,
1420 410 1450 449 si
1481 418 1549 448 aut

217 475 355 514 melius
379 490 425 514 ea
445 475 616 515 viderem
637 489 755 525 quam
777 483 817 513 tu
834 475 953 521 vides,
973 483 1039 513 aut
1060 489 1370 515 commemorare
1391 489 1547 527 possem

216 541 299 579 sine
333 542 493 588 dolore3
523 554 763 591 quamquam
795 541 870 579 tuis
901 541 1061 580 monitis
1091 541 1389 593 praeceptisque
1419 540 1548 580 omnis

215 615 273 645 est
311 606 544 645 abiciendus
583 607 706 645 dolor.
785 607 888 656 Ergo
931 614 969 645 et
1012 606 1233 645 domestica
1281 609 1459 652 feremus,
1506 614 1593 652 ut4

215 686 361 719 censes,
399 679 437 710 et
476 670 635 722 publica
668 673 786 721 paulo
825 671 941 709 etiam
982 671 1119 710 fortius
1158 674 1320 710 fortasse
1354 685 1473 722 quam
1506 678 1547 709 tu

216 737 309 788 ipse,
346 736 413 787 qui
448 735 648 787 praecipis.
720 738 778 774 Te
810 736 915 774 enim
950 736 1081 786 aliqua
1115 751 1203 787 spes
1236 738 1470 783 consolatur,
1505 743 1548 775 ut

216 802 361 849 scribis,
395 815 467 840 nos
501 801 644 839 erimus
675 801 791 840 etiam
828 801 866 839 in
897 802 1076 840 omnium
1111 802 1386 853 desperatione
1416 803 1544 847 fortes,

216 876 258 907 ut
279 876 319 906 tu
341 876 472 906 tamen
494 866 599 905 idem
621 874 658 905 et
680 866 843 905 hortaris
871 874 909 905 et
936 867 1139 918 praecipis.
1201 870 1283 906 Das
1314 867 1419 907 enim
1450 866 1546 905 mihi

216 933 407 972 iucundas
466 931 757 971 recordationes
816 932 1081 971 conscientiae
1134 941 1289 972 nostrae
1338 947 1546 984 rerumque

214 1012 358 1045 earum,
396 994 492 1047 quas
527 1005 564 1035 te
604 996 642 1034 in
676 997 809 1047 primis
844 1005 1003 1036 auctore
1037 998 1253 1048 gessimus;
1282 998 1546 1049 praestitimus·

214 1064 319 1103 enim
350 1062 494 1114 patriae
530 1077 609 1101 non
646 1063 774 1101 minus
810 1071 913 1101 certe
947 1077 1066 1113 quam
1097 1064 1318 1111 debuimus,
1347 1066 1433 1114 plus
1462 1078 1547 1115 pro-

214 1131 317 1168 fecto
344 1143 462 1179 quam
493 1136 550 1167 est
577 1129 627 1167 ab
657 1128 791 1167 animo
821 1128 1052 1179 cuiusquam
1082 1137 1149 1168 aut
1179 1129 1344 1169 consilio
1375 1129 1546 1168 hominis

214 1197 465 1246 postulatum.

270 1263 455 1311 Ignosces
484 1260 578 1297 mihi
612 1261 662 1299 de
698 1274 759 1299 me
789 1260 875 1310 ipso
904 1260 1053 1311 aliquid
1084 1261 1350 1311 praedicanti3
1379 1275 1544 1311 quarum
1564 1272 1589 1311 5

214 1326 319 1365 enim
351 1334 391 1364 tu
422 1339 548 1364 rerum
580 1326 816 1376 cogitatione
846 1339 918 1365 nos
948 1327 1074 1365 levare
1104 1326 1346 1377 aegritudine
1376 1327 1542 1373 voluisti,

214 1406 346 1431 earum
369 1391 485 1430 etiam
509 1391 886 1430 commemoratione
907 1391 1085 1430 lenimur.
1146 1394 1296 1442 Itaque,
1321 1401 1362 1430 ut
1394 1407 1541 1438 monese

214 1465 404 1508 quantum
443 1465 590 1507 potero,
628 1470 691 1495 me
730 1457 780 1495 ab
819 1457 1003 1496 omnibus
1040 1457 1227 1496 molestiis
1263 1466 1299 1496 et
1334 1458 1544 1508 angoribus

213 1524 408 1562 abducam
447 1523 752 1572 transferamque
788 1522 963 1560 animum
996 1523 1047 1561 ad
1081 1537 1136 1569 ea,
1174 1523 1317 1572 quibus
1348 1524 1544 1562 secundae

214 1604 271 1628 res
307 1596 502 1636 ornantur,
539 1589 725 1626 adversae
764 1587 1009 1634 adiuvantur,
1046 1595 1256 1638 tecumque
1291 1596 1328 1626 et
1367 1603 1432 1627 ero
1465 1597 1544 1627 tan-

213 1663 307 1702 tum,
340 1662 531 1706 quantum
565 1654 732 1704 patietur
765 1653 966 1703 utriusque
996 1662 1101 1692 aetas
1132 1661 1169 1692 et
1199 1655 1394 1701 valetudo,
1431 1663 1478 1701 et,
1513 1655 1543 1693 si

212 1735 296 1759 esse
321 1735 398 1759 una
427 1720 555 1759 minus
586 1719 799 1770 poterimus
821 1733 938 1769 quam
961 1721 1149 1765 volemus,
1168 1719 1388 1758 animorum
1412 1728 1543 1759 tamen

212 1786 491 1826 coniunctione
530 1787 749 1836 iisdemque
788 1784 926 1823 studiis
957 1784 1009 1822 ita
1038 1786 1219 1831 fruemur,
1253 1793 1293 1825 ut
1324 1799 1542 1836 numquam

213 1867 292 1892 non
323 1868 401 1892 una
430 1851 514 1892 esse
544 1853 756 1891 videamur.

255 1996 364 2032 XIV
534 2001 604 2032 Sct'.
626 2001 756 2031 Romae
774 1998 878 2030 vz'z'Id.
900 1997 979 2028 Mai.
1002 2008 1030 2028 (1,
1055 2007 1112 2037 709
1132 1997 1213 2037 (μ’).

392 2073 426 2103 Ῑ,.
459 2072 682 2103 LVCCEIVS
708 2074 747 2111 Q.
780 2072 812 2102 F.
845 2073 877 2102 5.
912 2072 949 2101 D.
981 2070 1024 2100 M.
1053 2068 1221 2100 TVLLIO
1248 2068 1291 2098 Μ.
1321 2068 1355 2098 F.

266 2152 301 2187 S.
326 2152 371 2188 V.
398 2153 439 2188 Ῑῖ.
466 2153 507 2189 E.
532 2153 578 2188 V.

212 2228 330 2263 quam
370 2217 488 2254 soleo.
560 2217 617 2264 Te
654 2214 832 2265 requisivi
869 2213 1034 2264 saepius,
1070 2221 1111 2250 ut
1147 2211 1344 2251 viderem:
1387 2213 1539 2249 Romae

585 2182 592 2197 ,
617 2150 715 2189 sicut
737 2152 854 2193 soleo,
882 2150 1040 2200 paululo
1069 2156 1201 2186 tamen
1231 2146 1347 2184 etiam
1369 2146 1539 2185 deterius
1560 2156 1575 2182 1

156 2293 168 2303 ⁶
213 2279 303 2328 quia
338 2288 473 2330 postea
513 2294 592 2318 non
632 2279 736 2317 fuisti
777 2293 893 2329 quam
934 2278 1188 2317 discesseram
1231 2276 1390 2314 miratus
1429 2289 1540 2323 sumg

255 2384 275 2412 9
299 2374 448 2403 omnium
469 2373 646 2403 Graevius:
671 2372 825 2402 omnibus
843 2371 928 2401 codd.
950 2383 956 2401 ;
981 2371 1068 2401 enini
1088 2370 1245 2400 Slrfv'slm’
1368 2379 1401 2406 ¹5
1428 2372 1538 2405 postu-

213 2417 348 2447 ¹andum
368 2417 499 2447 Ernesti
632 2419 669 2446 16
695 2416 754 2455 ipsi
778 2415 967 2455 Il'cscnlmg
1103 2424 1136 2451 17
1166 2414 1264 2443 lvx-ari
1292 2411 1536 2450 ahmans-Lae.

212 2471 254 2498 30
279 2461 499 2491 discesseram
527 2459 607 2491 Gli‘:
642 2460 844 2491 discesserat
870 2458 928 2489 M:
967 2459 1161 2489 decesserat
1189 2468 1244 2497 x01).
1272 2456 1393 2496 Tullia)
1421 2455 1540 2486 Orelli:

213 2504 420 2535 discesseras
437 2504 568 2535 Ernesti
