1791 2796
570 129 682 165 EPP.
714 128 791 165 As)
823 127 1170 165 FAMILIARES
1490 126 1520 163 Ι.
1544 125 1620 162 viii

200 242 296 279 cule
316 253 426 279 amor
446 252 534 288 erga
557 239 791 288 Pompeium
812 239 918 289 apud
940 251 1004 277 me
1024 239 1136 284 valet,
1160 244 1213 284 ut,
1236 250 1338 287 quae
1359 236 1411 274 illi
1434 236 1541 275 utilia

209 314 309 351 sunt,
333 313 370 343 et
395 318 495 354 quae
523 304 585 342 ille
607 305 699 351 vult,
729 317 773 342 ea
802 303 898 341 mihi
929 303 1061 341 omnia
1089 302 1165 341 iam
1192 310 1228 341 et
1257 311 1361 341 recta
1389 310 1541 340 et‘vera

208 370 436 416 videantur;
479 382 617 419 neque,
652 378 693 407 ut
729 382 801 418 ego
840 368 1015 415 arbitror,
1052 376 1221 407 errarent
1253 382 1303 406 nc
1333 369 1541 407 adversarii

208 434 369 485 quidem
394 433 488 480 eius,
515 433 557 481 si,
587 447 677 472 cum
705 447 816 484 pares
846 447 931 472 esse
961 447 1041 472 non
1071 441 1243 483 possent,
1276 447 1449 484 pugnare
1479 435 1542 472 dc-

170 511 187 543 5
208 499 397 538 sisterent.
448 500 518 537 Me
539 498 700 548 quidem
722 499 839 537 etiam
861 499 925 537 illa
946 512 1004 537 res
1027 500 1263 545 consolatur,
1286 500 1395 548 quod
1416 512 1489 549 ego
1510 499 1541 537 is
1560 504 1584 541 3

208 579 306 612 sum,
329 564 391 603 cui
411 566 471 603 vel
493 564 660 602 maxime
681 565 903 602 concedant
933 577 1082 611 omneS‚
1106 571 1148 602 ut
1168 565 1229 602 vel
1250 577 1295 602 ea
1315 565 1538 612 defendam,

208 644 308 680 quae
333 628 545 679 Pompeius
575 629 678 676 velit,
710 631 770 667 vel
801 636 952 667 taceam
982 631 1043 668 vel
1074 629 1202 676 etiam,
1235 628 1275 667 id
1306 630 1414 679 quod
1444 629 1540 667 mihi

209 695 376 733 maxime
393 694 498 741 libet,
521 695 571 732 ad
593 702 724 732 nostra
746 698 813 733 me'
829 694 958 733 studia
978 695 1141 732 referam
1162 694 1375 732 litterarum
1393 708 1402 741 3
1432 696 1540 744 quod

208 762 384 811 profecto
423 759 575 807 faciam,
616 760 647 797 si
687 759 781 797 mihi
820 773 889 809 per
927 759 1104 798 eiusdem
1143 758 1356 797 amicitiam
1396 759 1538 798 licebit.

152 847 190 869 10
210 826 323 874 Quae
343 824 448 863 enim
470 824 670 875 proposita
690 825 814 862 fuerat
835 824 961 871 nobis,
984 838 1074 862 cum
1096 832 1134 862 et
1155 823 1372 862 honoribus
1388 824 1543 874 amplis-

207 890 314 929 simis
347 898 384 929 et
414 889 614 928 laboribus
644 889 821 928 maximis
852 889 1045 940 perfuncti
1081 903 1266 936 essemus,
1299 889 1467 940 dignitas
1502 890 1540 928 in

206 955 408 994 sententiis
440 955 630 1002 dicendis,
665 954 822 993 libertas
857 954 895 993 in
936 969 975 994 re
1014 954 1174 1005 publica
1208 956 1462 1005 capessenda,
1496 969 1541 994 ea

205 1020 358 1059 sublata
390 1027 518 1068 totast‚
556 1033 629 1060 nec
660 1020 757 1058 mihi
789 1020 911 1070 magis
945 1034 1064 1070 quam
1099 1019 1308 1068 omnibus3
1352 1034 1443 1059 nam
1475 1029 1541 1060 aut

205 1085 511 1124 adsentiendum
545 1094 604 1125 est
639 1086 746 1124 nulla
783 1099 874 1125 cum
909 1086 1095 1137 gravitate
1133 1086 1269 1137 paucis
1302 1094 1369 1125 aut
1403 1088 1542 1126 frustra

149 1167 185 1200 15
206 1151 530 1191 dissentiendum.

262 1218 375 1255 Haec
403 1230 476 1266 ego
503 1218 554 1256 ad
581 1224 619 1256 te
648 1218 700 1256 ob
731 1231 817 1256 eam
848 1230 1006 1256 causam
1038 1216 1207 1256 maxime
1234 1216 1374 1265 scribo,
1397 1225 1439 1257 ut
1464 1217 1540 1257 iam
1559 1229 1585 1267 4

206 1282 256 1320 de
278 1289 343 1319 tua
364 1294 523 1332 quoque
544 1281 693 1321 ratione
724 1282 923 1321 meditere.
984 1284 1239 1322 Commutata
1263 1290 1345 1321 tota
1366 1283 1463 1322 ratio
1484 1292 1542 1322 est

206 1354 374 1394 senatuS‚
410 1346 656 1394 iudiciorum,
691 1348 743 1386 rei
778 1348 896 1386 totius
928 1347 1110 1398 publicae
1127 1362 1137 1396 3
1180 1347 1304 1387 otium
1337 1348 1452 1387 nobis
1482 1362 1542 1387 ex-

206 1413 425 1462 optandum
465 1420 533 1460 est,
570 1414 678 1463 quod
718 1413 754 1461 ii,
788 1413 856 1463 qui
895 1413 1097 1464 potiuntur
1135 1427 1275 1461 rerum,
1311 1414 1541 1464 praestaturi

148 1494 188 1515 20
206 1477 397 1525 videntur,
432 1478 463 1516 si
497 1478 658 1528 quidam
699 1479 879 1518 homines
914 1480 1124 1529 patientius
1156 1493 1291 1518 eorum
1322 1480 1540 1530 potentiam

206 1544 302 1581 ferre
323 1543 549 1594 potuerint;
578 1543 808 1594 dignitatem
839 1544 1000 1595 quidem
1032 1545 1137 1583 illam
1165 1547 1411 1584 consularem
1432 1545 1540 1584 fortis

206 1616 244 1646 et
275 1608 491 1647 constantis
526 1609 715 1648 senatoris
747 1609 842 1648 nihil
874 1618 931 1648 est
966 1612 1074 1660 quod
1113 1610 1331 1660 cogitemus
1350 1625 1358 1657 ;
1398 1610 1541 1649 amissa

206 1674 322 1722 culpa
342 1680 399 1712 est
420 1687 567 1721 eorum,
591 1674 658 1724 qui
677 1688 700 1713 a
728 1682 865 1713 senatu
893 1683 930 1714 et
960 1675 1140 1714 ordinem
1171 1675 1538 1714 coniunctissimum

207 1745 245 1777 et
269 1738 471 1777 hominem
498 1739 756 1778 clarissimum
785 1740 1066 1779 abalienarunt.
1127 1742 1205 1780 Sed
1226 1748 1267 1779 ut
1287 1742 1338 1780 ad
1359 1754 1414 1788 ea,
1438 1754 1539 1791 quae
1558 1748 1582 1787 5

149 1819 187 1850 25
208 1803 478 1843 coniunctiora
506 1805 622 1843 rebus
646 1804 722 1843 tuis
753 1814 854 1852 sunt,
877 1814 1053 1852 revertar,
1078 1806 1313 1856 Pompeium
1334 1805 1405 1844 tibi
1426 1807 1540 1846 valde

207 1867 378 1906 amicum
403 1881 488 1907 esse
514 1869 692 1919 cognovi,
716 1878 753 1908 et
783 1883 831 1908 eo
862 1878 903 1908 tu
933 1872 1105 1918 consule,
1132 1878 1325 1920 quantum
1355 1884 1428 1921 ego
1458 1884 1539 1922 per-

207 1931 341 1982 spicio,
373 1930 516 1979 om'nia,
549 1947 649 1984 quae
678 1935 797 1981 voles,
829 1934 1039 1982 obtinebis,
1076 1935 1219 1986 quibus
1254 1936 1293 1974 in
1325 1937 1440 1975 rebus
1475 1950 1539 1975 me

207 1996 281 2035 sibi
308 1996 371 2034 ille
399 1998 573 2036 adfixum
603 1998 776 2046 habebit,
799 2013 928 2050 neque
958 2014 980 2039 a
1010 2014 1073 2039 me
1102 2002 1180 2040 ulla
1204 2015 1274 2048 res,
1301 2015 1402 2051 quae
1425 2003 1475 2040 ad
1501 2009 1539 2040 te

207 2060 409 2111 pertineat,
432 2063 679 2112 neglegetur;
710 2077 839 2114 neque
867 2064 972 2103 enim
993 2066 1167 2112 verebor,
1191 2079 1239 2104 ne
1266 2065 1339 2104 sim
1364 2065 1398 2104 ei
1421 2067 1539 2104 mole-

149 2136 190 2167 30
207 2134 298 2173 stus,
326 2126 388 2165 cui
415 2126 633 2166 iucundum
663 2128 733 2167 erit
763 2130 879 2168 etiam
910 2138 1069 2180 propter
1097 2144 1138 2169 se
1169 2131 1307 2181 ipsum,
1331 2144 1452 2181 quom
1474 2144 1538 2169 me

207 2203 291 2229 esse
314 2198 465 2240 gratum
486 2191 644 2231 videbit.
703 2195 766 2232 Tu
793 2195 907 2233 velim
940 2195 1010 2234 tibi
1037 2196 1088 2234 ita
1118 2198 1364 2246 persuadeas,
1389 2197 1535 2234 nullam
1556 2195 1583 2232 6

250 2305 270 2333 4
295 2295 500 2327 desisterent
520 2295 601 2327 GR:
628 2298 804 2329 destiterat
822 2298 891 2331 Ml:
922 2301 1124 2332 destiterent
1142 2301 1196 2331 Mc
1300 2311 1403 2340 10-13
1429 2301 1536 2332 suerat

209 2338 262 2376 (ex
278 2338 344 2369 cod.
365 2339 623 2379 Amstelodamij«
640 2365 646 2372 .
663 2365 670 2372 .
688 2366 695 2373 .
713 2347 816 2374 totast
834 2343 934 2374 Boot:
960 2344 1092 2375 fuerant
1110 2369 1116 2375 .
1137 2369 1143 2376 .
1164 2369 1171 2376 .
1192 2350 1264 2376 tota
1290 2351 1367 2377 sunt
1379 2343 1535 2385 Madvtjg:

208 2381 340 2413 fuerant
356 2406 363 2413 .
384 2406 390 2413 .
411 2406 417 2413 .
439 2387 508 2415 tota
524 2384 551 2415 si
569 2383 654 2416 codd.
790 2396 833 2426 30
856 2397 894 2418 se
913 2385 1087 2419 Graevius:
1107 2394 1140 2419 te
1157 2389 1244 2420 codd.
