1791 2796
550 162 662 200 EPP.
696 161 772 198 AD
804 159 1150 197 FAMILIARES
1458 157 1551 194 VII.
1575 155 1682 193 xxiii

201 271 297 311 tanti
318 279 517 323 putassem
538 279 656 323 atque
681 270 720 310 id
751 270 929 310 fecissem
958 269 1084 308 Musis
1109 268 1294 308 omnibus
1313 267 1532 320 approban—

201 337 315 385 tibus,
339 339 408 377 sed
430 346 563 377 tamen
590 344 669 376 erat
694 343 829 387 aptum
854 335 1130 386 bybliothecae
1151 334 1369 385 studiisque
1391 332 1531 373 nostris

201 416 447 454 congruensg
478 402 644 442 Bacchis
671 416 764 440 vero
786 401 851 440 ubi
880 408 938 440 est
965 401 1070 450 apud
1093 414 1156 438 me
1176 401 1316 439 locus?
1371 401 1424 437 At
1451 399 1533 449 pul-

201 471 350 509 chellae
375 477 475 508 sunt.
536 467 638 507 Novi
661 467 809 518 optime
837 475 874 506 et
899 480 1015 516 saepe
1036 466 1125 505 vidi.
1186 464 1430 505 Nominatim
1462 463 1531 503 tibi

163 547 180 579 5
201 535 310 585 signa
338 535 432 573 mihi
453 542 547 574 nota
568 534 828 580 mandassem,
853 532 883 571 si
909 532 1148 582 probassem.
1209 533 1267 569 Ea
1291 530 1395 569 enim
1424 529 1533 580 signa

201 614 273 651 ego
308 614 437 639 emere
467 601 575 639 soleo
608 612 708 650 quae
740 600 790 638 ad
823 597 1119 636 similitudinem
1150 596 1440 647 gymnasiorum
1473 609 1532 634 ex-

200 674 341 705 ornent
366 665 460 703 mihi
486 666 524 703 in
553 666 743 716 palaestra
769 665 911 703 locum.
984 662 1123 701 Martis
1152 676 1244 701 vero
1271 662 1424 712 signum
1453 675 1532 712 quo

202 731 296 770 mihi
318 730 424 781 pacis
445 729 623 769 auctori?
671 730 839 768 Gaudeo
860 729 1011 766 nullum
1038 727 1192 767 Saturni
1213 727 1366 778 signum
1388 726 1505 766 fuisse
1524 741 1532 774 3

202 798 299 835 haec
328 796 431 835 enim
465 797 546 835 duo
578 795 688 846 signa
719 802 896 846 putarem
927 793 1022 832 mihi
1050 807 1115 832 aes
1144 793 1315 832 alienum
1345 792 1529 832 attulisse.

146 875 182 897 10
204 860 373 900 Mercuri
397 862 553 899 mallem
575 861 737 911 aliquod
754 859 913 907 fuisset3
944 858 1107 907 felicius,
1128 866 1234 908 puto,
1258 872 1347 897 cum
1366 857 1533 896 Avianio

202 926 412 977 transigere
442 940 659 977 possemus.
712 926 833 974 Quod
856 924 925 963 tibi
947 924 1163 963 destinaras
1193 925 1530 974 trapezophorum,
1552 927 1576 965 3

202 991 233 1030 si
263 999 300 1030 te
330 989 509 1039 delectat,
535 991 728 1039 habebis3
758 990 816 1029 sin
842 998 974 1029 autem
1003 989 1237 1029 sententiam
1269 989 1437 1035 mutasti,
1461 1002 1533 1039 ego

202 1057 359 1095 habebo
376 1056 534 1095 scilicet.
587 1058 667 1095 Ista
688 1055 847 1106 quidem
866 1069 1020 1094 summa
1041 1069 1090 1094 ne
1111 1068 1183 1106 ego
1205 1056 1328 1093 multo
1349 1053 1533 1093 libentius

203 1122 363 1161 emerim
395 1121 659 1162 deversorium
691 1121 939 1169 Tarracinae,
970 1135 1019 1160 ne
1054 1134 1208 1172 semper
1236 1120 1381 1171 hospiti
1417 1121 1534 1159 mole-

148 1199 183 1232 15
204 1196 285 1227 stus
312 1187 395 1226 sim.
457 1187 633 1227 Omnino
655 1187 781 1226 liberti
804 1186 879 1226 mei
902 1186 1017 1226 video
1039 1200 1123 1225 esse
1145 1187 1311 1236 culpam,
1336 1185 1397 1224 cui
1419 1186 1534 1236 plane

205 1269 264 1293 res
291 1263 415 1294 certas
446 1255 684 1301 mandaram,
709 1253 882 1304 itemque
911 1252 1011 1299 Iuni,
1035 1266 1153 1303 quem
1176 1260 1272 1303 puto
1296 1251 1365 1290 tibi
1396 1258 1533 1290 notum

205 1335 299 1367 esse,
341 1320 482 1359 Aviani
520 1320 761 1359 familiarem.
833 1319 1029 1358 Exhedria
1064 1319 1258 1369 quaedam
1298 1317 1393 1356 mihi
1434 1330 1536 1356 nova

205 1394 295 1425 sunt
325 1385 501 1425 instituta
525 1385 563 1424 in
589 1385 780 1436 porticula
801 1384 1026 1423 Tusculani.
1088 1386 1146 1422 Ea
1175 1384 1355 1423 volebam
1384 1381 1535 1421 tabellis

205 1466 368 1500 ornare3
406 1451 550 1490 etenim
587 1450 618 1490 si
653 1450 748 1501 quid
783 1449 934 1501 generis
970 1449 1079 1488 istius
1115 1449 1223 1488 modi
1256 1463 1318 1488 me
1353 1449 1534 1493 delectat,

148 1529 186 1550 ²³
206 1518 355 1569 pictura
389 1519 567 1557 delectat.
628 1519 705 1556 Sed
742 1525 872 1556 tamen
905 1515 935 1555 si
971 1516 1043 1554 ista
1083 1515 1178 1554 mihi
1210 1522 1300 1554 sunt
1339 1515 1536 1561 habenda,

205 1584 408 1623 certiorem
444 1583 559 1622 velim
595 1597 658 1622 me
693 1581 810 1621 facias
850 1582 916 1621 ubi
956 1581 1043 1628 sint,
1081 1581 1242 1631 quando
1280 1587 1536 1627 arcessantur,

205 1663 285 1699 quo
319 1663 459 1700 genere
492 1656 682 1688 vecturae.
757 1647 795 1686 Si
831 1647 935 1686 enim
974 1646 1238 1697 Damasippus
1270 1645 1308 1684 in
1344 1645 1537 1684 sententia

207 1728 286 1752 non
314 1714 503 1763 manebit,
522 1713 691 1765 aliquem
720 1711 1155 1762 Pseudodamasippum
1183 1712 1242 1750 vel
1270 1725 1360 1750 cum
1392 1710 1538 1749 iactura

208 1779 454 1829 reperiemus.

151 1853 188 1885 25
263 1845 383 1893 Quod
415 1845 465 1883 a'd
497 1858 560 1883 me
591 1845 641 1883 de
673 1845 795 1883 domo
825 1842 960 1882 scribis
991 1842 1142 1889 iterum,
1172 1841 1248 1880 iam
1279 1841 1318 1881 id
1350 1856 1422 1893 ego
1453 1854 1579 1892 pro-4

210 1909 387 1948 ficiscens
417 1910 652 1948 mandabam
680 1923 789 1948 meae
814 1908 967 1947 Tulliae
984 1923 992 1955 ς
1021 1922 1066 1946 ea
1087 1907 1190 1946 enim
1213 1907 1295 1958 ipsa
1316 1908 1410 1946 hora
1430 1922 1537 1946 accc-

209 1988 340 2025 peram
374 1981 458 2012 tuas
489 1974 643 2013 litteras.
705 1977 870 2025 Egeram
906 1973 1021 2012 etiam
1053 1987 1142 2012 cum
1174 1980 1241 2011 tuo
1270 1972 1394 2019 Nicia,
1429 1973 1537 2023 quod

210 2040 241 2078 is
267 2040 393 2086 utitur,
418 2048 459 2079 ut
486 2040 572 2087 scis,
596 2039 833 2079 familiariter
855 2040 1002 2080 Cassio.
1065 2041 1121 2079 Ut
1146 2038 1241 2078 redii
1266 2046 1409 2086 autem,
1433 2038 1537 2089 prius

210 2120 327 2156 quam
367 2114 452 2144 tuas
491 2106 565 2156 legi
604 2107 673 2144 has
712 2105 906 2156 proximas
952 2106 1110 2147 litteras,
1149 2104 1322 2155 quaesivi
1363 2106 1412 2144 de
1452 2118 1537 2143 mea

255 2221 273 2240 2
298 2215 369 2240 crat
390 2210 471 2240 GR:
497 2216 594 2241 erant
608 2211 647 2240 M
657 2211 746 2252 quod
761 2215 796 2241 ιιΙ
814 2215 976 2242 servarent
991 2211 1065 2242 add.
1082 2210 1215 2250 ἄγαλμα
1230 2210 1339 2250 Orcllt,
1362 2219 1538 2240 ornamen-

212 2259 280 2284 tum
300 2254 432 2294 Kayser.
447 2255 502 2285 alh
520 2255 614 2285 aliud
699 2255 935 2294 byblio‘hecac
953 2255 1037 2286 codd.
1056 2255 1106 2285 ln'c
1121 2259 1150 2285 et
1167 2255 1209 2285 ix,
1224 2265 1242 2292 4
1259 2266 1264 2283 :
1289 2253 1346 2284 scd
1357 2253 1435 2283 alibi
1448 2251 1535 2282 codd.

211 2297 292 2327 dant
308 2297 382 2327 bibl.
405 2298 455 2328 28.
476 2308 515 2335 ες
542 2298 579 2338 Q.
601 2298 652 2329 Fr.
675 2299 718 2329 iii.
740 2310 767 2337 4.
789 2309 818 2338 5.
872 2299 1056 2339 Ulz'muqne
1080 2303 1199 2329 rectum
1350 2307 1387 2328 10
1412 2296 1539 2327 facilius

216 2340 290 2371 Vz'cl.
436 2352 474 2380 13
499 2342 629 2373 habebo
654 2346 722 2374 velt.
743 2354 750 2374 ε
786 2342 892 2373 habeo
917 2342 1005 2373 codd.
1154 2352 1190 2380 14
1216 2341 1419 2372 Tarracinae
1446 2339 1537 2369 MR:

213 2385 392 2458 ἰὲιηςίηῇ
412 2384 448 2416 G.
477 2385 629 2417 hodierna
662 2396 726 2417 non
760 2386 896 2426 antiqua
918 2386 1036 2426 forma
1069 2396 1149 2416 usus
1284 2385 1323 2415 16
1346 2384 1536 2414 mandaram

229 2429 343 2459 ‘rm'sli
386 2429 487 2459 Iz‘illcr
