1791 2796
94 142 211 179 VIII.
232 153 261 178 x
618 142 673 179 M.
706 142 875 179 TVLLI
907 141 1215 181 CICERONIS

203 264 227 291 2
247 252 371 291 sinam
395 253 614 300 formidare,
631 266 750 304 quam
773 252 942 303 tetigisse
965 262 1000 290 te
1023 252 1176 291 Italiam
1197 251 1369 291 audiero.
1431 253 1508 292 Sed
1529 254 1580 291 de

247 319 478 356 Parthorum
505 317 668 356 transitu
690 317 817 357 nuntii
838 317 964 357 varios
989 330 1190 356 sermones
1210 317 1452 365 excitarunt3
1481 317 1580 357 alius

244 383 349 422 enim
372 383 607 434 Pompeium
640 383 889 431 mittendum,
912 383 1010 422 alius
1037 383 1087 421 ab
1115 383 1211 422 urbe
1236 382 1471 433 Pompeium
1500 396 1579 422 non

244 451 540 497 removendum,
564 449 662 488 alius
691 451 900 489 Caesarem
931 462 1021 487 cum
1053 462 1125 487 suo
1154 448 1335 497 exercitu,
1361 448 1460 487 alius
1489 462 1580 488 con-

244 516 357 563 sules,
381 529 500 554 nemo
521 524 653 554 tamen
682 530 728 554 ex
756 523 913 554 senatus
937 515 1119 553 consulto
1143 514 1324 564 privatos.
1385 515 1580 554 Consules
1600 529 1617 562 5

243 589 386 628 autem,
424 580 515 631 quia
549 588 731 619 verentur
765 594 815 619 ne
850 580 946 619 illud
985 588 1143 618 senatus
1177 581 1401 618 consultum
1438 580 1504 618 fiat
1537 588 1580 618 ut

243 646 418 697 paludati
450 654 600 693 exeant,
630 654 668 685 et
698 646 984 685 contumeliose
1014 653 1165 696 praeter
1193 659 1261 684 eos
1290 646 1341 684 ad
1370 645 1489 684 alium
1520 659 1580 684 res

245 713 505 759 transferatur,
541 712 705 751 omnino
740 720 920 751 senatum
951 711 1085 750 haberi
1120 712 1270 758 nolunt,
1302 724 1427 761 usque
1459 724 1506 750 eo
1538 718 1580 749 ut

245 791 381 828 parum
403 777 610 828 diligentes
639 777 677 815 in
703 791 742 816 re
766 777 925 828 publica
945 776 1151 816 videantur
1170 791 1180 824 3
1208 777 1279 815 sed
1300 777 1476 823 honeste,
1500 776 1580 815 sive

244 843 489 894 neglegentia
517 843 596 881 sive
624 842 762 881 inertia
786 851 843 881 est
873 843 954 881 sive
985 842 1049 881 ille
1079 855 1197 892 quem
1228 841 1414 892 proposui
1439 850 1577 889 metus,
1603 858 1639 879 ι)

244 910 336 947 latet
358 909 431 947 sub
453 909 526 947 hac
548 908 830 959 temperantiae
850 907 1137 947 existimatione
1158 908 1262 945 nolle
1283 906 1536 957 provinciam.

298 976 334 1012 A
361 982 399 1013 te
431 974 581 1013 litterae
616 988 695 1013 non
729 982 919 1012 venerunt
949 981 997 1019 et,
1031 972 1105 1011 nisi
1140 972 1314 1011 Deiotari
1345 973 1579 1011 subsecutae

244 1048 384 1087 essent,
409 1040 447 1077 in
469 1053 556 1078 earn
578 1039 807 1090 opinionem
830 1038 989 1078 Cassius
1010 1037 1203 1085 veniebat,
1227 1051 1328 1087 quae
1356 1037 1579 1088 diripuisset

245 1106 326 1155 ipse
348 1113 389 1144 ut
411 1105 636 1144 viderentur
655 1105 706 1144 ab
727 1106 840 1143 hoste
856 1111 1015 1149 vastata,
1036 1102 1191 1141 finxisse
1211 1103 1359 1141 bellum
1377 1110 1414 1141 et
1428 1103 1579 1142 Arabas

245 1171 281 1209 in
304 1171 549 1222 provinciam
571 1170 780 1209 immisisse
805 1183 953 1219 eosque
976 1170 1140 1207 Parthos
1161 1182 1246 1208 esse
1268 1168 1419 1207 senatui
1441 1182 1579 1207 renun-
1602 1184 1637 1217 15

245 1237 369 1276 tiasse.
415 1238 505 1287 Qua
526 1251 565 1276 re
582 1236 652 1275 tibi
669 1237 828 1283 suadeo,
848 1235 1089 1286 quicumque
1110 1242 1168 1273 est
1188 1233 1274 1273 istic
1295 1242 1416 1272 status
1438 1248 1576 1281 rerum,

245 1302 452 1353 diligenter
491 1310 529 1341 et
568 1310 681 1341 caute
720 1301 948 1352 perscribas,
985 1314 1034 1339 ne
1072 1308 1139 1338 aut
1178 1299 1394 1338 velificatus
1431 1298 1578 1350 aliquoi

246 1367 388 1408 dicaris
408 1376 476 1406 aut
496 1368 645 1418 aliquid
668 1369 776 1418 quod
797 1368 953 1406 referret
973 1366 1071 1404 scire
1092 1364 1301 1404 reticuisse.
1414 1360 1416 1362 ¹

203 1443 226 1480 3
302 1435 421 1473 Nunc
453 1433 578 1472 exitus
608 1441 665 1471 est
696 1432 815 1479 anni:
850 1446 940 1470 nam
971 1446 1044 1482 ego
1074 1432 1144 1470 has
1173 1430 1319 1470 litteras
1347 1444 1379 1469 a.
1412 1432 1449 1470 d.
1482 1442 1576 1469 X1111

251 1501 298 1537 K.
326 1498 558 1538 Decembris
587 1498 733 1549 scripsi.
795 1499 915 1536 Plane
935 1496 1031 1535 nihil
1053 1495 1169 1535 video
1188 1505 1279 1535 ante
1302 1498 1351 1534 K.
1377 1496 1577 1535 Ianuarias
1600 1513 1639 1535 20

244 1565 305 1614 agi
327 1579 452 1615 posse.
514 1563 628 1603 Nosti
652 1564 897 1610 Marcellum,
920 1576 1037 1613 quam
1060 1563 1192 1601 tardus
1217 1570 1254 1601 et
1281 1575 1418 1613 parum
1443 1563 1578 1601 efficax

246 1630 303 1676 sit,
324 1630 498 1680 itemque
519 1629 674 1668 Servius
696 1642 815 1679 quam
836 1636 1049 1667 cunctator.
1101 1626 1224 1667 Cuius
1246 1627 1354 1666 modi
1375 1635 1488 1677 putas
1505 1628 1578 1666 hos

246 1710 330 1735 csse
364 1704 431 1734 aut
467 1709 584 1746 quarn
621 1694 660 1733 id
693 1695 801 1745 quod
832 1693 957 1733 nolint
990 1694 1184 1732 conficere
1214 1706 1343 1743 posse,
1375 1692 1441 1742 qui
1476 1706 1577 1743 quae

246 1760 411 1812 cupiunt
456 1769 586 1799 tamen
628 1759 679 1799 ita
719 1759 856 1811 frigide
895 1767 1014 1810 agunt
1056 1767 1098 1797 ut
1137 1759 1241 1797 nolle
1280 1757 1578 1797 existimentur?

247 1825 370 1864 Novis
402 1825 690 1877 magistratibus
715 1833 860 1871 autem,
887 1824 917 1863 si
944 1823 1167 1862 Parthicum
1197 1823 1343 1862 bellum
1375 1823 1455 1870 erit,
1479 1824 1576 1862 haec
1601 1841 1635 1873 ²5

246 1905 362 1929 causa
377 1891 524 1942 primos
541 1904 695 1929 menses
714 1889 924 1941 occupabit
943 1905 949 1928 z
979 1888 1038 1927 sin
1057 1893 1146 1931 †aut
1163 1888 1211 1927 sit
1226 1897 1293 1927 aut
1310 1903 1389 1927 non
1404 1888 1474 1927 erit
1491 1888 1576 1927 istic

247 1957 392 1995 bellum
414 1965 480 1994 aut
502 1965 652 1994 tantum
676 1955 745 1994 erit
768 1963 809 1993 ut
831 1968 899 1993 vos
925 1963 991 1992 aut
1019 1967 1264 1993 successores
1285 1954 1411 2004 parvis
1431 1953 1575 1993 additis

247 2022 370 2073 copiis
391 2021 580 2060 sustinere
601 2022 763 2072 possint,
787 2021 1001 2061 Curionem
1026 2020 1142 2059 video
1166 2034 1207 2059 sc
1231 2019 1439 2070 dupliciter
1463 2018 1576 2058 iacta-

248 2098 387 2133 turum,
418 2086 585 2137 primum
617 2095 657 2125 ut
687 2086 836 2137 aliquid
867 2085 1022 2125 Caesari
1053 2085 1212 2131 adimat,
1239 2084 1331 2123 inde
1356 2092 1397 2122 ut
1426 2083 1574 2134 aliquid

251 2152 439 2204 Pompeio
474 2152 627 2198 tribuat,
665 2151 832 2202 quodvis
871 2150 1087 2201 quamlibet
1125 2158 1243 2189 tenue
1281 2150 1571 2188 munusculum.
1596 2166 1636 2197 30

249 2220 392 2258 Paulus
422 2231 536 2269 porro
567 2231 645 2256 non
677 2218 849 2255 humane
879 2217 928 2254 de
957 2214 1158 2266 provincia
1186 2214 1367 2265 loquitur.
1443 2213 1574 2253 Huius

294 2334 309 2362 7
335 2322 384 2364 et]
403 2329 459 2354 aut
477 2322 607 2353 Ernesti
757 2325 891 2361 praeter
909 2319 986 2360 eos]
1004 2329 1040 2350 sc
1058 2319 1249 2359 praeteritis
1267 2317 1407 2359 Madvig
1538 2329 1574 2357 ¹3

248 2368 404 2399 veniebat
423 2371 490 2398 velt.
511 2378 517 2396 :
542 2366 655 2397 veniat
674 2365 713 2397 ‚11
825 2375 861 2403 17
886 2363 1009 2403 aliquoi
1029 2362 1278 2394 Mendelssolm:
1302 2363 1371 2403 -qui
1391 2362 1432 2392 M
1535 2363 1574 2393 18

247 2413 336 2444 scire
354 2415 422 2443 velt.
443 2422 448 2441 z
474 2411 574 2442 sciret
593 2410 633 2441 M
764 2411 805 2439 26
830 2413 885 2438 aut
902 2408 959 2446 sit}
979 2412 1089 2437 autem
1109 2407 1163 2437 N:
1186 2417 1251 2438 om.
1272 2407 1386 2438 Baiter
