1791 2796
186 154 271 192 XV.
291 154 337 191 iv
658 154 712 192 M.
745 155 914 209 TVLLI
946 154 1254 193 CICERONIS

289 264 449 302 melium
476 264 760 312 consedissent,
784 266 955 316 reliquus
986 266 1176 305 exercitus
1206 274 1308 306 esset
1339 267 1378 306 in
1409 268 1619 318 Lycaonia,

291 332 346 367 M.
382 330 539 369 Anneio
579 332 706 381 legato
746 331 932 382 imperavi
969 340 1009 370 ut
1049 345 1113 370 eas
1148 332 1324 383 quinque
1363 333 1537 371 cohortis
1571 335 1622 372 ad

289 395 483 445 reliquum
524 396 736 435 exercitum
777 398 938 436 duceret
977 405 1196 449 coactoque
1240 399 1280 437 in
1326 412 1450 437 unum
1489 401 1621 439 locum

245 469 270 506 3
289 461 459 500 exercitu
491 470 616 500 castra
645 462 685 500 in
717 462 915 512 Lycaonia
941 464 1048 514 apud
1075 464 1256 502 leonium
1285 465 1438 502 faceret.
1500 465 1621 514 Quod

287 540 378 565 cum
409 528 458 566 ab
491 527 556 566 illo
586 528 793 578 diligenter
822 537 924 568 esset
954 531 1112 577 factum,
1136 543 1209 580 ego
1233 529 1273 568 in
1301 537 1426 568 castra
1445 544 1478 569 a.
1502 531 1537 569 d.
1562 543 1619 569 vn
1640 542 1658 573 5

289 594 338 630 K.
369 594 473 644 Sept.
498 593 598 641 veni,
629 607 719 632 curn
751 593 899 633 interea
929 596 1194 646 superioribus
1224 595 1365 634 diebus
1395 609 1451 634 ex.
1475 608 1503 634 s.
1527 610 1558 635 c.
1583 604 1621 635 et

286 667 538 697 evocatorum
575 660 726 698 firmam
764 674 925 699 manum
962 670 999 700 et
1039 662 1257 712 equitatum
1298 675 1391 700 sane
1430 661 1619 700 idoneum

286 732 323 763 et
351 726 589 775 populorum
617 725 829 764 liberorum
859 739 1074 777 regumque
1101 726 1298 766 sociorum
1325 726 1468 765 auxilia
1487 729 1622 766 volun-

286 790 382 828 taria
411 790 752 841 comparavissem.
815 792 978 830 Interim
1004 806 1094 831 cum
1117 791 1287 831 exercitu
1307 793 1469 831 lustrato
1490 792 1561 831 iter
1581 793 1620 831 in

288 855 467 895 Ciliciam
499 857 625 895 facere
655 856 885 907 coepissem,
916 859 964 895 iii
991 859 1041 895 K.
1065 859 1169 908 Sept.
1193 856 1309 908 legati
1338 870 1361 895 a
1389 870 1478 908 rege
1505 858 1622 897 Com·
1644 870 1682 892 10

289 935 456 972 mageno
476 923 526 960 ad
555 935 618 961 me
646 922 753 960 missi
779 925 1091 973 pertumultuose
1113 937 1242 973 neque
1271 931 1403 961 tamen
1428 936 1508 960 non
1534 937 1622 961 vere
1790 955 1791 970 ,

240 993 266 1030 4
289 988 453 1026 Parthos
474 987 513 1026 in
535 987 683 1037 Syriam
708 988 891 1027 transisse
919 989 1197 1027 nuntiaverunt
1213 1003 1222 1036 3
1252 1001 1332 1038 quo
1352 987 1489 1026 audito
1510 989 1623 1026 vehe-

288 1060 439 1092 menter
459 1066 545 1091 sum
568 1062 792 1092 commotus
815 1068 905 1093 cum
928 1055 977 1093 de
999 1054 1106 1104 Syria
1128 1062 1210 1093 tum
1233 1055 1283 1092 de
1304 1067 1392 1092 mea
1408 1053 1619 1104 provincia,

287 1119 336 1157 de
357 1118 505 1169 reliqua
526 1119 698 1169 denique
720 1119 824 1158 Asia.
879 1121 1020 1170 Itaque
1041 1119 1253 1159 exercitum
1276 1119 1372 1157 mihi
1393 1119 1621 1158 ducendum

286 1198 353 1235 per
388 1185 666 1235 Cappadociae
701 1185 901 1235 regionem
942 1199 1028 1225 eam
1064 1199 1166 1236 quae
1201 1184 1381 1225 Ciliciam
1415 1184 1622 1235 attingeret
1644 1198 1679 1229 15

285 1250 428 1301 putavi.
504 1253 607 1289 Nam
651 1250 681 1289 si
729 1265 791 1290 me
840 1251 879 1290 in
921 1251 1101 1291 Ciliciam
1142 1250 1399 1298 demisissem,
1441 1249 1621 1290 Ciliciam

284 1316 447 1367 quidem
470 1317 594 1367 ipsam
617 1325 775 1368 propter
798 1317 943 1356 montis
966 1317 1110 1356 Amani
1138 1323 1315 1355 naturam
1340 1316 1454 1368 facile
1479 1316 1622 1355 tenuis-

284 1396 367 1422 sem
395 1383 492 1434 (duo
523 1392 613 1421 sunt
644 1382 749 1422 enirn
781 1383 910 1422 aditus
943 1383 982 1421 in
1015 1383 1195 1423 Ciliciam
1226 1396 1272 1422 ex
1302 1381 1420 1432 Syria,
1452 1395 1621 1432 quorum

284 1456 448 1499 uterque
469 1448 596 1499 parvis
618 1448 821 1499 praesidiis
845 1457 1003 1500 propter
1030 1448 1228 1498 angustias
1249 1447 1456 1487 intercludi
1478 1455 1618 1498 potest,

284 1527 357 1552 nec
384 1521 443 1552 est
463 1512 675 1563 quicquam
701 1513 840 1553 Cilicia
871 1521 1008 1553 contra
1038 1513 1186 1564 Syriam
1219 1512 1436 1562 munitius),
1459 1513 1530 1551 sed
1558 1526 1621 1551 me
1643 1528 1683 1550 20

285 1578 540 1630 Cappadocia
576 1579 770 1626 movebat,
810 1592 911 1630 quae
943 1587 1050 1630 patet
1084 1593 1108 1617 a
1142 1576 1250 1628 Syria
1281 1591 1468 1629 regesque
1503 1578 1622 1616 habet

284 1644 482 1691 finitimos,
506 1644 573 1694 qui
595 1644 713 1683 etiarn
736 1644 767 1683 si
789 1648 888 1683 sunt
908 1646 1008 1683 clam
1037 1644 1154 1684 amici
1184 1643 1311 1691 nobis,
1335 1651 1468 1682 tamen
1489 1651 1622 1694 aperte

285 1710 435 1748 Parthis
471 1709 619 1748 inimici
655 1723 740 1749 esse
780 1723 861 1749 non
895 1711 1054 1749 audent.
1117 1711 1257 1760 Itaque
1292 1708 1330 1747 in
1366 1708 1622 1759 Cappadocia

283 1784 455 1814 extrema
485 1789 565 1814 non
597 1777 712 1826 longe
734 1789 755 1814 a
778 1778 911 1814 Tauro
940 1776 1047 1827 apud
1077 1774 1270 1826 oppidum
1293 1773 1474 1824 Cybistra
1495 1782 1621 1813 castra

285 1841 369 1888 seci,
407 1850 447 1879 ut
487 1849 524 1880 et
565 1841 743 1881 Ciliciam
781 1849 908 1880 tuerer
941 1850 979 1880 et
1015 1839 1310 1892 Cappadociam
1347 1847 1485 1878 tenens
1519 1852 1620 1878 nova
1642 1854 1679 1885 ²5

286 1906 540 1945 finitimorum
572 1907 736 1945 consilia
768 1907 1011 1958 impedirem.
1058 1932 1061 1934 -

242 1984 266 2022 5
341 1973 495 2011 Interea
517 1973 554 2010 in
578 1974 653 2011 hoc
677 1981 786 2012 tanto
809 1982 918 2012 motu
940 1981 1127 2024 tantaque
1148 1970 1440 2022 exspectatione
1461 1970 1618 2009 maximi

286 2037 376 2076 belli
399 2051 462 2077 rex
487 2038 706 2086 Deiotarus,
732 2039 794 2077 cui
818 2052 897 2078 non
919 2039 1002 2077 sine
1023 2051 1140 2077 causa
1167 2036 1379 2088 plurimum
1407 2047 1561 2086 semper
1581 2044 1618 2075 et

286 2116 374 2140 meo
396 2112 432 2141 et
454 2112 521 2141 tuo
544 2113 580 2142 ct
605 2112 763 2143 senatus
786 2103 932 2142 iudicio
960 2103 1149 2142 tributum
1171 2109 1239 2148 cst,
1262 2101 1319 2139 vir
1339 2114 1428 2139 cum
1451 2101 1618 2140 benevo-

284 2167 403 2206 lentia
438 2177 474 2207 ct
511 2170 588 2207 fide
629 2183 718 2219 erga
758 2171 948 2220 populum
986 2171 1032 2207 R.
1070 2166 1253 2219 singulari
1288 2175 1371 2204 turn
1407 2166 1615 2216 praestanti
1636 2181 1678 2212 30

286 2219 558 2284 magnitudine
580 2241 617 2272 et
639 2234 759 2272 animi
781 2243 818 2273 et
840 2234 988 2281 consili,
1012 2235 1161 2284 legatos
1181 2233 1231 2271 ad
1254 2245 1316 2270 me
1339 2231 1444 2269 misit
1464 2244 1504 2270 se
1524 2244 1613 2270 curn

329 2350 348 2378 3
382 2344 590 2378 coactoque.
614 2364 620 2370 .
644 2363 650 2370 .
674 2339 801 2369 faceret
834 2339 927 2370 hahet
962 2338 1092 2370 Nom‘us
1123 2344 1156 2379 p.
1193 2339 1255 2376 264
1404 2336 1512 2367 locum
1549 2346 1614 2366 om.

285 2382 415 2413 Nonius
536 2391 554 2421 5
579 2389 690 2413 actum
709 2381 749 2411 ᾹΙ
871 2393 908 2413 10
934 2392 971 2413 111
992 2382 1034 2414 K.
1055 2381 1149 2413 Man.
1167 2393 1172 2411 :
1202 2382 1244 2413 K.
1264 2380 1353 2412 codd.
1466 2389 1507 2409 22
1531 2379 1614 2409 clam

287 2426 406 2456 Orcllt':
441 2427 542 2456 etiam
571 2425 663 2456 MD:
698 2437 762 2456 om.
793 2427 864 2456 HF
992 2437 1035 2465 30
1059 2426 1247 2466 praestanti
1278 2425 1391 2456 (ναις
1423 2424 1617 2463 praesentia

285 2469 371 2501 codd.
390 2482 396 2500 :
423 2471 612 2509 praesentia
631 2475 663 2500 ct
682 2469 776 2501 Man.
793 2469 914 2501 Schm:
