<?xml version="1.0" encoding="UTF-8"?>
<!DOCTYPE html PUBLIC "-//W3C//DTD XHTML 1.0 Transitional//EN"
    "http://www.w3.org/TR/xhtml1/DTD/xhtml1-transitional.dtd">
<html xmlns="http://www.w3.org/1999/xhtml" xml:lang="en" lang="en">
 <head>
  <title>
</title>
<meta http-equiv="Content-Type" content="text/html;charset=utf-8" />
  <meta name='ocr-system' content='tesseract 3.04.00' />
  <meta name='ocr-capabilities' content='ocr_page ocr_carea ocr_par ocr_line ocrx_word'/>
</head>
<body>
  <div class='ocr_page' id='page_1' title='image "./epistulaerecogno01ciceuoft_0191.png"; bbox 0 0 1791 2796; ppageno 0'>
   <div class='ocr_carea' id='block_1_1' title="bbox 544 146 1656 185">
    <p class='ocr_par' dir='ltr' id='par_1_1' title="bbox 544 146 1656 185">
     <span class='ocr_line' id='line_1_1' title="bbox 544 146 1656 185; baseline 0.001 -2"><span class='ocrx_word' id='word_1_1' title='bbox 544 146 656 183; x_wconf 91' lang='lat' dir='ltr'><strong>EPP.</strong></span> <span class='ocrx_word' id='word_1_2' title='bbox 689 147 765 183; x_wconf 81' lang='lat' dir='ltr'>AD</span> <span class='ocrx_word' id='word_1_3' title='bbox 798 146 1146 184; x_wconf 76' lang='lat' dir='ltr'><strong>FAMILIARES</strong></span> <span class='ocrx_word' id='word_1_4' title='bbox 1453 147 1522 185; x_wconf 90' lang='lat' dir='ltr'>VI.</span> <span class='ocrx_word' id='word_1_5' title='bbox 1548 147 1656 184; x_wconf 86' lang='lat' dir='ltr'>xviii</span> 
     </span>
    </p>
   </div>
   <div class='ocr_carea' id='block_1_2' title="bbox 136 256 1576 2324">
    <p class='ocr_par' dir='ltr' id='par_1_2' title="bbox 197 256 1576 503">
     <span class='ocr_line' id='line_1_2' title="bbox 255 256 1576 308; baseline 0.002 -14"><span class='ocrx_word' id='word_1_6' title='bbox 255 258 316 295; x_wconf 90' lang='lat' dir='ltr'>De</span> <span class='ocrx_word' id='word_1_7' title='bbox 358 256 561 308; x_wconf 86' lang='lat' dir='ltr'>Hispaniis</span> <span class='ocrx_word' id='word_1_8' title='bbox 599 257 691 295; x_wconf 81' lang='lat' dir='ltr'>novi</span> <span class='ocrx_word' id='word_1_9' title='bbox 730 256 836 295; x_wconf 91' lang='lat' dir='ltr'>nihil.</span> <span class='ocrx_word' id='word_1_10' title='bbox 914 259 1105 307; x_wconf 83' lang='lat' dir='ltr'>Magnum</span> <span class='ocrx_word' id='word_1_11' title='bbox 1147 266 1278 296; x_wconf 92' lang='lat' dir='ltr'>tamen</span> <span class='ocrx_word' id='word_1_12' title='bbox 1319 257 1576 297; x_wconf 79' lang='lat' dir='ltr'>exercitum2</span> 
     </span>
     <span class='ocr_line' id='line_1_3' title="bbox 200 313 1532 373; baseline 0.002 -13"><span class='ocrx_word' id='word_1_13' title='bbox 200 315 433 373; x_wconf 90' lang='lat' dir='ltr'>Pompeium</span> <span class='ocrx_word' id='word_1_14' title='bbox 455 323 598 361; x_wconf 88' lang='lat' dir='ltr'>habere</span> <span class='ocrx_word' id='word_1_15' title='bbox 622 330 800 369; x_wconf 71' lang='lat' dir='ltr'>constat,-</span> <span class='ocrx_word' id='word_1_16' title='bbox 840 336 930 361; x_wconf 89' lang='lat' dir='ltr'>nam</span> <span class='ocrx_word' id='word_1_17' title='bbox 959 324 1104 361; x_wconf 85' lang='lat' dir='ltr'>Caesar</span> <span class='ocrx_word' id='word_1_18' title='bbox 1129 322 1211 373; x_wconf 87' lang='lat' dir='ltr'>ipse</span> <span class='ocrx_word' id='word_1_19' title='bbox 1240 324 1290 362; x_wconf 87' lang='lat' dir='ltr'>ad</span> <span class='ocrx_word' id='word_1_20' title='bbox 1315 337 1406 362; x_wconf 83' lang='lat' dir='ltr'>suos</span> <span class='ocrx_word' id='word_1_21' title='bbox 1429 313 1532 362; x_wconf 86' lang='lat' dir='ltr'>misit</span> 
     </span>
     <span class='ocr_line' id='line_1_4' title="bbox 198 387 1532 438; baseline 0.002 -13"><span class='ocrx_word' id='word_1_22' title='bbox 198 389 421 437; x_wconf 78' lang='lat' dir='ltr'>exemplum</span> <span class='ocrx_word' id='word_1_23' title='bbox 461 387 637 426; x_wconf 78' lang='lat' dir='ltr'>Paciaeci</span> <span class='ocrx_word' id='word_1_24' title='bbox 676 387 899 434; x_wconf 85' lang='lat' dir='ltr'>litterarum,</span> <span class='ocrx_word' id='word_1_25' title='bbox 934 387 973 425; x_wconf 89' lang='lat' dir='ltr'>in</span> <span class='ocrx_word' id='word_1_26' title='bbox 1013 401 1092 438; x_wconf 87' lang='lat' dir='ltr'>quo</span> <span class='ocrx_word' id='word_1_27' title='bbox 1127 395 1207 426; x_wconf 89' lang='lat' dir='ltr'>erat</span> <span class='ocrx_word' id='word_1_28' title='bbox 1246 389 1328 426; x_wconf 83' lang='lat' dir='ltr'>illas</span> <span class='ocrx_word' id='word_1_29' title='bbox 1364 401 1407 427; x_wconf 80' lang='lat' dir='ltr'>xl</span> <span class='ocrx_word' id='word_1_30' title='bbox 1448 403 1532 428; x_wconf 89' lang='lat' dir='ltr'>esse</span> 
     </span>
     <span class='ocr_line' id='line_1_5' title="bbox 197 452 1532 503; baseline 0.001 -13"><span class='ocrx_word' id='word_1_31' title='bbox 197 452 381 502; x_wconf 57' lang='lat' dir='ltr'>legiones:</span> <span class='ocrx_word' id='word_1_32' title='bbox 441 452 652 503; x_wconf 85' lang='lat' dir='ltr'>Scripserat</span> <span class='ocrx_word' id='word_1_33' title='bbox 674 452 791 491; x_wconf 89' lang='lat' dir='ltr'>etiam</span> <span class='ocrx_word' id='word_1_34' title='bbox 814 454 1000 491; x_wconf 80' lang='lat' dir='ltr'>Messalla</span> <span class='ocrx_word' id='word_1_35' title='bbox 1023 454 1070 502; x_wconf 81' lang='lat' dir='ltr'>Q.</span> <span class='ocrx_word' id='word_1_36' title='bbox 1095 455 1249 492; x_wconf 85' lang='lat' dir='ltr'>Salasso</span> <span class='ocrx_word' id='word_1_37' title='bbox 1272 456 1312 491; x_wconf 89' lang='lat' dir='ltr'>P.</span> <span class='ocrx_word' id='word_1_38' title='bbox 1337 454 1532 501; x_wconf 82' lang='lat' dir='ltr'>Curtium,</span> 
     </span>
    </p>

    <p class='ocr_par' dir='ltr' id='par_1_3' title="bbox 160 517 1531 763">
     <span class='ocr_line' id='line_1_6' title="bbox 160 517 1531 568; baseline -0.001 -10"><span class='ocrx_word' id='word_1_39' title='bbox 160 526 176 558; x_wconf 81' lang='lat'>5</span> <span class='ocrx_word' id='word_1_40' title='bbox 197 519 351 557; x_wconf 89' lang='lat' dir='ltr'>fratrem</span> <span class='ocrx_word' id='word_1_41' title='bbox 373 517 466 565; x_wconf 81' lang='lat' dir='ltr'>eius,</span> <span class='ocrx_word' id='word_1_42' title='bbox 490 517 596 556; x_wconf 87' lang='lat' dir='ltr'>iussu</span> <span class='ocrx_word' id='word_1_43' title='bbox 619 517 783 568; x_wconf 82' lang='lat' dir='ltr'>Pompei</span> <span class='ocrx_word' id='word_1_44' title='bbox 810 517 1055 568; x_wconf 77' lang='lat' dir='ltr'>inspectante</span> <span class='ocrx_word' id='word_1_45' title='bbox 1077 518 1247 557; x_wconf 81' lang='lat' dir='ltr'>exercitu</span> <span class='ocrx_word' id='word_1_46' title='bbox 1268 518 1531 567; x_wconf 85' lang='lat' dir='ltr'>interfectum,</span> 
     </span>
     <span class='ocr_line' id='line_1_7' title="bbox 197 582 1530 635; baseline 0.002 -15"><span class='ocrx_word' id='word_1_47' title='bbox 197 584 306 633; x_wconf 86' lang='lat' dir='ltr'>quod</span> <span class='ocrx_word' id='word_1_48' title='bbox 327 582 588 621; x_wconf 82' lang='lat' dir='ltr'>consensisset</span> <span class='ocrx_word' id='word_1_49' title='bbox 609 596 699 621; x_wconf 92' lang='lat' dir='ltr'>cum</span> <span class='ocrx_word' id='word_1_50' title='bbox 723 582 913 633; x_wconf 88' lang='lat' dir='ltr'>Hispanis</span> <span class='ocrx_word' id='word_1_51' title='bbox 941 583 1194 633; x_wconf 81' lang='lat' dir='ltr'>quibusdam,</span> <span class='ocrx_word' id='word_1_52' title='bbox 1216 583 1246 621; x_wconf 87' lang='lat' dir='ltr'>si</span> <span class='ocrx_word' id='word_1_53' title='bbox 1277 584 1316 621; x_wconf 93' lang='lat' dir='ltr'>in</span> <span class='ocrx_word' id='word_1_54' title='bbox 1338 584 1530 635; x_wconf 88' lang='lat' dir='ltr'>oppidum</span> 
     </span>
     <span class='ocr_line' id='line_1_8' title="bbox 197 647 1530 698; baseline 0.002 -13"><span class='ocrx_word' id='word_1_55' title='bbox 197 647 330 686; x_wconf 88' lang='lat' dir='ltr'>nescio</span> <span class='ocrx_word' id='word_1_56' title='bbox 351 648 460 697; x_wconf 84' lang='lat' dir='ltr'>quod</span> <span class='ocrx_word' id='word_1_57' title='bbox 482 647 693 697; x_wconf 81' lang='lat' dir='ltr'>Pompeius</span> <span class='ocrx_word' id='word_1_58' title='bbox 715 647 768 686; x_wconf 86' lang='lat' dir='ltr'>rei</span> <span class='ocrx_word' id='word_1_59' title='bbox 796 648 1071 687; x_wconf 79' lang='lat' dir='ltr'>frumentariae</span> <span class='ocrx_word' id='word_1_60' title='bbox 1098 662 1215 687; x_wconf 87' lang='lat' dir='ltr'>causa</span> <span class='ocrx_word' id='word_1_61' title='bbox 1236 649 1418 698; x_wconf 74' lang='lat' dir='ltr'>venisset,</span> <span class='ocrx_word' id='word_1_62' title='bbox 1440 664 1530 689; x_wconf 91' lang='lat' dir='ltr'>eum</span> 
     </span>
     <span class='ocr_line' id='line_1_9' title="bbox 197 713 1140 763; baseline 0.002 -13"><span class='ocrx_word' id='word_1_63' title='bbox 197 713 531 762; x_wconf 81' lang='lat' dir='ltr'>comprehendere</span> <span class='ocrx_word' id='word_1_64' title='bbox 551 714 602 751; x_wconf 88' lang='lat' dir='ltr'>ad</span> <span class='ocrx_word' id='word_1_65' title='bbox 623 714 912 763; x_wconf 73' lang='lat' dir='ltr'>Caesaremque</span> <span class='ocrx_word' id='word_1_66' title='bbox 933 715 1140 753; x_wconf 85' lang='lat' dir='ltr'>deducere.</span> 
     </span>
    </p>

    <p class='ocr_par' dir='ltr' id='par_1_4' title="bbox 253 777 1575 829">
     <span class='ocr_line' id='line_1_10' title="bbox 253 777 1575 829; baseline 0.003 -14"><span class='ocrx_word' id='word_1_67' title='bbox 253 779 314 816; x_wconf 90' lang='lat' dir='ltr'>De</span> <span class='ocrx_word' id='word_1_68' title='bbox 336 786 403 816; x_wconf 86' lang='lat' dir='ltr'>tuo</span> <span class='ocrx_word' id='word_1_69' title='bbox 424 777 595 827; x_wconf 83' lang='lat' dir='ltr'>negotio,</span> <span class='ocrx_word' id='word_1_70' title='bbox 616 779 724 827; x_wconf 85' lang='lat' dir='ltr'>quod</span> <span class='ocrx_word' id='word_1_71' title='bbox 752 791 917 828; x_wconf 91' lang='lat' dir='ltr'>sponsor</span> <span class='ocrx_word' id='word_1_72' title='bbox 944 792 984 817; x_wconf 88' lang='lat' dir='ltr'>es</span> <span class='ocrx_word' id='word_1_73' title='bbox 1012 791 1082 829; x_wconf 91' lang='lat' dir='ltr'>pro</span> <span class='ocrx_word' id='word_1_74' title='bbox 1112 779 1316 829; x_wconf 81' lang='lat' dir='ltr'>Pompeio,</span> <span class='ocrx_word' id='word_1_75' title='bbox 1338 780 1368 817; x_wconf 91' lang='lat' dir='ltr'>si</span> <span class='ocrx_word' id='word_1_76' title='bbox 1391 781 1530 828; x_wconf 74' lang='lat' dir='ltr'>Galba,</span> <span class='ocrx_word' id='word_1_77' title='bbox 1552 788 1575 825; x_wconf 90' lang='lat'><strong>3</strong></span> 
     </span>
    </p>

    <p class='ocr_par' dir='ltr' id='par_1_5' title="bbox 141 842 1530 1022">
     <span class='ocr_line' id='line_1_11' title="bbox 141 842 1530 896; baseline 0.003 -16"><span class='ocrx_word' id='word_1_78' title='bbox 141 859 178 880; x_wconf 84' lang='lat'>10</span> <span class='ocrx_word' id='word_1_79' title='bbox 198 855 442 892; x_wconf 86' lang='lat' dir='ltr'>consponsor</span> <span class='ocrx_word' id='word_1_80' title='bbox 466 851 568 891; x_wconf 83' lang='lat' dir='ltr'>tuuS‚</span> <span class='ocrx_word' id='word_1_81' title='bbox 595 842 763 891; x_wconf 86' lang='lat' dir='ltr'>redierit,</span> <span class='ocrx_word' id='word_1_82' title='bbox 792 844 913 882; x_wconf 89' lang='lat' dir='ltr'>homo</span> <span class='ocrx_word' id='word_1_83' title='bbox 941 843 980 881; x_wconf 90' lang='lat' dir='ltr'>in</span> <span class='ocrx_word' id='word_1_84' title='bbox 1009 857 1048 882; x_wconf 91' lang='lat' dir='ltr'>re</span> <span class='ocrx_word' id='word_1_85' title='bbox 1073 844 1252 883; x_wconf 78' lang='lat' dir='ltr'>familiari</span> <span class='ocrx_word' id='word_1_86' title='bbox 1283 858 1362 883; x_wconf 90' lang='lat' dir='ltr'>non</span> <span class='ocrx_word' id='word_1_87' title='bbox 1393 859 1530 896; x_wconf 90' lang='lat' dir='ltr'>parum</span> 
     </span>
     <span class='ocr_line' id='line_1_12' title="bbox 197 907 1530 962; baseline 0.005 -18"><span class='ocrx_word' id='word_1_88' title='bbox 197 907 374 957; x_wconf 82' lang='lat' dir='ltr'>diligens,</span> <span class='ocrx_word' id='word_1_89' title='bbox 395 921 474 946; x_wconf 93' lang='lat' dir='ltr'>non</span> <span class='ocrx_word' id='word_1_90' title='bbox 496 907 674 946; x_wconf 76' lang='lat' dir='ltr'>desinam</span> <span class='ocrx_word' id='word_1_91' title='bbox 689 921 778 947; x_wconf 91' lang='lat' dir='ltr'>cum</span> <span class='ocrx_word' id='word_1_92' title='bbox 793 907 859 947; x_wconf 89' lang='lat' dir='ltr'>illo</span> <span class='ocrx_word' id='word_1_93' title='bbox 877 908 1183 957; x_wconf 81' lang='lat' dir='ltr'>communicare,</span> <span class='ocrx_word' id='word_1_94' title='bbox 1198 909 1227 947; x_wconf 91' lang='lat' dir='ltr'>si</span> <span class='ocrx_word' id='word_1_95' title='bbox 1246 909 1341 960; x_wconf 86' lang='lat' dir='ltr'>quid</span> <span class='ocrx_word' id='word_1_96' title='bbox 1358 911 1530 962; x_wconf 81' lang='lat' dir='ltr'>expediri</span> 
     </span>
     <span class='ocr_line' id='line_1_13' title="bbox 196 971 1139 1022; baseline 0.002 -12"><span class='ocrx_word' id='word_1_97' title='bbox 196 971 319 1022; x_wconf 84' lang='lat' dir='ltr'>possit</span> <span class='ocrx_word' id='word_1_98' title='bbox 334 987 344 1019; x_wconf 71' lang='lat'>5</span> <span class='ocrx_word' id='word_1_99' title='bbox 373 973 480 1022; x_wconf 82' lang='lat' dir='ltr'>quod</span> <span class='ocrx_word' id='word_1_100' title='bbox 501 972 707 1011; x_wconf 84' lang='lat' dir='ltr'>videbatur</span> <span class='ocrx_word' id='word_1_101' title='bbox 728 973 822 1011; x_wconf 87' lang='lat' dir='ltr'>mihi</span> <span class='ocrx_word' id='word_1_102' title='bbox 845 973 908 1012; x_wconf 92' lang='lat' dir='ltr'>ille</span> <span class='ocrx_word' id='word_1_103' title='bbox 929 974 1139 1013; x_wconf 85' lang='lat' dir='ltr'>confidere.</span> 
     </span>
    </p>

    <p class='ocr_par' dir='ltr' id='par_1_6' title="bbox 195 1038 1576 1155">
     <span class='ocr_line' id='line_1_14' title="bbox 250 1038 1576 1089; baseline 0.005 -13"><span class='ocrx_word' id='word_1_104' title='bbox 250 1038 502 1076; x_wconf 87' lang='lat' dir='ltr'>‘Oratorem&#39;</span> <span class='ocrx_word' id='word_1_105' title='bbox 533 1051 664 1075; x_wconf 90' lang='lat' dir='ltr'>meum</span> <span class='ocrx_word' id='word_1_106' title='bbox 695 1045 804 1076; x_wconf 84' lang='lat' dir='ltr'>tanto</span> <span class='ocrx_word' id='word_1_107' title='bbox 831 1051 950 1089; x_wconf 87' lang='lat' dir='ltr'>opere</span> <span class='ocrx_word' id='word_1_108' title='bbox 978 1052 1001 1077; x_wconf 90' lang='lat' dir='ltr'>a</span> <span class='ocrx_word' id='word_1_109' title='bbox 1030 1046 1068 1078; x_wconf 89' lang='lat' dir='ltr'>te</span> <span class='ocrx_word' id='word_1_110' title='bbox 1098 1039 1253 1089; x_wconf 85' lang='lat' dir='ltr'>probari</span> <span class='ocrx_word' id='word_1_111' title='bbox 1278 1041 1531 1080; x_wconf 87' lang='lat' dir='ltr'>vehementer</span> <span class='ocrx_word' id='word_1_112' title='bbox 1550 1045 1576 1083; x_wconf 93' lang='lat'>4</span> 
     </span>
     <span class='ocr_line' id='line_1_15' title="bbox 195 1102 1530 1155; baseline 0.004 -15"><span class='ocrx_word' id='word_1_113' title='bbox 195 1102 360 1152; x_wconf 77' lang='lat' dir='ltr'>gaudeo.</span> <span class='ocrx_word' id='word_1_114' title='bbox 422 1102 523 1140; x_wconf 86' lang='lat' dir='ltr'>Mihi</span> <span class='ocrx_word' id='word_1_115' title='bbox 538 1102 698 1153; x_wconf 90' lang='lat' dir='ltr'>quidem</span> <span class='ocrx_word' id='word_1_116' title='bbox 716 1102 770 1141; x_wconf 90' lang='lat' dir='ltr'>sic</span> <span class='ocrx_word' id='word_1_117' title='bbox 783 1104 1002 1153; x_wconf 80' lang='lat' dir='ltr'>persuadeo</span> <span class='ocrx_word' id='word_1_118' title='bbox 1024 1118 1100 1151; x_wconf 77' lang='lat' dir='ltr'>me,</span> <span class='ocrx_word' id='word_1_119' title='bbox 1114 1104 1304 1155; x_wconf 84' lang='lat' dir='ltr'>quicquid</span> <span class='ocrx_word' id='word_1_120' title='bbox 1325 1107 1530 1145; x_wconf 81' lang='lat' dir='ltr'>habuerim</span> 
     </span>
    </p>

    <p class='ocr_par' dir='ltr' id='par_1_7' title="bbox 139 1165 1530 1478">
     <span class='ocr_line' id='line_1_16' title="bbox 139 1165 1529 1220; baseline 0.003 -14"><span class='ocrx_word' id='word_1_121' title='bbox 139 1174 174 1206; x_wconf 86' lang='lat'>15</span> <span class='ocrx_word' id='word_1_122' title='bbox 198 1165 318 1205; x_wconf 88' lang='lat' dir='ltr'>iudici</span> <span class='ocrx_word' id='word_1_123' title='bbox 347 1168 397 1205; x_wconf 89' lang='lat' dir='ltr'>de</span> <span class='ocrx_word' id='word_1_124' title='bbox 427 1167 612 1213; x_wconf 78' lang='lat' dir='ltr'>dicendo,</span> <span class='ocrx_word' id='word_1_125' title='bbox 644 1166 682 1204; x_wconf 90' lang='lat' dir='ltr'>in</span> <span class='ocrx_word' id='word_1_126' title='bbox 707 1167 816 1205; x_wconf 92' lang='lat' dir='ltr'>illum</span> <span class='ocrx_word' id='word_1_127' title='bbox 845 1167 987 1207; x_wconf 90' lang='lat' dir='ltr'>librum</span> <span class='ocrx_word' id='word_1_128' title='bbox 1018 1169 1242 1208; x_wconf 89' lang='lat' dir='ltr'>contulisse.</span> <span class='ocrx_word' id='word_1_129' title='bbox 1305 1171 1384 1220; x_wconf 88' lang='lat' dir='ltr'>Qui</span> <span class='ocrx_word' id='word_1_130' title='bbox 1412 1171 1442 1209; x_wconf 87' lang='lat' dir='ltr'>si</span> <span class='ocrx_word' id='word_1_131' title='bbox 1471 1180 1529 1210; x_wconf 86' lang='lat' dir='ltr'>est</span> 
     </span>
     <span class='ocr_line' id='line_1_17' title="bbox 196 1231 1529 1285; baseline 0.005 -17"><span class='ocrx_word' id='word_1_132' title='bbox 196 1232 282 1269; x_wconf 84' lang='lat' dir='ltr'>talis</span> <span class='ocrx_word' id='word_1_133' title='bbox 318 1232 474 1282; x_wconf 89' lang='lat' dir='ltr'>qualem</span> <span class='ocrx_word' id='word_1_134' title='bbox 510 1231 580 1270; x_wconf 91' lang='lat' dir='ltr'>tibi</span> <span class='ocrx_word' id='word_1_135' title='bbox 610 1231 730 1269; x_wconf 84' lang='lat' dir='ltr'>videri</span> <span class='ocrx_word' id='word_1_136' title='bbox 761 1232 910 1281; x_wconf 84' lang='lat' dir='ltr'>scribis,</span> <span class='ocrx_word' id='word_1_137' title='bbox 940 1247 1013 1283; x_wconf 88' lang='lat' dir='ltr'>ego</span> <span class='ocrx_word' id='word_1_138' title='bbox 1043 1247 1203 1284; x_wconf 86' lang='lat' dir='ltr'>quoque</span> <span class='ocrx_word' id='word_1_139' title='bbox 1232 1235 1382 1285; x_wconf 85' lang='lat' dir='ltr'>aliquid</span> <span class='ocrx_word' id='word_1_140' title='bbox 1417 1250 1503 1275; x_wconf 91' lang='lat' dir='ltr'>sum</span> <span class='ocrx_word' id='word_1_141' title='bbox 1519 1252 1529 1284; x_wconf 77' lang='lat'>3</span> 
     </span>
     <span class='ocr_line' id='line_1_18' title="bbox 197 1294 1530 1348; baseline 0.005 -15"><span class='ocrx_word' id='word_1_142' title='bbox 197 1294 255 1333; x_wconf 89' lang='lat' dir='ltr'>sin</span> <span class='ocrx_word' id='word_1_143' title='bbox 282 1295 400 1343; x_wconf 81' lang='lat' dir='ltr'>aliter,</span> <span class='ocrx_word' id='word_1_144' title='bbox 432 1309 513 1335; x_wconf 90' lang='lat' dir='ltr'>non</span> <span class='ocrx_word' id='word_1_145' title='bbox 543 1309 681 1335; x_wconf 89' lang='lat' dir='ltr'>recuso</span> <span class='ocrx_word' id='word_1_146' title='bbox 710 1296 815 1346; x_wconf 85' lang='lat' dir='ltr'>quin,</span> <span class='ocrx_word' id='word_1_147' title='bbox 845 1305 1037 1347; x_wconf 86' lang='lat' dir='ltr'>quantum</span> <span class='ocrx_word' id='word_1_148' title='bbox 1062 1299 1112 1337; x_wconf 90' lang='lat' dir='ltr'>de</span> <span class='ocrx_word' id='word_1_149' title='bbox 1142 1299 1208 1338; x_wconf 94' lang='lat' dir='ltr'>illo</span> <span class='ocrx_word' id='word_1_150' title='bbox 1236 1299 1345 1348; x_wconf 88' lang='lat' dir='ltr'>libro,</span> <span class='ocrx_word' id='word_1_151' title='bbox 1377 1309 1530 1340; x_wconf 87' lang='lat' dir='ltr'>tantun-</span> 
     </span>
     <span class='ocr_line' id='line_1_19' title="bbox 195 1360 1527 1414; baseline 0.006 -17"><span class='ocrx_word' id='word_1_152' title='bbox 195 1361 287 1398; x_wconf 88' lang='lat' dir='ltr'>dem</span> <span class='ocrx_word' id='word_1_153' title='bbox 327 1361 376 1399; x_wconf 92' lang='lat' dir='ltr'>de</span> <span class='ocrx_word' id='word_1_154' title='bbox 416 1361 493 1400; x_wconf 92' lang='lat' dir='ltr'>mei</span> <span class='ocrx_word' id='word_1_155' title='bbox 533 1360 651 1399; x_wconf 91' lang='lat' dir='ltr'>iudici</span> <span class='ocrx_word' id='word_1_156' title='bbox 691 1363 794 1400; x_wconf 86' lang='lat' dir='ltr'>fama</span> <span class='ocrx_word' id='word_1_157' title='bbox 832 1363 1066 1401; x_wconf 77' lang='lat' dir='ltr'>detrahatur.</span> <span class='ocrx_word' id='word_1_158' title='bbox 1143 1365 1310 1414; x_wconf 82' lang='lat' dir='ltr'>Leptam</span> <span class='ocrx_word' id='word_1_159' title='bbox 1350 1374 1527 1405; x_wconf 89' lang='lat' dir='ltr'>nostrum</span> 
     </span>
     <span class='ocr_line' id='line_1_20' title="bbox 195 1425 1528 1478; baseline 0.006 -16"><span class='ocrx_word' id='word_1_160' title='bbox 195 1425 313 1475; x_wconf 89' lang='lat' dir='ltr'>cupio</span> <span class='ocrx_word' id='word_1_161' title='bbox 343 1425 527 1464; x_wconf 89' lang='lat' dir='ltr'>delectari</span> <span class='ocrx_word' id='word_1_162' title='bbox 559 1425 635 1464; x_wconf 91' lang='lat' dir='ltr'>iam</span> <span class='ocrx_word' id='word_1_163' title='bbox 667 1426 809 1465; x_wconf 86' lang='lat' dir='ltr'>talibus</span> <span class='ocrx_word' id='word_1_164' title='bbox 844 1427 1006 1478; x_wconf 85' lang='lat' dir='ltr'>scriptis.</span> <span class='ocrx_word' id='word_1_165' title='bbox 1068 1428 1151 1466; x_wconf 86' lang='lat' dir='ltr'>Etsi</span> <span class='ocrx_word' id='word_1_166' title='bbox 1183 1430 1295 1468; x_wconf 88' lang='lat' dir='ltr'>abest</span> <span class='ocrx_word' id='word_1_167' title='bbox 1327 1431 1528 1470; x_wconf 86' lang='lat' dir='ltr'>maturitas</span> 
     </span>
    </p>

    <p class='ocr_par' dir='ltr' id='par_1_8' title="bbox 138 1490 1528 1594">
     <span class='ocr_line' id='line_1_21' title="bbox 138 1490 1528 1541; baseline 0.006 -14"><span class='ocrx_word' id='word_1_168' title='bbox 138 1500 177 1522; x_wconf 87' lang='lat'>20</span> <span class='ocrx_word' id='word_1_169' title='bbox 195 1490 342 1537; x_wconf 83' lang='lat' dir='ltr'>aetatis,</span> <span class='ocrx_word' id='word_1_170' title='bbox 365 1498 496 1529; x_wconf 85' lang='lat' dir='ltr'>tamen</span> <span class='ocrx_word' id='word_1_171' title='bbox 517 1504 725 1541; x_wconf 86' lang='lat' dir='ltr'>personare</span> <span class='ocrx_word' id='word_1_172' title='bbox 750 1492 852 1530; x_wconf 85' lang='lat' dir='ltr'>auris</span> <span class='ocrx_word' id='word_1_173' title='bbox 877 1492 958 1531; x_wconf 88' lang='lat' dir='ltr'>eius</span> <span class='ocrx_word' id='word_1_174' title='bbox 989 1492 1103 1531; x_wconf 88' lang='lat' dir='ltr'>huius</span> <span class='ocrx_word' id='word_1_175' title='bbox 1135 1494 1242 1533; x_wconf 92' lang='lat' dir='ltr'>modi</span> <span class='ocrx_word' id='word_1_176' title='bbox 1263 1495 1427 1534; x_wconf 87' lang='lat' dir='ltr'>vocibus</span> <span class='ocrx_word' id='word_1_177' title='bbox 1448 1509 1528 1535; x_wconf 87' lang='lat' dir='ltr'>non</span> 
     </span>
     <span class='ocr_line' id='line_1_22' title="bbox 195 1555 418 1594; baseline 0.004 -1"><span class='ocrx_word' id='word_1_178' title='bbox 195 1563 252 1593; x_wconf 85' lang='lat' dir='ltr'>est</span> <span class='ocrx_word' id='word_1_179' title='bbox 273 1555 418 1594; x_wconf 91' lang='lat' dir='ltr'>inutile.</span> 
     </span>
    </p>

    <p class='ocr_par' dir='ltr' id='par_1_9' title="bbox 249 1622 1571 1676">
     <span class='ocr_line' id='line_1_23' title="bbox 249 1622 1571 1676; baseline 0.005 -18"><span class='ocrx_word' id='word_1_180' title='bbox 249 1622 318 1660; x_wconf 86' lang='lat' dir='ltr'>Me</span> <span class='ocrx_word' id='word_1_181' title='bbox 351 1622 504 1661; x_wconf 88' lang='lat' dir='ltr'>Romae</span> <span class='ocrx_word' id='word_1_182' title='bbox 538 1623 663 1662; x_wconf 88' lang='lat' dir='ltr'>tenuit</span> <span class='ocrx_word' id='word_1_183' title='bbox 695 1623 858 1662; x_wconf 88' lang='lat' dir='ltr'>omnino</span> <span class='ocrx_word' id='word_1_184' title='bbox 896 1623 1050 1663; x_wconf 84' lang='lat' dir='ltr'>Tulliae</span> <span class='ocrx_word' id='word_1_185' title='bbox 1083 1638 1193 1663; x_wconf 87' lang='lat' dir='ltr'>meae</span> <span class='ocrx_word' id='word_1_186' title='bbox 1231 1634 1374 1675; x_wconf 89' lang='lat' dir='ltr'>partus.</span> <span class='ocrx_word' id='word_1_187' title='bbox 1449 1627 1526 1665; x_wconf 88' lang='lat' dir='ltr'>Sed</span> <span class='ocrx_word' id='word_1_188' title='bbox 1547 1637 1571 1676; x_wconf 90' lang='lat'>5</span> 
     </span>
    </p>

    <p class='ocr_par' dir='ltr' id='par_1_10' title="bbox 138 1689 1528 1805">
     <span class='ocr_line' id='line_1_24' title="bbox 138 1689 1528 1739; baseline 0.005 -16"><span class='ocrx_word' id='word_1_189' title='bbox 138 1712 149 1722; x_wconf 81' lang='lat'><em>.</em></span> <span class='ocrx_word' id='word_1_190' title='bbox 194 1699 284 1724; x_wconf 89' lang='lat' dir='ltr'>cum</span> <span class='ocrx_word' id='word_1_191' title='bbox 317 1700 372 1733; x_wconf 84' lang='lat' dir='ltr'>ea,</span> <span class='ocrx_word' id='word_1_192' title='bbox 405 1700 524 1737; x_wconf 84' lang='lat' dir='ltr'>quem</span> <span class='ocrx_word' id='word_1_193' title='bbox 559 1690 608 1726; x_wconf 87' lang='lat' dir='ltr'>ad</span> <span class='ocrx_word' id='word_1_194' title='bbox 650 1690 813 1728; x_wconf 89' lang='lat' dir='ltr'>modum</span> <span class='ocrx_word' id='word_1_195' title='bbox 852 1702 976 1739; x_wconf 88' lang='lat' dir='ltr'>spero,</span> <span class='ocrx_word' id='word_1_196' title='bbox 1018 1689 1110 1728; x_wconf 87' lang='lat' dir='ltr'>satis</span> <span class='ocrx_word' id='word_1_197' title='bbox 1150 1691 1260 1728; x_wconf 87' lang='lat' dir='ltr'>firma</span> <span class='ocrx_word' id='word_1_198' title='bbox 1291 1690 1349 1737; x_wconf 85' lang='lat' dir='ltr'>sit,</span> <span class='ocrx_word' id='word_1_199' title='bbox 1392 1698 1528 1730; x_wconf 90' lang='lat' dir='ltr'>teneor</span> 
     </span>
     <span class='ocr_line' id='line_1_25' title="bbox 196 1753 1526 1805; baseline 0.004 -17"><span class='ocrx_word' id='word_1_200' title='bbox 196 1758 337 1798; x_wconf 82' lang='lat' dir='ltr'>tamen,</span> <span class='ocrx_word' id='word_1_201' title='bbox 374 1753 469 1790; x_wconf 92' lang='lat' dir='ltr'>dum</span> <span class='ocrx_word' id='word_1_202' title='bbox 503 1767 526 1790; x_wconf 89' lang='lat' dir='ltr'>a</span> <span class='ocrx_word' id='word_1_203' title='bbox 562 1754 792 1792; x_wconf 87' lang='lat' dir='ltr'>Dolabellae</span> <span class='ocrx_word' id='word_1_204' title='bbox 826 1754 1142 1804; x_wconf 85' lang='lat' dir='ltr'>procuratoribus</span> <span class='ocrx_word' id='word_1_205' title='bbox 1177 1754 1328 1804; x_wconf 82' lang='lat' dir='ltr'>exigam</span> <span class='ocrx_word' id='word_1_206' title='bbox 1360 1755 1526 1805; x_wconf 89' lang='lat' dir='ltr'>primam</span> 
     </span>
    </p>

    <p class='ocr_par' dir='ltr' id='par_1_11' title="bbox 138 1816 1526 2132">
     <span class='ocr_line' id='line_1_26' title="bbox 138 1816 1525 1870; baseline 0.004 -17"><span class='ocrx_word' id='word_1_207' title='bbox 138 1825 175 1857; x_wconf 87' lang='lat'>25</span> <span class='ocrx_word' id='word_1_208' title='bbox 196 1816 450 1866; x_wconf 53' lang='lat' dir='ltr'>pensionem5</span> <span class='ocrx_word' id='word_1_209' title='bbox 485 1824 522 1856; x_wconf 94' lang='lat' dir='ltr'>et</span> <span class='ocrx_word' id='word_1_210' title='bbox 548 1831 610 1856; x_wconf 91' lang='lat' dir='ltr'>me</span> <span class='ocrx_word' id='word_1_211' title='bbox 636 1820 792 1857; x_wconf 87' lang='lat' dir='ltr'>hercule</span> <span class='ocrx_word' id='word_1_212' title='bbox 823 1833 903 1857; x_wconf 91' lang='lat' dir='ltr'>non</span> <span class='ocrx_word' id='word_1_213' title='bbox 934 1827 1012 1857; x_wconf 89' lang='lat' dir='ltr'>tam</span> <span class='ocrx_word' id='word_1_214' title='bbox 1043 1832 1129 1857; x_wconf 89' lang='lat' dir='ltr'>sum</span> <span class='ocrx_word' id='word_1_215' title='bbox 1160 1819 1423 1870; x_wconf 79' lang='lat' dir='ltr'>peregrinator</span> <span class='ocrx_word' id='word_1_216' title='bbox 1449 1820 1525 1859; x_wconf 89' lang='lat' dir='ltr'>iam</span> 
     </span>
     <span class='ocr_line' id='line_1_27' title="bbox 195 1883 1526 1933; baseline 0.005 -15"><span class='ocrx_word' id='word_1_217' title='bbox 195 1894 314 1930; x_wconf 85' lang='lat' dir='ltr'>quam</span> <span class='ocrx_word' id='word_1_218' title='bbox 353 1883 539 1930; x_wconf 86' lang='lat' dir='ltr'>solebam.</span> <span class='ocrx_word' id='word_1_219' title='bbox 600 1884 793 1922; x_wconf 85' lang='lat' dir='ltr'>Aedificia</span> <span class='ocrx_word' id='word_1_220' title='bbox 832 1898 920 1922; x_wconf 87' lang='lat' dir='ltr'>mea</span> <span class='ocrx_word' id='word_1_221' title='bbox 959 1898 1021 1922; x_wconf 93' lang='lat' dir='ltr'>me</span> <span class='ocrx_word' id='word_1_222' title='bbox 1060 1886 1258 1923; x_wconf 86' lang='lat' dir='ltr'>delectant</span> <span class='ocrx_word' id='word_1_223' title='bbox 1297 1894 1334 1924; x_wconf 90' lang='lat' dir='ltr'>et</span> <span class='ocrx_word' id='word_1_224' title='bbox 1373 1886 1526 1933; x_wconf 87' lang='lat' dir='ltr'>otium;</span> 
     </span>
     <span class='ocr_line' id='line_1_28' title="bbox 194 1946 1524 1997; baseline 0.005 -15"><span class='ocrx_word' id='word_1_225' title='bbox 194 1946 337 1983; x_wconf 88' lang='lat' dir='ltr'>domus</span> <span class='ocrx_word' id='word_1_226' title='bbox 358 1954 415 1984; x_wconf 91' lang='lat' dir='ltr'>est</span> <span class='ocrx_word' id='word_1_227' title='bbox 442 1960 543 1997; x_wconf 86' lang='lat' dir='ltr'>quae</span> <span class='ocrx_word' id='word_1_228' title='bbox 573 1948 668 1986; x_wconf 90' lang='lat' dir='ltr'>nulli</span> <span class='ocrx_word' id='word_1_229' title='bbox 698 1963 871 1987; x_wconf 86' lang='lat' dir='ltr'>mearum</span> <span class='ocrx_word' id='word_1_230' title='bbox 899 1950 1076 1988; x_wconf 76' lang='lat' dir='ltr'>villarum</span> <span class='ocrx_word' id='word_1_231' title='bbox 1105 1951 1230 1997; x_wconf 88' lang='lat' dir='ltr'>cedat,</span> <span class='ocrx_word' id='word_1_232' title='bbox 1260 1950 1384 1989; x_wconf 90' lang='lat' dir='ltr'>otium</span> <span class='ocrx_word' id='word_1_233' title='bbox 1415 1951 1524 1990; x_wconf 89' lang='lat' dir='ltr'>omni</span> 
     </span>
     <span class='ocr_line' id='line_1_29' title="bbox 195 2011 1524 2066; baseline 0.005 -18"><span class='ocrx_word' id='word_1_234' title='bbox 195 2011 457 2050; x_wconf 84' lang='lat' dir='ltr'>desertissima</span> <span class='ocrx_word' id='word_1_235' title='bbox 496 2013 654 2063; x_wconf 79' lang='lat' dir='ltr'>regione</span> <span class='ocrx_word' id='word_1_236' title='bbox 697 2014 831 2053; x_wconf 85' lang='lat' dir='ltr'>maius.</span> <span class='ocrx_word' id='word_1_237' title='bbox 894 2017 1032 2066; x_wconf 84' lang='lat' dir='ltr'>Itaque</span> <span class='ocrx_word' id='word_1_238' title='bbox 1080 2030 1129 2054; x_wconf 92' lang='lat' dir='ltr'>ne</span> <span class='ocrx_word' id='word_1_239' title='bbox 1170 2016 1319 2055; x_wconf 89' lang='lat' dir='ltr'>litterae</span> <span class='ocrx_word' id='word_1_240' title='bbox 1362 2017 1524 2066; x_wconf 84' lang='lat' dir='ltr'>quidem</span> 
     </span>
     <span class='ocr_line' id='line_1_30' title="bbox 194 2077 1520 2132; baseline 0.005 -18"><span class='ocrx_word' id='word_1_241' title='bbox 194 2090 304 2116; x_wconf 88' lang='lat' dir='ltr'>meae</span> <span class='ocrx_word' id='word_1_242' title='bbox 326 2077 603 2128; x_wconf 87' lang='lat' dir='ltr'>impediuntur,</span> <span class='ocrx_word' id='word_1_243' title='bbox 626 2080 665 2118; x_wconf 92' lang='lat' dir='ltr'>in</span> <span class='ocrx_word' id='word_1_244' title='bbox 686 2081 829 2131; x_wconf 87' lang='lat' dir='ltr'>quibus</span> <span class='ocrx_word' id='word_1_245' title='bbox 851 2080 934 2120; x_wconf 87' lang='lat' dir='ltr'>sine</span> <span class='ocrx_word' id='word_1_246' title='bbox 955 2083 1032 2120; x_wconf 88' lang='lat' dir='ltr'>ulla</span> <span class='ocrx_word' id='word_1_247' title='bbox 1047 2081 1360 2132; x_wconf 85' lang='lat' dir='ltr'>interpellatione</span> <span class='ocrx_word' id='word_1_248' title='bbox 1381 2096 1520 2121; x_wconf 83' lang='lat' dir='ltr'>versor.</span> 
     </span>
    </p>

    <p class='ocr_par' dir='ltr' id='par_1_12' title="bbox 136 2144 1524 2324">
     <span class='ocr_line' id='line_1_31' title="bbox 136 2144 1524 2197; baseline 0.006 -18"><span class='ocrx_word' id='word_1_249' title='bbox 136 2150 175 2180; x_wconf 85' lang='lat'>30</span> <span class='ocrx_word' id='word_1_250' title='bbox 195 2144 286 2191; x_wconf 86' lang='lat' dir='ltr'>Qua</span> <span class='ocrx_word' id='word_1_251' title='bbox 305 2157 355 2189; x_wconf 88' lang='lat' dir='ltr'>re,</span> <span class='ocrx_word' id='word_1_252' title='bbox 379 2152 420 2182; x_wconf 89' lang='lat' dir='ltr'>ut</span> <span class='ocrx_word' id='word_1_253' title='bbox 441 2144 614 2192; x_wconf 89' lang='lat' dir='ltr'>arbitror,</span> <span class='ocrx_word' id='word_1_254' title='bbox 638 2145 742 2196; x_wconf 90' lang='lat' dir='ltr'>prius</span> <span class='ocrx_word' id='word_1_255' title='bbox 764 2147 828 2185; x_wconf 92' lang='lat' dir='ltr'>hic</span> <span class='ocrx_word' id='word_1_256' title='bbox 854 2156 890 2186; x_wconf 89' lang='lat' dir='ltr'>te</span> <span class='ocrx_word' id='word_1_257' title='bbox 918 2161 990 2186; x_wconf 89' lang='lat' dir='ltr'>nos</span> <span class='ocrx_word' id='word_1_258' title='bbox 1015 2161 1134 2197; x_wconf 87' lang='lat' dir='ltr'>quarn</span> <span class='ocrx_word' id='word_1_259' title='bbox 1156 2147 1242 2186; x_wconf 90' lang='lat' dir='ltr'>istic</span> <span class='ocrx_word' id='word_1_260' title='bbox 1264 2156 1305 2186; x_wconf 91' lang='lat' dir='ltr'>tu</span> <span class='ocrx_word' id='word_1_261' title='bbox 1327 2161 1399 2187; x_wconf 89' lang='lat' dir='ltr'>nos</span> <span class='ocrx_word' id='word_1_262' title='bbox 1420 2149 1524 2187; x_wconf 77' lang='lat' dir='ltr'>vide-</span> 
     </span>
     <span class='ocr_line' id='line_1_32' title="bbox 195 2206 1523 2258; baseline 0.005 -14"><span class='ocrx_word' id='word_1_263' title='bbox 195 2206 264 2245; x_wconf 85' lang='lat' dir='ltr'>bis.</span> <span class='ocrx_word' id='word_1_264' title='bbox 325 2209 449 2258; x_wconf 91' lang='lat' dir='ltr'>Lepta</span> <span class='ocrx_word' id='word_1_265' title='bbox 469 2210 720 2249; x_wconf 85' lang='lat' dir='ltr'>suavissimus</span> <span class='ocrx_word' id='word_1_266' title='bbox 748 2211 896 2250; x_wconf 87' lang='lat' dir='ltr'>ediscat</span> <span class='ocrx_word' id='word_1_267' title='bbox 918 2212 1142 2252; x_wconf 89' lang='lat' dir='ltr'>Hesiodum</span> <span class='ocrx_word' id='word_1_268' title='bbox 1173 2221 1211 2251; x_wconf 92' lang='lat' dir='ltr'>et</span> <span class='ocrx_word' id='word_1_269' title='bbox 1232 2214 1375 2252; x_wconf 87' lang='lat' dir='ltr'>habeat</span> <span class='ocrx_word' id='word_1_270' title='bbox 1396 2213 1435 2251; x_wconf 89' lang='lat' dir='ltr'>in</span> <span class='ocrx_word' id='word_1_271' title='bbox 1457 2227 1523 2252; x_wconf 93' lang='lat' dir='ltr'>ore</span> 
     </span>
     <span class='ocr_line' id='line_1_33' title="bbox 196 2272 863 2324; baseline 0.009 -15"><span class='ocrx_word' id='word_1_272' title='bbox 196 2274 282 2321; x_wconf 75' lang='grc' dir='ltr'>ιτῆς</span> <span class='ocrx_word' id='word_1_273' title='bbox 300 2272 330 2310; x_wconf 79' lang='grc' dir='ltr'>δ’</span> <span class='ocrx_word' id='word_1_274' title='bbox 350 2275 477 2323; x_wconf 80' lang='grc' dir='ltr'>ἀρετῆς</span> <span class='ocrx_word' id='word_1_275' title='bbox 498 2275 647 2324; x_wconf 76' lang='grc' dir='ltr'>ἶδρῶτα’</span> <span class='ocrx_word' id='word_1_276' title='bbox 667 2284 705 2314; x_wconf 79' lang='lat' dir='ltr'>et</span> <span class='ocrx_word' id='word_1_277' title='bbox 725 2283 863 2315; x_wconf 78' lang='lat' dir='ltr'>cetera.</span> 
     </span>
    </p>
   </div>
   <div class='ocr_carea' id='block_1_3' title="bbox 195 2376 1519 2466">
    <p class='ocr_par' dir='ltr' id='par_1_13' title="bbox 195 2376 1519 2466">
     <span class='ocr_line' id='line_1_34' title="bbox 238 2376 1519 2413; baseline 0.007 -9"><span class='ocrx_word' id='word_1_278' title='bbox 238 2385 257 2405; x_wconf 83' lang='lat'><em>2</em></span> <span class='ocrx_word' id='word_1_279' title='bbox 281 2385 360 2406; x_wconf 85' lang='lat' dir='ltr'>suos</span> <span class='ocrx_word' id='word_1_280' title='bbox 384 2376 557 2408; x_wconf 75' lang='lat' dir='ltr'>Bz&#39;iclzeler:</span> <span class='ocrx_word' id='word_1_281' title='bbox 592 2389 653 2410; x_wconf 89' lang='lat' dir='ltr'>nos</span> <span class='ocrx_word' id='word_1_282' title='bbox 680 2379 762 2409; x_wconf 82' lang='lat' dir='ltr'>GR:</span> <span class='ocrx_word' id='word_1_283' title='bbox 799 2390 860 2410; x_wconf 88' lang='lat' dir='ltr'>uos</span> <span class='ocrx_word' id='word_1_284' title='bbox 885 2380 926 2409; x_wconf 88' lang='grc' dir='ltr'><em>Μ</em></span> <span class='ocrx_word' id='word_1_285' title='bbox 1069 2382 1111 2410; x_wconf 84' lang='lat'>26</span> <span class='ocrx_word' id='word_1_286' title='bbox 1136 2380 1306 2412; x_wconf 86' lang='lat' dir='ltr'>delectant</span> <span class='ocrx_word' id='word_1_287' title='bbox 1331 2381 1363 2410; x_wconf 84' lang='lat' dir='ltr'><em>R</em></span> <span class='ocrx_word' id='word_1_288' title='bbox 1380 2380 1519 2413; x_wconf 65' lang='lat' dir='ltr'>Muller:</span> 
     </span>
     <span class='ocr_line' id='line_1_35' title="bbox 195 2418 1404 2466; baseline 0.006 -18"><span class='ocrx_word' id='word_1_289' title='bbox 195 2418 324 2449; x_wconf 76' lang='lat' dir='ltr'>—tabant</span> <span class='ocrx_word' id='word_1_290' title='bbox 341 2419 381 2449; x_wconf 86' lang='lat' dir='ltr'><em>M</em></span> <span class='ocrx_word' id='word_1_291' title='bbox 384 2419 412 2450; x_wconf 83' lang='lat' dir='ltr'><strong><em>G</em></strong></span> <span class='ocrx_word' id='word_1_292' title='bbox 433 2419 622 2462; x_wconf 61' lang='lat' dir='ltr'>lVesenbegg</span> <span class='ocrx_word' id='word_1_293' title='bbox 751 2433 790 2461; x_wconf 78' lang='lat'>27</span> <span class='ocrx_word' id='word_1_294' title='bbox 818 2433 906 2454; x_wconf 91' lang='lat' dir='ltr'>nunc</span> <span class='ocrx_word' id='word_1_295' title='bbox 925 2424 1042 2454; x_wconf 89' lang='lat' dir='ltr'>domus</span> <span class='ocrx_word' id='word_1_296' title='bbox 1060 2424 1193 2455; x_wconf 82' lang='lat' dir='ltr'>Ernesti</span> <span class='ocrx_word' id='word_1_297' title='bbox 1212 2424 1404 2466; x_wconf 80' lang='lat' dir='ltr'>lVesenberg</span> 
     </span>
    </p>
   </div>
  </div>
 </body>
</html>
