1791 2796
164 155 257 192 XII.
279 155 354 190 xiv
680 152 734 189 M.
768 152 935 205 TVLLI
969 150 1276 189 CICERONIS

313 267 362 303 acl
389 278 493 302 mare
518 278 559 302 se
586 263 762 302 contulit.
824 262 884 301 Ibi
913 276 1025 313 spero
1052 262 1227 300 celeriter
1254 275 1343 300 eum
1372 275 1519 312 poenas
1540 263 1650 301 datu-

314 344 424 375 rum;
466 343 557 367 nam
591 343 721 379 neque
760 342 840 378 quo
879 328 1041 378 refugiat
1082 328 1200 365 habet
1241 340 1370 377 neque
1409 327 1556 366 diutius
1596 327 1647 365 ibi

316 395 457 445 poterit
496 402 649 433 tantum
689 394 900 432 exercitum
942 393 1055 432 Cassi
1088 392 1293 431 sustinere.
1371 394 1493 443 Spero
1531 393 1649 432 etiam

271 470 296 507 5
316 461 541 498 confectum
563 473 648 498 esse
670 459 746 498 iam
768 467 806 498 et
827 472 1058 509 oppressum
1082 459 1342 497 Dolabellam.
1403 460 1493 508 Qua
1509 472 1548 497 re
1569 471 1649 497 non

315 534 412 576 puto
440 527 606 564 Pansam
637 533 674 563 et
704 524 879 562 Hirtium
905 525 943 562 in
971 525 1179 562 consulatu
1200 531 1473 574 properaturos
1501 523 1538 561 in
1567 538 1651 574 pro-
1671 534 1688 566 5

315 590 463 629 vineias
502 590 605 629 exire
645 591 714 629 sed
756 591 909 628 Romae
939 598 1096 628 acturos
1127 590 1387 627 consulatum.
1450 590 1589 639 Itaque
1619 589 1649 628 si

314 657 365 694 ab
397 656 442 694 iis
474 655 630 706 petieris
662 664 703 694 ut
731 655 878 694 interea
908 655 1022 693 nobis
1049 654 1365 705 procurationem
1396 654 1513 693 Asiae
1542 656 1648 701 dent,

316 735 431 772 spero
477 730 515 760 te
558 734 675 771 posse
714 720 931 770 impetrare.
1013 722 1215 759 Praeterea
1254 719 1350 757 mihi
1389 719 1651 770 promiserunt

317 789 445 825 Pansa
472 795 509 825 et
539 786 693 825 Hirtius
714 799 845 825 coram
874 794 912 825 et
936 786 1089 825 absenti
1116 784 1211 823 mihi
1241 784 1477 835 scripserunt
1499 787 1534 822 V
1538 785 1651 824 eurio-

316 866 394 903 que
415 860 549 891 nostro
571 854 699 890 Pansa
724 851 945 890 adfirmavit
971 865 1011 889 se
1036 852 1218 889 daturum
1245 863 1404 900 operam
1436 864 1486 888 ne
1514 849 1552 888 in
1579 864 1650 888 suo
1675 867 1712 888 ιο

317 919 523 956 consulatu
554 917 650 955 mihi
681 918 923 956 succedatur.
986 919 1070 966 Ego
1100 930 1215 966 porro
1242 929 1323 954 non
1351 914 1505 954 medius
1535 915 1651 953 fidius

317 983 533 1034 cupiditate
564 982 789 1033 provinciae
820 981 985 1032 produci
1016 981 1170 1031 longius
1205 981 1373 1031 spatium
1412 980 1506 1018 mihi
1537 982 1651 1025 volo;

317 1063 409 1087 nam
442 1048 537 1086 mihi
571 1048 640 1085 suit
669 1047 741 1086 ista
767 1047 967 1098 provincia
998 1048 1113 1097 plena
1147 1046 1301 1093 laboris,
1334 1046 1509 1096 periculi,
1539 1045 1652 1084 detri-

319 1114 465 1162 menti3
494 1127 596 1163 quae
624 1127 696 1163 ego
724 1127 773 1151 ne
798 1114 935 1150 frustra
963 1112 1148 1151 subierim
1177 1112 1276 1158 nive,
1300 1112 1405 1162 prius
1426 1124 1544 1161 quam
1571 1110 1652 1148 reli-

319 1180 430 1230 quias
470 1192 580 1217 meae
619 1178 845 1228 diligentiae
879 1191 1109 1228 consequar,
1151 1178 1344 1216 decedere
1383 1190 1498 1226 cogar
1538 1177 1651 1214 valde
1676 1193 1710 1226 ¹5

320 1245 465 1282 laboro.
551 1245 654 1282 Nam
695 1243 726 1281 si
766 1242 981 1293 potuissem
1021 1256 1140 1293 quam
1189 1255 1391 1292 exegeram
1442 1241 1650 1292 pecuniam

321 1309 541 1348 universam
564 1309 730 1356 mittere,
751 1309 990 1359 postularem
1013 1316 1054 1346 ut
1082 1307 1176 1346 mihi
1205 1308 1480 1357 succederetur
1494 1322 1503 1354 ;
1534 1320 1650 1353 nunc,

319 1376 429 1425 quod
468 1373 607 1414 Cassio
642 1374 745 1420 dedi,
783 1375 891 1424 quod
923 1372 1097 1411 Treboni
1139 1381 1263 1411 morte
1297 1372 1509 1419 amisimus,
1544 1373 1652 1422 quod

320 1440 437 1478 etiarn
463 1439 693 1478 crudelitate
720 1439 951 1478 Dolabellae
975 1446 1041 1477 aut
1069 1438 1233 1489 perfidia
1262 1451 1408 1485 eorum,
1439 1437 1504 1488 qui
1534 1438 1651 1476 fidem

322 1505 417 1543 mihi
443 1505 575 1555 reique
600 1505 782 1555 publicae
807 1518 888 1542 non
915 1504 1201 1555 praestiterunt,
1224 1503 1264 1542 id
1291 1503 1479 1553 consequi
1508 1510 1546 1541 et
1573 1503 1655 1541 resi--
1677 1519 1717 1541 20

322 1585 409 1609 cere
444 1572 557 1617 volo;
592 1571 700 1620 quod
735 1570 845 1609 aliter
880 1584 958 1609 non
994 1578 1122 1620 potest
1156 1569 1247 1616 fieri,
1282 1568 1354 1606 nisi
1388 1568 1555 1619 spatium
1592 1569 1656 1605 ha-

324 1637 454 1674 buerO.
517 1637 564 1674 Id
596 1644 636 1674 ut
667 1650 734 1686 per
763 1644 800 1674 te
830 1644 1049 1685 consequar
1079 1635 1207 1679 velim,
1235 1643 1275 1672 ut
1303 1636 1412 1681 solet,
1442 1634 1510 1672 tibi
1541 1646 1656 1672 curae

277 1705 304 1742 6
323 1701 380 1739 sit.
444 1703 527 1751 Ego
549 1715 612 1739 me
633 1702 683 1740 de
704 1715 743 1739 re
764 1715 799 1751 p.
823 1709 919 1751 puto
940 1714 1025 1739 esse
1053 1700 1244 1746 meritum,
1269 1708 1310 1738 ut
1331 1714 1410 1738 non
1434 1698 1656 1750 provinciae

323 1767 432 1805 istius
463 1766 701 1805 beneficium
729 1768 953 1816 exspectare
980 1767 1148 1804 debeam
1182 1767 1251 1804 sed
1280 1773 1430 1804 tantum
1463 1772 1654 1814 quantum

325 1832 484 1871 Cassius
511 1839 549 1870 et
576 1831 683 1869 Bruti
707 1845 785 1869 non
808 1832 935 1869 solum
958 1831 1058 1869 illius
1082 1831 1169 1870 sacti
1197 1831 1438 1881 periculique
1471 1829 1656 1868 societate
1679 1844 1714 1875 ²5

324 1899 392 1936 sed
423 1897 540 1935 etiam
567 1896 682 1934 huius
710 1896 896 1946 temporis
926 1896 1125 1935 studioet
1155 1896 1305 1935 virtute.
1368 1895 1520 1933 Primus
1550 1894 1655 1933 enim

325 1977 397 2012 ego
428 1964 531 2011 leges
561 1961 756 2000 Antonias
787 1961 890 2011 fregi,
921 1962 1068 2012 primus
1098 1962 1315 2012 equitatum
1346 1961 1576 1999 Dolabellae
1605 1960 1656 1996 ad

326 2042 405 2066 rem
438 2042 471 2076 p.
496 2026 647 2065 traduxi
670 2027 888 2077 Cassioque
910 2027 1062 2074 tradidi,
1087 2027 1234 2077 primus
1258 2027 1425 2065 dilectus
1446 2024 1564 2063 habui
1588 2038 1657 2074 pro

327 2095 450 2131 salute
480 2092 658 2130 omnium
680 2101 816 2131 contra
837 2094 1148 2132 coniurationem
1180 2091 1531 2137 sceleratissimam,
1552 2091 1657 2128 solus

330 2158 468 2198 Cassio
488 2166 525 2195 et
547 2157 597 2195 rei
621 2172 656 2208 p.
681 2159 828 2208 Syriam
851 2159 1121 2209 exercitusque
1147 2157 1213 2208 qui
1244 2157 1296 2195 ibi
1318 2165 1427 2196 erant
1448 2154 1657 2201 coniunxi3
1678 2170 1718 2201 30

331 2237 421 2262 narn
452 2223 523 2260 nisi
556 2237 629 2273 ego
663 2232 810 2262 tantam
843 2224 1050 2274 pecuniam
1082 2231 1268 2273 tantaque
1298 2221 1491 2272 praesidia
1516 2229 1554 2259 et
1578 2229 1655 2258 tam

374 2342 392 2368 4
420 2329 626 2360 Dolabellam
651 2327 709 2359 del.
738 2326 858 2358 Lamb.
1003 2328 1024 2356 6
1049 2332 1244 2366 peracturos
1268 2324 1340 2355 HD
1453 2334 1487 2363 14
1514 2325 1588 2354 nive
1607 2323 1654 2356 M.

330 2375 367 2414 cs.
391 2373 516 2404 Munro
532 2371 579 2402 ad
595 2372 690 2403 anr.
713 2372 742 2402 ii.
767 2381 826 2410 734
844 2382 850 2400 :
876 2380 960 2400 neve
979 2369 1052 2400 HD
1188 2380 1223 2400 21
1254 2369 1315 2399 nisi
1334 2369 1360 2399 si
1378 2368 1510 2398 Ernesti
1523 2367 1654 2407 Koliler,

332 2417 438 2456 scdcs.
459 2416 542 2447 Sall.
565 2415 650 2447 llis-t.
673 2416 692 2446 i.
714 2425 766 2454 41.
793 2425 841 2454 17y
859 2424 897 2452 24
