1791 2796
134 147 203 186 IV.
227 149 304 187 viii
610 152 666 191 M.
699 153 867 213 TVLLI
901 154 1207 194 CICERONIS

238 264 329 315 †tua
344 275 474 311 causa,
491 264 560 302 sed
574 277 692 302 causa
709 278 883 315 quoque,
897 265 1012 304 etiam
1029 280 1129 316 quae
1144 279 1225 305 non
1243 265 1406 316 possim,
1421 274 1568 317 putem.

194 334 218 361 2
238 327 344 366 Illud
379 336 510 367 tamen
545 330 605 368 vel
639 337 679 368 tu
713 344 775 369 me
811 330 1012 369 monuisse
1046 333 1106 369 vel
1146 330 1346 370 censuisse
1377 339 1473 381 puta
1509 332 1570 370 vel

237 401 395 443 propter
429 394 746 434 benevolentiam
782 404 910 435 tacere
941 410 1020 434 non
1053 397 1242 447 potuisse,
1274 404 1329 445 ut,
1358 397 1468 447 quod
1497 410 1570 447 ego

236 457 350 507 facio,
371 466 412 497 tu
434 473 594 510 quoque
620 461 798 500 animum
829 461 1009 510 inducas,
1030 461 1061 500 si
1091 461 1139 500 sit
1165 461 1297 512 aliqua
1317 475 1376 501 res
1397 460 1570 512 publica,

236 522 274 560 in
305 537 351 562 ea
380 532 418 563 te
448 538 532 563 esse
563 534 743 575 oportere
774 526 921 565 iudicio
951 526 1158 566 hominum
1189 540 1308 578 reque
1337 526 1569 578 principem,
1590 544 1606 576 5

236 589 469 629 necessitate
499 592 708 630 cedentem
740 592 932 642 tempori3
976 593 1034 631 sin
1064 601 1196 631 autem
1229 594 1337 631 nulla
1367 592 1429 641 sit,
1463 594 1569 631 hunc

236 663 367 694 tamen
399 655 646 706 aptissimum
679 671 764 696 esse
795 657 912 696 etiam
947 658 998 696 ad
1027 659 1287 697 exsulandum
1326 659 1469 697 locum.
1530 657 1569 697 Si

235 720 340 759 enim
371 721 591 761 libertatem
618 723 831 773 sequimur,
853 723 919 774 qui
945 725 1055 763 locus
1082 725 1158 763 hoc
1189 723 1395 763 dominatu
1425 725 1569 763 vacat?

235 786 293 824 sin
325 789 657 838 qualemcumque
682 790 828 837 locum,
849 804 950 840 quae
978 798 1036 829 est
1063 789 1281 829 domestica
1311 791 1405 829 sede
1435 789 1569 828 iucun-

234 852 349 891 dior?
397 854 488 902 Sed,
522 854 617 892 mihi
652 856 782 903 crede,
821 855 938 894 etiam
974 855 1019 904 is,
1050 855 1118 906 qui
1150 855 1283 894 omnia
1314 863 1434 903 tenet,
1466 857 1567 894 favet
1590 873 1629 895 10

234 916 414 968 ingeniis,
436 919 682 959 nobilitatem
704 934 796 959 vero
826 928 864 959 et
894 921 1104 971 dignitates
1132 920 1353 969 hominum,
1375 929 1566 971 quantum

234 983 268 1022 ei
301 997 360 1023 res
394 992 431 1023 et
470 984 592 1035 ipsius
624 999 742 1024 causa
774 986 970 1034 concedit,
1007 986 1267 1037 amplectitur.
1340 987 1418 1025 Sed
1458 988 1569 1036 plura

234 1063 354 1100 quam
394 1058 614 1090 statueram.
677 1053 817 1090 Redeo
849 1066 941 1102 ergo
975 1054 1026 1091 ad
1061 1066 1183 1091 unum
1218 1052 1329 1099 illud,
1361 1066 1424 1090 me
1455 1060 1566 1090 tuum

234 1129 343 1164 esse,
388 1117 469 1155 fore
490 1131 580 1156 cum
603 1117 692 1166 tuis,
714 1117 745 1156 si
776 1119 897 1157 modo
925 1126 1037 1157 erunt
1059 1118 1128 1167 tui,
1150 1118 1180 1156 si
1209 1117 1352 1165 minus,
1380 1132 1442 1156 me
1463 1125 1567 1156 certe

233 1180 272 1219 in
303 1182 488 1221 omnibus
516 1183 632 1222 rebus
659 1183 751 1222 satis
781 1192 937 1223 nostrae
967 1183 1237 1223 coniunctioni
1266 1183 1469 1234 amorique
1494 1184 1568 1222 fac-
1592 1200 1625 1232 ¹5

233 1254 373 1286 turum.
433 1250 541 1288 Vale.

275 1375 343 1412 IX
537 1381 606 1414 διν.
630 1381 758 1414 Romae
767 1387 843 1424 post
858 1382 908 1415 Id.
925 1382 1013 1415 Sext.
1034 1394 1064 1414 a.
1091 1384 1151 1422 708
1169 1383 1256 1424 (46³).

526 1459 569 1491 M.
599 1460 776 1492 CICERO
802 1461 835 1492 S.
867 1461 905 1492 D.
934 1461 977 1492 M.
1009 1459 1277 1492 MARCELLO.

197 1547 214 1574 1
289 1536 372 1575 Etsi
408 1538 612 1588 perpaucis
646 1547 736 1577 ante
773 1539 913 1578 diebus
943 1540 1129 1578 dederam
1167 1540 1214 1587 Q.
1253 1536 1390 1576 Mucio
1420 1536 1565 1575 litteras

232 1604 283 1642 ad
311 1611 348 1642 te
373 1603 550 1654 pluribus
571 1604 698 1643 verbis
726 1604 898 1656 scriptas,
922 1604 1065 1655 quibus
1095 1605 1394 1649 declaraveram,
1418 1615 1498 1652 quo
1528 1609 1565 1640 te
1588 1618 1625 1640 20

232 1668 365 1708 animo
395 1683 595 1708 censerem
626 1683 711 1709 esse
741 1678 920 1720 oportere
941 1678 978 1708 et
1000 1669 1094 1720 quid
1120 1668 1188 1707 tibi
1215 1668 1437 1707 faciendum
1469 1666 1567 1705 arbi-

233 1743 359 1781 trarer,
384 1743 526 1783 tamen,
546 1750 636 1774 cum
654 1736 910 1786 TheophiluS,
935 1736 1095 1775 libertus
1117 1743 1217 1782 tuus,
1242 1733 1561 1785 proficisceretur,

232 1800 342 1839 cuius
377 1814 449 1851 ego
488 1802 607 1840 fidem
648 1815 736 1851 erga
775 1809 812 1840 te
847 1800 1244 1851 benevolentiamque
1279 1810 1562 1850 perspexeram,

232 1866 315 1905 sine
341 1866 437 1904 meis
465 1866 600 1905 litteris
625 1881 714 1905 eum
743 1868 793 1906 ad
819 1875 855 1905 te
883 1867 1013 1905 venire
1039 1865 1157 1905 nolui.
1219 1866 1352 1904 Isdem
1383 1863 1496 1914 igitur
1526 1870 1563 1901 te

232 1933 348 1970 rebus
369 1932 485 1970 etiam
508 1940 626 1982 atque
654 1933 770 1971 etiam
800 1934 942 1980 hortor,
967 1932 1111 1983 quibus
1133 1924 1397 1982 superioribus
1428 1929 1563 1968 litteris
1585 1945 1621 1977 25

233 1998 408 2035 hortatus
438 2011 534 2043 sum,
567 2006 607 2035 ut
637 1997 675 2036 in
706 2012 752 2036 ea
782 2012 820 2036 re
851 1998 1018 2049 publica,
1049 2011 1322 2048 quaecumque
1352 2004 1419 2042 est,
1444 2009 1561 2046 quam

232 2062 400 2112 primum
423 2063 517 2101 velis
538 2077 632 2102 esse.
696 2066 823 2102 Multa
846 2064 997 2103 videbis
1018 2066 1190 2111 fortasse,
1214 2077 1315 2114 quae
1346 2062 1456 2109 nolis
1480 2075 1561 2100 non

232 2130 341 2178 plura
363 2137 503 2175 tamen,
529 2143 645 2178 quam
669 2130 782 2168 audis
803 2130 958 2169 cotidie.
1021 2132 1112 2169 Non
1134 2138 1191 2168 est
1212 2142 1327 2180 porro
1349 2136 1458 2166 tuum
1481 2140 1562 2165 uno

231 2207 346 2232 sensu
369 2195 494 2232 solum
518 2196 721 2233 oculorum
746 2195 902 2242 moveri,
927 2209 1015 2234 cum
1045 2195 1149 2235 idem
1178 2195 1274 2234 illud
1301 2193 1459 2232 auribus
1480 2206 1562 2243 per-

188 2273 212 2300 2
231 2258 361 2310 cipias,
390 2261 497 2309 quod
529 2260 644 2298 etiam
675 2260 799 2299 maius
820 2261 940 2300 videri
967 2263 1075 2308 solet,
1107 2260 1235 2299 minus
1263 2260 1447 2298 laborare.
1509 2259 1560 2296 At
1581 2270 1621 2299 30

280 2375 289 2394 ι
320 2370 373 2394 tua
399 2375 498 2395 causa
517 2389 522 2395 .
542 2388 548 2395 .
571 2389 576 2395 .
599 2364 716 2405 etiam]
743 2370 798 2395 tua
823 2376 922 2396 causa
948 2366 1005 2395 scd
1033 2375 1131 2405 posse
1155 2375 1287 2404 quoque
1309 2363 1410 2394 ctiam
1429 2361 1558 2395 Alt'r'llcr.

220 2408 298 2446 sort.
322 2412 394 2438 rests
410 2420 416 2438 :
443 2414 498 2439 tua
511 2418 609 2439 causa
628 2419 714 2448 quae
732 2409 855 2448 possim
874 2410 905 2439 in
926 2414 981 2440 tua
994 2420 1094 2440 causa
1105 2409 1165 2439 scd
1180 2409 1278 2439 etiam
1293 2407 1487 2444 Lclnuann;
1505 2406 1564 2436 alsi

230 2452 349 2482 ssnu'lsa
439 2463 478 2490 24
505 2452 604 2491 igitur
618 2451 676 2482 λίς
701 2463 783 2492 crgo
803 2452 831 2483 G
921 2459 952 2483 te
972 2457 1038 2484 vell.
1057 2465 1062 2483 z
1089 2454 1129 2483 de
1148 2451 1234 2483 codd.
1254 2464 1259 2482 :
1286 2456 1317 2482 tc
1336 2452 1377 2481 dc
1399 2450 1513 2481 Lamh.
