1791 2796
146 865 183 887 10

564 146 674 183 EI'P.
707 146 784 183 AD
816 145 1163 182 FAMILIARES
1461 147 1579 183 VIII.
1600 147 1675 186 viii

201 259 244 297 C.
262 258 406 296 Caesar
427 257 578 297 senatui
598 256 706 296 dicto
726 256 891 296 audiens
914 257 1064 295 futurus
1086 270 1165 295 non
1187 264 1287 295 esset
1308 270 1358 295 an
1379 265 1531 308 pararet

201 321 266 373 qui
302 331 481 362 senatum
513 324 723 362 decernere
757 336 837 361 non
872 329 1077 373 pateretur.
1141 322 1284 372 ‘Quid‚
1318 323 1374 369 si,’
1404 313 1531 373 inquit

199 389 308 435 alius,
336 393 396 428 ‘et
420 390 558 428 consul
585 402 669 428 esse
696 396 734 428 et
761 387 972 428 exercitum
1004 389 1148 427 habere
1179 390 1332 428 volet?'
1390 392 1442 428 At
1467 389 1530 429 ille

201 468 319 505 quam
347 456 581 493 clementer:
616 454 757 504 ‘Quid,
781 455 810 492 si
841 454 941 492 filius
963 468 1073 493 meus
1095 456 1237 493 fustem
1269 455 1365 493 mihi
1392 455 1531 506 impin-

200 533 288 570 gere
304 522 407 560 volet
421 522 457 559 ?'
514 520 591 558 His
608 520 780 567 vocibus,
800 528 842 559 ut
858 520 1123 559 existimarent
1139 520 1321 559 homines
1339 521 1532 571 Pompeio

200 600 291 624 cum
313 587 480 626 Caesare
506 600 591 626 esse
618 586 830 637 negotium,
854 586 992 625 effecit.
1055 588 1195 636 Itaque
1222 586 1311 633 iam,
1335 595 1376 625 ut
1400 587 1526 633 video,

200 653 361 690 alteram
390 661 516 691 utram
545 653 595 690 ad
625 651 903 691 condicionem
933 652 1176 690 descendere
1203 653 1285 690 vult
1311 654 1464 699 Caesar,
1488 661 1531 690 ut

200 725 266 756 aut
298 726 454 757 maneat
483 731 611 768 neque
639 719 714 756 hoc
740 731 846 756 anno
869 730 939 755 sua
966 716 1062 755 ratio
1087 717 1277 756 habeatur
1303 725 1379 764 aut,
1410 717 1441 756 si
1467 719 1531 757 de-

201 782 342 833 signari
363 783 514 833 poterit,
537 784 714 822 decedat.
774 782 895 822 Curio
922 795 962 821 se
989 789 1125 820 contra
1149 795 1239 820 eum
1261 789 1387 820 totum
1409 791 1527 833 parat.
1550 797 1595 824 10

203 848 312 898 Quid
334 849 499 899 adsequi
526 849 652 899 possit
678 848 838 895 nescio3
869 848 965 886 illud
992 847 1119 893 video,
1148 847 1250 886 bene
1281 848 1527 895 sentientem,

202 915 273 954 etsi
294 915 390 953 nihil
411 915 591 962 effecerit,
615 916 754 954 cadere
781 927 862 953 non
887 927 1013 964 posse.
1075 915 1144 952 Me
1165 921 1302 952 tractat
1324 914 1532 953 liberaliter

203 980 323 1020 Curio
344 988 381 1020 et
403 981 498 1019 mihi
519 972 590 1020 suo
612 994 772 1020 munere
796 979 998 1030 negotium
1021 979 1208 1030 imposuit
1226 995 1236 1027 ,-
1270 993 1361 1019 nam
1383 980 1414 1018 si
1435 980 1532 1018 mihi

202 1058 282 1083 non
303 1045 476 1085 dedisset
497 1060 572 1092 eas,
591 1059 692 1097 quae
712 1047 762 1084 ad
783 1046 898 1085 ludos
919 1045 954 1084 ei
975 1046 1163 1084 advectae
1184 1052 1294 1084 erant
1310 1045 1529 1092 Africanae,

202 1110 329 1160 potuit
359 1111 626 1160 supersederi,·
661 1124 767 1149 nunc
797 1110 987 1160 quoniam
1018 1110 1101 1149 dari
1131 1123 1293 1149 necesse
1323 1118 1392 1157 est,
1415 1110 1531 1149 velim

166 1186 181 1215 5
203 1174 274 1213 tibi
311 1188 426 1214 curae
465 1175 523 1221 sit,
553 1176 661 1225 quod
695 1188 718 1213 a
751 1182 790 1214 te
824 1188 977 1225 semper
1015 1174 1120 1225 petii,
1158 1183 1200 1213 ut
1231 1175 1380 1225 aliquid
1419 1174 1533 1213 istinc

202 1239 414 1278 bestiarum
445 1240 660 1278 habeamus
675 1254 685 1288 ,-
724 1239 1010 1290 Sittianamque
1040 1241 1301 1290 syngrapham
1329 1240 1399 1278 tibi
1429 1253 1534 1278 com-

203 1305 360 1344 mendo.
421 1304 624 1343 Libertum
646 1299 854 1344 Philonem
875 1305 974 1344 istoc
995 1305 1083 1343 misi
1111 1312 1149 1343 et
1172 1305 1393 1355 Diogenem
1416 1306 1534 1344 Grae—

202 1383 303 1416 cum,
333 1369 477 1420 quibus
507 1371 693 1408 mandata
723 1377 761 1408 et
787 1369 932 1408 litteras
962 1371 1013 1408 ad
1046 1378 1083 1408 te
1114 1370 1219 1409 dedi.
1281 1372 1361 1408 Eos
1397 1370 1467 1408 tibi
1495 1378 1533 1409 et

203 1448 294 1481 rem,
328 1436 379 1474 de
408 1448 486 1485 qua
512 1434 610 1481 misi,
640 1434 756 1473 velim
786 1448 902 1474 curae
932 1436 1106 1482 habeas,
1146 1449 1240 1473 nam
1273 1449 1392 1485 quam
1421 1437 1533 1474 vehe-

145 1515 158 1535 2
204 1508 354 1539 menter
373 1501 509 1540 adme
528 1500 730 1551 pertineat,
754 1500 794 1538 in
821 1500 866 1538 iis
894 1514 990 1550 quas
1021 1500 1090 1539 tibi
1122 1500 1175 1538 illi
1203 1501 1371 1539 reddent
1398 1499 1532 1539 litteris

202 1565 417 1616 perscripsi.
1187 1558 1189 1560 ¹

245 1768 312 1803 IX
514 1772 585 1803 Ser.
608 1772 738 1803 Romae
753 1773 784 1802 iv
800 1771 884 1802 IVon.
906 1771 991 1811 Sept.
1012 1782 1042 1803 a.
1066 1783 1119 1812 70}
1140 1773 1219 1814 (51).

434 1849 437 1851 ’
608 1860 805 1892 CAELIVS
829 1860 1055 1891 CICERONI
1084 1861 1116 1891 s.

260 1950 344 1989 ‘Sic
383 1952 448 1998 tu‚’
488 1950 628 2000 inquis
665 1950 856 1989 ‘Hirrum
895 1950 1120 1989 tractasti?'
1190 1952 1331 1997 Immo,
1367 1951 1397 1989 si
1432 1951 1569 1991 sciaSI

164 2032 180 2062 5
202 2029 320 2066 quam
345 2015 466 2063 facile,
491 2028 609 2066 quam
640 2029 689 2054 ne
719 2014 982 2054 contentionis
1007 2015 1167 2065 quidem
1193 2015 1379 2054 minimae
1406 2016 1529 2063 fuerit,

201 2083 347 2132 pudeat
381 2090 419 2120 te
452 2095 590 2120 ausum
626 2082 734 2120 illum
769 2095 957 2132 umquam
997 2095 1081 2121 esse
1114 2082 1296 2121 incedere
1330 2090 1532 2132 tamquam

201 2155 312 2185 tuum
360 2146 670 2196 competitorem.
752 2148 846 2185 Post
893 2148 1089 2196 repulsam
1131 2160 1222 2186 vero
1271 2147 1368 2185 risus
1416 2147 1532 2194 facit,-

201 2212 326 2251 civem
361 2212 511 2250 bonum
546 2211 646 2250 ludit
676 2219 714 2250 et
752 2219 887 2250 contra
922 2213 1132 2251 Caesarem
1170 2211 1384 2251 sententias
1421 2211 1527 2258 dicit,

248 2327 283 2355 14
310 2317 419 2355 potuit
442 2316 659 2355 supersederi
684 2315 833 2346 Ernesti:
866 2326 896 2355 p.
916 2326 989 2346 -ere
1016 2315 1105 2346 codd.
1126 2328 1132 2346 1
1165 2315 1259 2355 potui
1279 2325 1350 2345 -ere
1376 2313 1534 2354 Pluygers

202 2360 271 2390 dari
294 2357 502 2399 Wesenberg:
541 2360 620 2390 dare
647 2358 735 2389 codd.
876 2369 912 2398 17
939 2360 1021 2389 istoc
1053 2358 1115 2390 M:
1153 2369 1217 2389 om.
1241 2357 1291 2388 G:
1324 2358 1408 2388 istuc
1439 2356 1528 2397 vulg.

201 2410 239 2433 21
267 2404 448 2442 perscripsi
471 2401 682 2443 I‘Vesenberg:
705 2402 870 2442 descripsi
887 2401 975 2433 codd.

1388 2456 1444 2485 1:122<
