1791 2796
127 152 235 190 XVI.
256 153 315 189 xii
644 154 698 190 M.
733 154 899 208 TVLLI
935 153 1243 192 CICERONIS

278 264 516 314 reliquimus,
571 266 616 303 In
640 279 728 303 eum
753 267 882 304 locum
907 280 964 304 res
986 267 1157 305 deducta
1180 273 1235 304 est
1258 272 1310 312 ut,
1330 265 1401 303 nisi
1427 265 1492 316 qui
1516 266 1614 305 deus

233 343 257 369 2
278 332 337 367 vel
369 343 483 368 casus
511 330 652 381 aliquis
680 331 917 379 subvenerit,
941 331 1034 370 salvi
1067 344 1152 370 esse
1182 345 1435 382 nequeamus,
1498 332 1615 382 Equi-

277 397 368 434 dem
405 403 446 434 ut
482 397 569 435 veni
603 398 653 435 ad
689 398 836 443 urbem,
871 411 948 435 non
985 397 1116 436 destiti
1153 397 1285 436 omnia
1324 405 1361 436 et
1401 397 1542 436 sentire
1577 406 1614 436 et

275 463 406 502 dicere
433 472 471 502 et
492 465 618 502 facere
640 478 740 514 quae
760 466 811 503 ad
832 464 1085 503 concordiam
1107 464 1346 515 pertinerent
1363 480 1371 511 ;
1404 466 1472 503 sed
1495 465 1614 504 mirus

276 528 467 568 invaserat
490 531 595 569 furor
622 544 702 568 non
728 532 855 569 solum
885 530 1075 581 improbis
1105 532 1175 570 sed
1203 530 1320 569 etiam
1346 530 1391 569 iis
1421 531 1487 581 qui
1519 531 1612 570 boni
1633 548 1651 579 5

276 595 480 643 habentur,
505 604 546 634 ut
568 610 741 646 pugnare
762 606 951 647 cuperent
978 610 1042 635 me
1062 597 1258 635 clamante
1279 595 1375 634 nihil
1403 610 1488 635 esse
1510 597 1613 636 bello

275 660 375 698 civili
408 662 596 701 miserius.
659 663 799 712 Itaque
824 676 912 700 cum
940 663 1085 701 Caesar
1111 661 1283 701 amentia
1309 663 1480 712 quadam
1509 676 1614 713 rape-

277 734 380 765 retur
406 735 443 766 et
471 728 616 766 oblitus
640 728 812 766 nominis
833 736 951 778 atque
976 730 1170 767 honorum
1194 741 1354 766 suorum
1375 728 1609 774 Ariminum,

280 792 494 840 Pisaurum,
538 795 760 840 Anconam,
797 794 994 832 Arretium
1035 793 1316 844 occupavisset,
1354 793 1490 832 urbem
1530 794 1612 832 reli-

279 857 446 907 quimuS‚
489 872 606 909 quam
648 858 844 909 sapienter
881 867 947 897 aut
987 872 1105 909 quam
1150 858 1297 897 sortiter
1338 858 1433 896 nihil
1472 859 1610 898 attinet
1634 874 1673 896 10

235 924 478 975 3disputari.
545 926 637 974 Quo
671 925 832 975 quidem
869 925 907 963 in
947 938 1040 963 casu
1074 924 1195 963 simus
1230 924 1349 963 vides.
1421 926 1612 963 Feruntur

278 990 441 1028 omnino
463 990 720 1029 condiciones
740 991 790 1028 ab
819 990 895 1037 illo,
920 999 960 1029 ut
985 990 1195 1040 Pompeius
1217 999 1278 1028 eat
1301 989 1339 1027 in
1363 990 1610 1040 Hispaniam,

276 1057 443 1095 dilectus
473 1056 538 1107 qui
571 1065 661 1095 sunt
689 1056 811 1095 habiti
834 1064 870 1094 et
899 1056 1092 1107 praesidia
1120 1064 1251 1094 nostra
1272 1055 1542 1103 dimittantur3
1572 1069 1613 1094 se

276 1122 498 1161 ulteriorem
531 1122 699 1160 Galliam
734 1121 922 1168 Domitio,
950 1109 1173 1160 citeriorem
1201 1121 1393 1159 (onsidio
1426 1120 1612 1159 Noniano

276 1187 353 1229 (his
375 1187 479 1225 enim
503 1185 744 1237 obtigerunt)
767 1186 1024 1234 traditurum;
1053 1188 1104 1225 ad
1130 1188 1357 1225 consulatus
1380 1185 1610 1236 petitionem
1636 1200 1671 1232 15

276 1266 317 1290 se
338 1261 557 1298 venturum,
582 1266 712 1302 neque
734 1265 775 1290 se
797 1252 872 1290 iam
895 1253 994 1290 velle
1015 1252 1179 1290 absente
1201 1266 1242 1290 se
1264 1251 1455 1290 rationem
1477 1251 1611 1290 haberi

275 1332 384 1357 suam
404 1333 411 1365 3
441 1332 482 1356 se
504 1326 750 1368 praesentem
773 1317 917 1356 trinum
939 1317 1161 1356 nundinum
1184 1317 1415 1367 petiturum„
1448 1316 1612 1367 Accepi-

276 1397 363 1422 mus
390 1384 658 1430 condiciones,
683 1385 752 1422 sed
781 1383 844 1430 ita,
868 1392 909 1422 ut
931 1392 1129 1423 removeat
1155 1383 1348 1434 praesidia
1372 1398 1418 1422 ex
1444 1384 1488 1422 iis
1516 1383 1611 1422 locis

275 1463 376 1500 quae
406 1450 625 1499 occupavit,
660 1457 701 1487 ut
737 1449 821 1487 sine
856 1457 962 1487 metu
997 1451 1047 1488 de
1082 1448 1141 1487 his
1176 1449 1268 1499 ipsis
1308 1448 1610 1487 condicionibus

227 1522 253 1558 4
278 1516 429 1553 Romae
462 1522 620 1553 senatus
655 1514 789 1553 haberi
823 1514 954 1565 possit.
1019 1516 1066 1553 Id
1094 1514 1156 1553 ille
1191 1514 1221 1553 si
1257 1514 1400 1560 fecerit,
1433 1527 1522 1564 spes
1552 1523 1609 1553 est
1631 1527 1671 1551 20

274 1580 390 1630 pacis,
420 1594 499 1618 non
526 1582 715 1618 honestae
744 1580 865 1631 (leges
896 1580 1000 1619 enim
1027 1579 1326 1631 imponuntur);
1361 1580 1430 1621 sed
1455 1579 1610 1630 quidvis

274 1655 331 1684 est
368 1646 506 1684 melius
536 1660 654 1696 quam
686 1646 740 1684 sic
771 1659 856 1684 esse
884 1655 925 1684 ut
955 1660 1100 1685 sumus.
1178 1646 1244 1685 Sin
1275 1654 1407 1685 autem
1438 1645 1501 1684 ille
1531 1645 1610 1684 suis

273 1712 577 1751 condicionibus
599 1720 698 1751 stare
720 1712 898 1759 noluerit,
923 1713 1069 1751 bellum
1096 1720 1273 1763 paratum
1302 1720 1369 1759 cst,
1394 1711 1476 1750 eius
1502 1711 1608 1750 modi

274 1786 404 1817 tamen
428 1779 536 1828 quod
558 1777 749 1817 sustinere
771 1778 834 1816 ille
857 1792 935 1816 non
960 1778 1092 1828 possit,
1119 1777 1343 1828 praesertim
1367 1790 1456 1815 curn
1481 1790 1504 1814 a
1530 1776 1609 1814 suis

273 1844 576 1883 condicionibus
617 1844 699 1894 ipse
734 1844 895 1893 sugerit:
936 1852 1087 1882 tantum
1130 1845 1250 1883 modo
1290 1852 1331 1882 ut
1372 1856 1461 1881 eum
1498 1842 1610 1880 inter·
1631 1852 1667 1884 25

273 1911 480 1948 cludamus
510 1924 559 1948 ne
588 1911 638 1947 ad
668 1910 803 1948 urbem
839 1909 961 1960 possit
988 1911 1186 1956 accedere}
1216 1910 1324 1959 quod
1355 1908 1609 1959 sperabamus

275 1975 353 2013 sieri
386 1988 510 2025 posse.
577 1974 753 2013 Dilectus
776 1974 880 2013 enim
904 1988 1067 2025 magnos
1090 1975 1335 2013 habebamus
1358 1974 1608 2024 putabamus-

273 2054 350 2090 que
385 2040 493 2078 illum
531 2050 713 2082 metuere,
745 2041 774 2078 si
810 2042 861 2078 ad
897 2041 1033 2079 urbem
1070 2040 1122 2079 ire
1153 2040 1356 2091 coepisset,
1382 2054 1430 2078 ne
1461 2039 1607 2077 Gallias

273 2104 477 2150 amitteret,
502 2118 598 2154 quas
620 2106 758 2143 ambas
780 2106 898 2143 habet
926 2105 1213 2143 inimicissimas
1245 2113 1395 2155 praeter
1415 2106 1607 2154 'l'ranspa·

273 2171 410 2216 danos,
429 2184 473 2207 ex
499 2170 773 2220 Hispaniaque
795 2185 860 2209 sex
883 2170 1055 2220 legiones
1072 2180 1108 2209 et
1127 2184 1266 2220 magna
1282 2169 1422 2208 auxilia
1439 2169 1606 2207 'Afranio
1627 2178 1667 2210 30

273 2243 310 2274 et
334 2235 486 2274 Petreio
507 2236 676 2274 ducibus
698 2236 817 2274 habet
838 2250 857 2274 a
881 2244 997 2286 tergo.
1049 2236 1224 2283 Videtur,
1245 2235 1273 2273 si
1298 2235 1473 2281 insaniet,
1491 2248 1606 2285 posse

322 2350 331 2369 1
361 2345 394 2369 ut
422 2339 552 2378 utrique
579 2339 640 2369 nisi
668 2338 843 2369 Lclmmzm
977 2349 995 2369 2
1021 2338 1122 2379 aliqui
1141 2339 1255 2370 Baiter
1383 2349 1404 2377 9
1428 2337 1604 2369 Anconam

271 2382 384 2413 cmm:
426 2383 602 2413 Anconem
635 2381 846 2423 lVrscnbm-g;
881 2386 1062 2424 utrumque
1089 2383 1214 2414 bonnm
1245 2381 1278 2413 C.
1301 2381 1327 2413 I.
1348 2380 1386 2413 L.
1415 2382 1458 2413 ix.
1479 2387 1513 2423 p.
1542 2391 1604 2421 572

277 2427 314 2457 18
338 2427 379 2456 iis
400 2424 605 2467 lVesenbcag:
633 2426 683 2457 his
699 2425 790 2458 codd.
