1791 2796
100 136 149 174 X.
169 136 277 172 xxiii
594 135 648 172 M.
682 135 849 172 TVLLI
883 134 1190 174 CICERONIS

224 247 441 298 periculum
480 246 615 297 agitur.
688 246 892 297 Quicquid
930 246 1146 297 aliquando
1188 247 1361 285 futurum
1404 246 1475 286 fuit
1518 247 1559 286 in

225 311 359 352 castris
381 312 624 362 perditorum
645 319 783 351 contra
803 311 980 363 patriam,
1004 313 1079 351 hoc
1101 325 1219 351 omne
1247 312 1324 350 iam
1346 312 1532 352 convenit
1549 328 1560 362 ,-

226 392 296 429 pro
329 378 435 417 urbis
467 392 558 416 vero
591 380 715 417 salute
749 392 817 417 cur
849 392 929 417 non
965 377 1151 417 omnibus
1181 378 1432 417 facultatibus
1462 391 1559 429 quas

228 444 420 483 habemus
451 445 635 482 utamur?
691 444 813 493 Quod
843 443 875 482 si
907 456 976 483 vos
1007 441 1092 482 istic
1123 456 1203 482 non
1231 442 1442 490 defueritis,
1476 457 1561 495 pro-

228 511 345 557 fecto,
366 510 474 560 quod
495 510 546 548 ad
568 523 630 548 me
650 509 803 556 attinet,
819 508 1005 548 omnibus
1027 509 1143 547 rebus
1163 509 1323 548 abunde
1344 508 1396 548 rei
1413 522 1448 559 p.
1469 508 1560 548 satis
1582 521 1599 552 5

186 576 210 616 7
229 575 380 614 faciam.
440 576 499 613 Te
526 574 703 624 quidem,
725 574 777 612 mi
801 574 955 622 Cicero,
976 573 1015 612 in
1044 573 1128 613 dies
1149 587 1212 613 me
1233 575 1411 613 hercules
1432 575 1562 613 habeo

229 639 429 688 cariorem,
464 640 829 690 sollicitudinesque
861 653 968 679 meas
1003 639 1150 679 cotidie
1182 639 1304 690 magis
1331 647 1398 678 tua
1426 639 1563 678 merita

228 712 423 744 exacuunt
445 719 494 744 ne
515 705 611 756 quid
631 712 699 744 aut
725 718 772 744 ex
798 718 932 744 amore
958 712 1025 743 aut
1046 719 1092 744 ex
1113 704 1260 744 iudicio
1288 712 1356 744 tuo
1385 706 1560 755 perdam.
1604 723 1612 729 ·

229 772 337 821 Opto
359 779 400 810 ut
422 770 516 810 inihi
534 771 648 810 liceat
669 771 745 810 iam
767 770 962 822 praesenti
979 770 1123 821 pietate
1145 783 1322 809 meorum
1345 769 1562 809 officiorum

229 845 297 876 tua
317 837 509 876 beneficia
530 837 600 876 tibi
622 838 749 877 facere
765 837 1007 877 iucundiora.
1054 849 1127 875 vul
1145 837 1241 876 Idus
1259 837 1345 875 Iun.
1366 836 1563 876 Cularone
1585 852 1623 875 10

231 916 278 943 ex
300 903 444 942 finibus
467 904 740 954 Allobrogum.

275 1054 419 1091 XXIV
553 1058 625 1091 Scr.
643 1059 677 1090 in
693 1061 808 1091 caslvt's
824 1070 843 1091 v
859 1059 901 1092 K.
922 1059 1012 1093 Sext.
1033 1070 1063 1091 a.
1086 1070 1142 1100 711
1161 1058 1244 1101 (43).

408 1136 622 1168 PLANCVS
649 1136 740 1168 IMP.
768 1137 867 1170 COS.
896 1137 995 1169 DES.
1024 1137 1060 1169 S.
1087 1138 1126 1168 D.
1154 1135 1391 1168 CICERONI.

200 1230 217 1259 1
291 1216 436 1254 Facere
465 1228 547 1254 non
577 1228 739 1264 possum
769 1216 866 1267 quin
895 1215 935 1254 in
966 1215 1138 1267 singulas
1167 1228 1227 1255 res
1257 1214 1474 1264 meritaque
1500 1220 1567 1252 tua

235 1280 305 1319 tibi
322 1280 463 1332 gratias
483 1295 611 1332 agam,
627 1282 696 1320 sed
714 1294 776 1320 me
792 1283 970 1320 hercules
987 1281 1088 1320 facio
1104 1294 1194 1320 cum
1208 1281 1371 1332 pudore.
1422 1280 1565 1329 Neque
1589 1291 1627 1324 15

235 1347 342 1386 enim
389 1354 498 1386 tanta
542 1346 809 1395 necessitudo,
846 1354 1034 1397 quantam
1075 1354 1117 1385 tu
1163 1346 1259 1384 mihi
1305 1353 1436 1384 tecum
1481 1356 1566 1383 esse

234 1411 406 1459 voluisti,
431 1412 654 1452 desiderare
681 1413 836 1452 videtur
860 1413 1069 1463 gratiarum
1097 1412 1309 1460 actionem,
1330 1424 1460 1461 neque
1491 1423 1564 1460 ego

234 1478 400 1517 libenter
430 1491 502 1529 pro
536 1477 716 1517 maximis
751 1478 827 1516 tuis
867 1477 1068 1517 beneficiis
1103 1486 1183 1516 tam
1213 1477 1278 1515 vili
1310 1489 1473 1515 munere
1503 1477 1567 1514 de-

233 1544 374 1594 fungor
401 1542 588 1582 orationis
613 1550 650 1581 et
675 1544 779 1581 malo
804 1556 987 1593 praesens
1012 1542 1274 1590 observantia,
1306 1540 1567 1592 indulgentia,

233 1608 471 1648 adsiduitate
502 1622 718 1647 memorem
750 1622 811 1647 me
836 1607 907 1648 tibi
932 1609 1108 1659 probare.
1169 1608 1291 1657 Quod
1316 1606 1346 1645 si
1373 1606 1468 1644 mihi
1489 1606 1568 1644 vita
1590 1621 1629 1642 20

234 1674 454 1725 contigerit,
481 1673 611 1713 omnis
637 1682 763 1724 gratas
790 1673 981 1712 amicitias
1007 1681 1126 1724 atque
1154 1673 1271 1712 etiarn
1300 1672 1383 1722 pias
1411 1670 1568 1722 propin-

235 1741 403 1791 quitates
425 1741 463 1778 in
486 1748 552 1779 tua
572 1739 832 1788 observantia,
849 1739 1107 1789 indulgentia,
1120 1738 1371 1784 adsiduitate,
1388 1737 1540 1775 vincam
1559 1751 1568 1783 ;

235 1819 345 1844 amor
376 1806 480 1844 enim
510 1814 598 1844 tuus
626 1819 671 1844 ac
699 1805 889 1844 iudicium
910 1806 960 1843 de
982 1818 1045 1843 me
1070 1812 1198 1842 utrum
1222 1802 1316 1841 mihi
1338 1804 1425 1853 plus
1446 1801 1568 1852 digni-

237 1871 326 1910 tatis
357 1872 394 1909 in
425 1879 658 1922 perpetuum
688 1884 737 1909 an
763 1869 972 1921 voluptatis
1002 1869 1147 1909 cotidie
1177 1869 1225 1919 sit
1256 1869 1455 1907 adlaturus
1487 1880 1567 1905 non

238 1936 350 1975 facile
371 1937 544 1975 dixerim.
1067 1927 1069 1929 ¹
1591 1946 1630 1978 25

196 2006 222 2035 2
296 2004 358 2040 De
397 2001 564 2040 militum
605 2002 827 2041 commodis
859 2001 931 2040 fuit
964 2000 1032 2040 tibi
1067 2014 1207 2047 curae,
1248 2012 1348 2050 quos
1382 2012 1455 2049 ego
1489 2010 1569 2036 non

240 2067 440 2117 potentiae
471 2082 581 2107 meae
611 2082 729 2107 causa
751 2067 864 2119 (nihil
894 2067 999 2106 enim
1031 2080 1094 2105 me
1124 2079 1204 2104 non
1235 2064 1451 2103 salutariter
1471 2062 1572 2113 cogi-

241 2140 320 2170 tare
337 2132 434 2179 scio)
453 2132 578 2171 ornari
597 2132 700 2170 volui
722 2146 744 2170 a
765 2140 916 2179 senatu,
933 2132 1001 2169 sed
1023 2130 1193 2181 primum
1214 2130 1322 2180 quod
1345 2129 1397 2167 ita
1414 2127 1571 2183 meritos

242 2198 481 2245 iudicabam,
501 2197 646 2236 deinde
667 2198 775 2247 quod
797 2198 846 2235 ad
868 2195 996 2235 omnis
1019 2208 1130 2234 casus
1153 2193 1441 2233 coniunctiores
1462 2191 1513 2230 rei
1532 2205 1567 2241 p.

242 2277 327 2303 esse
348 2264 544 2310 volebam,
565 2262 775 2301 novissime
803 2269 844 2300 ut
873 2262 924 2300 ab
951 2260 1059 2299 omni
1087 2259 1264 2299 omniurn
1297 2257 1571 2297 sollicitatione
1592 2272 1630 2302 30

286 2380 308 2408 9
333 2369 413 2409 iaml
434 2369 534 2399 etiam
551 2367 687 2398 Starker
799 2377 838 2405 19
862 2364 1087 2405 indulgentia]
1106 2363 1281 2403 diligentia
1299 2360 1417 2392 Lamh.
1531 2370 1571 2390 22

244 2413 276 2443 in
295 2418 350 2442 tua
368 2436 374 2442 .
396 2437 402 2443 .
420 2437 427 2442 .
449 2410 668 2451 adsiduitate]
686 2421 751 2441 non
768 2409 978 2440 sollicitanda.
1023 2408 1177 2446 Plancus,
1199 2410 1235 2437 ut
1249 2406 1385 2447 effusius
1406 2405 1569 2447 loquatur,

242 2457 320 2487 haec
336 2457 442 2497 repetit
574 2457 616 2486 28
639 2455 707 2486 scis
723 2454 840 2484 Nodell
