1791 2796
551 150 662 186 EPP.
696 150 773 186 AD
805 150 1152 187 FAMILIARES
1470 150 1520 187 X.
1539 147 1648 185 xxxi

187 261 311 298 multo
346 259 467 311 magis
502 260 720 311 legionibus
755 274 853 311 opus
888 274 972 299 esse
1012 274 1129 311 quarn
1165 259 1385 311 provinciis,
1418 273 1519 310 quae

185 325 409 375 praesertim
450 325 652 376 reciperari
692 327 801 364 nullo
839 325 998 376 negotio
1030 333 1204 375 possunt,
1242 315 1444 373 constitui,
1476 333 1519 364 ut

186 403 291 428 nunc
319 399 386 436 est,
411 405 500 429 cum
528 391 698 430 exercitu
726 391 930 442 proficisci.
992 391 1149 430 Deinde
1179 405 1225 430 ex
1252 390 1396 438 litteris,
1422 404 1518 441 quas

187 457 336 495 Pansae
367 456 464 503 misi,
497 470 711 507 cognosces
740 457 896 505 omnia,
935 470 1025 495 nam
1060 455 1128 495 tibi
1160 469 1291 495 earum
1322 458 1519 507 exemplar

146 533 164 565 5
187 519 282 560 misi.
344 533 430 560 xvn
460 524 509 561 K.
532 524 624 573 Apr.
649 523 847 562 Corduba.

229 680 407 716 XXXII
498 683 566 715 Ser.
590 683 758 715 Cordubae
774 684 807 714 vi
821 682 870 714 Id.
890 682 966 714 Iun.
988 694 1017 714 a.
1041 693 1093 722 711
1115 684 1194 723 (43).

480 762 517 792 C.
554 761 739 793 ASINIVS
775 761 946 792 POLLIO
980 761 1218 792 CICERONI.

240 840 386 879 Balbus
419 848 600 889 quaestor
630 853 771 890 magna
805 846 1009 878 numerata
1043 839 1220 889 pecunia,
1249 852 1392 889 magno
1423 852 1516 889 pon-
1537 848 1552 874 1

184 906 275 944 dere
305 906 397 950 auri,
428 905 574 944 maiore
605 906 754 956 argenti
784 912 923 943 coacto
954 906 1005 943 de
1034 904 1203 955 publicis
1233 903 1513 948 exactionibus,

127 988 164 1010 10
185 984 233 1009 ne
259 970 458 1021 stipendio
485 970 647 1021 quidem
675 969 864 1009 militibus
893 969 1050 1008 reddito
1079 970 1189 1008 duxit
1217 983 1257 1008 se
1286 984 1309 1007 a
1336 969 1516 1008 Gadibus

183 1046 221 1074 et
248 1035 420 1074 triduum
449 1043 679 1086 tempestate
708 1043 882 1075 retentus
910 1036 961 1074 ad
990 1036 1154 1086 Calpem
1181 1037 1230 1074 K.
1257 1037 1342 1074 Iun.
1366 1033 1516 1074 traiecit

183 1115 267 1140 sese
294 1105 333 1140 in
360 1115 523 1151 regnum
545 1102 721 1153 Bogudis
740 1103 856 1152 plane
878 1101 980 1140 bene
1000 1100 1226 1151 peculiatus.
1290 1101 1367 1139 His
1387 1114 1513 1139 rumo-

182 1165 288 1205 ribus
317 1174 447 1205 utrum
475 1167 597 1206 Gadis
623 1168 806 1205 referatur
833 1180 884 1205 an
909 1168 1081 1205 Romam
1109 1166 1176 1216 (ad
1206 1166 1380 1216 singulos
1406 1167 1510 1205 enim

182 1234 341 1271 nuntios
385 1232 606 1283 turpissime
653 1231 816 1272 consilia
864 1231 1006 1279 mutat)
1045 1232 1225 1270 nondum
1273 1231 1365 1270 scio.
1432 1232 1511 1271 Sed
1530 1244 1553 1270 2

122 1310 158 1341 15
181 1304 332 1347 praeter
355 1299 457 1336 furta
483 1305 521 1336 et
547 1297 700 1348 rapinas
724 1304 762 1335 et
782 1295 896 1347 virgis
923 1309 1058 1335 caesos
1083 1296 1211 1335 socios
1235 1296 1332 1334 haec
1353 1310 1512 1347 quoque

181 1362 280 1407 fecit,
305 1371 347 1401 ut
374 1364 456 1413 ipse
484 1363 638 1413 gloriari
663 1365 771 1408 solet,
799 1363 939 1401 eadem
969 1375 1070 1412 quae
1101 1362 1144 1401 C.
1174 1362 1341 1402 Caesar:
1377 1362 1512 1407 Ludis,

179 1439 279 1476 quos
307 1429 486 1467 Gadibus
513 1428 613 1472 fecit,
638 1428 887 1470 Herennium
913 1428 1071 1466 Gallum
1099 1425 1328 1475 histrionem
1356 1440 1513 1466 summo

179 1492 359 1531 ludorum
387 1493 452 1532 die
478 1494 597 1532 anulo
622 1506 742 1532 aureo
768 1494 960 1532 donatum
987 1495 1028 1533 in
1051 1503 1147 1530 xlm
1175 1505 1326 1530 sessum
1351 1491 1513 1530 deduxit

179 1558 254 1605 (tot
282 1558 385 1597 enim
419 1560 564 1598 fecerat
592 1559 750 1598 ordines
785 1559 975 1608 equestris
1007 1556 1126 1604 loci);
1160 1557 1510 1608 quattuorviratum

118 1634 158 1657 20
177 1620 250 1660 sibi
280 1625 525 1675 prorogavit,
563 1622 724 1663 comitia
754 1623 886 1662 bienni
916 1622 1041 1661 biduo
1071 1620 1219 1666 habuit,
1257 1622 1332 1660 hoc
1367 1628 1424 1660 est
1458 1635 1511 1660 re-

175 1689 369 1728 nuntiavit
402 1702 502 1739 quos
540 1691 575 1728 ei
606 1688 734 1727 visum
767 1695 851 1734 est;
888 1687 1041 1726 exsules
1071 1686 1225 1725 reduxit
1256 1699 1336 1725 non
1369 1688 1509 1724 horum

175 1759 408 1805 temporum,
440 1755 510 1794 sed
548 1754 704 1795 illorum
743 1753 887 1805 quibus
920 1766 945 1791 a
974 1750 1171 1791 seditiosis
1205 1758 1363 1790 senatus
1398 1750 1509 1789 truci-

174 1818 379 1857 datusaut
403 1821 587 1870 expulsus
612 1826 670 1860 est
695 1820 780 1863 Sex.
799 1819 906 1863 Varo
930 1829 1082 1868 procos.
1127 1817 1219 1869 'Illa
1234 1828 1327 1868 >vero
1354 1815 1507 1870 iam-Une
1527 1817 1550 1854 3

175 1883 352 1922 Caesaris
382 1884 544 1934 quidem
578 1886 770 1935 exemplo,
803 1884 913 1934 quod
946 1882 1049 1920 ludis
1080 1878 1320 1932 praetextam
1351 1880 1402 1919 de
1437 1894 1508 1919 suo

114 1959 152 1991 ²5
174 1945 310 1986 itinere
349 1949 399 1987 ad
439 1950 480 1987 L.
520 1950 733 1988 Lentulum
772 1961 923 1999 procos.
961 1946 1253 1985 sollicitandum
1293 1947 1434 1996 posuit,
1471 1953 1508 1984 et

173 2011 334 2061 quidem
383 2027 473 2051 cum
521 2021 707 2064 ageretur,
755 2014 861 2052 flevit
909 2010 1099 2051 memoria
1142 2024 1269 2049 rerum
1312 2017 1506 2060 gestarum

172 2085 419 2124 commotus:
447 2078 728 2128 gladiatoribus
755 2086 887 2117 autem
914 2077 1080 2116 Fadium
1107 2076 1319 2126 quendam,
1343 2074 1505 2113 militem

172 2142 470 2192 Pompeianum,
498 2143 598 2194 quia,
626 2157 717 2182 cum
744 2145 951 2194 depressus
981 2141 1021 2180 in
1049 2143 1188 2181 ludum
1215 2140 1276 2180 bis
1302 2141 1418 2191 gratis
1443 2141 1506 2179 de-

171 2215 391 2258 pugnasset,
410 2215 611 2247 auctorare
632 2222 717 2247 sese
741 2209 901 2247 nolebat
922 2215 959 2247 et
980 2209 1030 2246 ad
1051 2209 1243 2258 populum
1264 2207 1502 2255 confugerat,

111 2283 153 2314 30
171 2271 340 2322 primum
369 2274 503 2312 Gallos
533 2271 684 2323 equites
711 2272 873 2312 immisit
895 2274 936 2311 in
963 2275 1154 2324 populum
1183 2270 1368 2323 (coniecti
1398 2272 1503 2308 enim

214 2386 234 2406 2
258 2377 389 2416 possint
411 2377 600 2418 chscnberg
690 2387 724 2407 11
752 2376 891 2417 Calpem
907 2376 998 2408 codd.
1019 2375 1200 2408 Sclzmalsz
1229 2374 1359 2415 Calpen
1377 2374 1504 2405 Erncstt

172 2418 294 2451 Miiller
379 2431 426 2460 29v
443 2426 620 2453 auctorare
637 2420 799 2462 Madvig:
824 2425 961 2452 auctore
978 2419 1066 2451 codd.
1087 2431 1094 2450 :
1118 2419 1285 2451 auctorari
1303 2419 1388 2459 vulg.
