1791 2796
651 526 820 562 LIBER
851 525 1107 563 OCTAVVS

477 646 545 694 M.
600 646 815 693 CAELI
870 646 910 693 12
925 645 978 691 Pl
993 644 1277 692 S'l'x'LAE

844 761 908 791 Al)

408 858 479 906 M.
530 857 856 906 TVLLIVM
910 855 1345 905 CICERONEM

256 1022 279 1058 Ι
419 1026 490 1059 δον.
508 1026 636 1058 Romae
652 1027 685 1057 ix
701 1026 742 1058 K.
763 1024 839 1058 Iun.
858 1035 917 1057 aut
929 1025 1034 1067 paulo
1046 1028 1122 1066 post
1137 1036 1166 1056 a.
1191 1035 1244 1065 70}
1265 1025 1344 1066 σι).

619 1103 817 1135 CAELIVS
843 1102 1071 1134 CICERONI
1099 1103 1133 1134 S.

267 1183 391 1230 (RVOD
413 1182 483 1221 tibi
504 1182 711 1221 discedens
732 1182 927 1233 pollicitus
949 1195 1035 1220 sum
1058 1195 1120 1220 me
1141 1180 1269 1220 omnis
1297 1194 1356 1220 res
1377 1181 1545 1220 urbanas
1566 1188 1582 1215 1

213 1246 509 1297 diligentissime
540 1247 610 1286 tibi
640 1247 956 1298 perscripturum,
978 1247 1069 1285 data
1096 1260 1214 1296 opera
1238 1245 1368 1296 paravi
1396 1245 1462 1295 qui
1491 1244 1545 1283 sic

175 1328 192 1359 5
214 1311 347 1350 omnia
367 1320 675 1363 persequeretur,
697 1321 738 1351 ut
758 1326 889 1351 verear
916 1326 965 1350 ne
1000 1311 1071 1350 tibi
1102 1311 1267 1349 nimium
1294 1318 1430 1360 arguta
1449 1311 1545 1348 haec

214 1377 399 1416 sedulitas
429 1378 630 1423 videntum
668 1378 821 1417 tametsi
861 1386 902 1416 tu
942 1377 1023 1416 scio
1063 1391 1181 1427 quam
1217 1376 1268 1415 sis
1303 1376 1478 1415 curiosus
1508 1384 1545 1414 et

214 1457 332 1494 quam
354 1444 538 1483 omnibus
563 1444 898 1495 peregrinantibus
928 1451 1079 1494 gratum
1108 1442 1156 1481 sit
1182 1441 1431 1480 minimarum
1452 1454 1544 1491 quo-

214 1523 291 1559 que
320 1523 460 1557 rerum,
482 1524 582 1559 quae
612 1509 721 1549 domi
749 1517 940 1559 gerantur,
964 1508 1045 1547 fieri
1076 1507 1268 1547 certiores.
1327 1509 1480 1545 Tamen
1506 1506 1544 1544 in

214 1575 290 1613 hoc
319 1583 356 1613 te
386 1576 574 1625 deprecor
604 1590 653 1614 ne
692 1589 823 1614 meum
854 1577 930 1614 hoc
960 1574 1131 1614 officium
1169 1572 1422 1623 adrogantiae
1456 1586 1545 1611 con-

156 1652 194 1675 10
214 1640 391 1688 demnes,
411 1642 519 1691 quod
547 1642 652 1679 hune
679 1641 853 1679 laborem
883 1639 990 1678 alteri
1021 1638 1211 1689 delegavi,
1231 1652 1312 1677 non
1333 1637 1428 1688 quin
1450 1636 1545 1675 mihi

214 1705 488 1744 suavissimum
509 1705 557 1744 sit
578 1714 616 1744 et
643 1714 836 1756 occupato
867 1713 904 1744 et
934 1706 984 1744 ad
1014 1704 1159 1742 litteras
1181 1703 1421 1751 scribendas,
1442 1710 1484 1740 ut
1505 1710 1545 1740 tu

215 1770 330 1818 nosti,
361 1770 569 1821 pigerrimo
604 1779 693 1809 tuae
733 1770 944 1809 memoriae
984 1771 1075 1808 dare
1110 1782 1283 1818 operam,
1315 1769 1385 1807 sed
1416 1767 1543 1817 ipsum

214 1837 412 1883 volumen,
433 1837 541 1886 quod
562 1835 632 1874 tibi
658 1835 756 1883 misi,
780 1835 904 1883 facile,
926 1843 967 1873 ut
995 1849 1067 1885 ego
1093 1833 1270 1881 arbitror,
1292 1847 1354 1872 me
1374 1840 1543 1872 excusat.

215 1900 361 1939 Nescio
395 1900 536 1951 quoius
575 1901 628 1939 oti
664 1908 765 1939 esset
803 1914 882 1939 non
924 1901 1044 1938 modo
1074 1898 1311 1950 perscribere
1350 1899 1447 1936 haee
1476 1899 1545 1936 sed

158 1976 192 2006 15
215 1965 377 2003 omnino
406 1965 739 2013 animadvertere,
769 1965 902 2004 onmia
931 1965 1036 2004 enim
1067 1973 1156 2003 sunt
1187 1963 1240 2002 ibi
1270 1971 1428 2002 senatus
1455 1977 1545 2002 con-

214 2031 326 2077 sulta,
360 2030 498 2077 edicta,
531 2031 695 2077 fabulae,
728 2045 911 2070 rumores.
973 2032 1094 2080 Quod
1129 2030 1352 2079 exemplum
1384 2027 1413 2066 si
1447 2030 1544 2067 sorte

215 2095 344 2133 minus
378 2104 415 2134 te
442 2095 656 2144 delectarit,
687 2109 735 2134 ne
770 2095 989 2134 molestiam
1021 2095 1091 2133 tibi
1121 2108 1211 2133 cum
1244 2094 1423 2144 impensa
1457 2107 1544 2132 mea

213 2160 433 2208 exhibeam,
454 2163 512 2200 fac
535 2175 596 2199 me
617 2161 832 2200 certiorem.
891 2160 931 2200 Si
958 2160 1054 2211 quid
1081 2160 1119 2198 in
1147 2174 1186 2198 re
1207 2173 1242 2210 p.
1266 2159 1391 2198 maius
1411 2167 1541 2197 actum
1562 2169 1588 2196 2

215 2225 295 2273 erit,
318 2227 425 2276 quod
446 2226 507 2265 isti
535 2226 698 2276 operarii
727 2226 855 2264 minus
883 2226 1093 2265 commode
1121 2224 1299 2276 persequi
1322 2224 1482 2275 possint,
1506 2231 1544 2261 et

156 2300 195 2322 20
214 2304 332 2340 quem
353 2292 403 2330 ad
426 2292 587 2330 modum
609 2299 739 2330 actum
761 2291 809 2329 sit
837 2300 873 2330 et
901 2305 1001 2341 quae
1022 2290 1256 2329 existimatio
1277 2298 1409 2328 secuta
1430 2303 1544 2339 quae-

260 2406 279 2433 3
305 2396 484 2426 discedens
498 2397 637 2427 Gmmw.
659 2408 664 2425 :
689 2397 860 2426 decedens
875 2395 962 2426 codd.
978 2396 1018 2426 cf.
1037 2405 1082 2426 io.
1097 2405 1116 2434 5
1206 2395 1226 2424 8
1245 2394 1416 2424 certiores.
1434 2398 1543 2423 tamen

223 2438 412 2480 lVescnbetg
546 2450 582 2477 14
607 2440 730 2479 quoius
746 2440 785 2470 M
800 2451 807 2470 z
831 2440 920 2479 quod
938 2439 989 2470 ius
1008 2438 1070 2469 GR
