1791 2796
555 141 666 179 EPP.
700 142 778 179 AD
809 142 1157 181 FAMILIARES
1456 146 1572 183 VIII.
1592 146 1668 184 viii

189 252 385 302 Apollinis
414 253 518 291 scrib.
552 251 765 302 acfficerunt
786 254 830 292 L.
860 254 1061 292 Domitius
1094 256 1164 293 Cn.
1182 255 1220 304 s.
1248 255 1340 294 Fao.
1369 255 1520 294 Alieno-

189 318 338 365 barbus,
361 318 406 367 Q.
428 319 613 357 Caecilius
629 319 676 368 Q.
687 318 726 367 f.
743 319 834 357 Fab.
854 320 1036 357 Aletellus
1050 320 1149 358 Pius
1163 321 1296 370 Scipio,
1312 322 1357 359 L.
1384 321 1520 359 Villius

188 383 235 421 L.
253 383 290 432 s.
318 384 425 421 Pom.
457 384 638 430 Annalis,
674 385 716 423 C.
751 385 957 434 Septimius
993 386 1035 423 T.
1057 386 1095 434 f.
1131 386 1233 434 Qui.‚
1271 387 1311 424 C.
1346 386 1519 424 Lucilius

193 449 235 486 C.
246 448 284 497 f.
306 449 405 497 Pup.
428 450 591 496 Ilirrus,
620 450 660 487 C.
686 449 904 487 Scribonius
929 451 970 488 C.
982 446 1024 498 f
1042 451 1137 499 Pop.
1166 452 1295 498 Curio,
1318 452 1364 489 L.
1381 452 1518 489 Ateius

149 521 165 552 5
187 514 232 551 L.
245 513 283 562 f
305 515 342 551 A
347 527 382 552 n.
403 514 550 562 Capito,
572 514 633 551 M.
652 514 805 563 Eppius
824 514 887 552 tls.
896 514 934 563 f.
959 515 1042 553 Ter.
1097 516 1213 564 Quod
1229 516 1291 554 M.
1305 516 1518 553 Marcellus

185 591 252 617 cos.
270 591 306 616 v.
315 578 355 627 f.
375 579 419 615 de
429 579 641 628 provinciis
660 579 930 627 consularibus,
948 580 984 618 d.
1007 593 1035 618 e.
1058 593 1089 618 r.
1113 580 1137 618 i.
1155 593 1194 627 c.,
1215 581 1276 618 uti
1292 582 1333 618 L.
1351 581 1514 629 Paulus,

191 645 233 682 C.
255 644 469 681 Affarcellus
495 655 593 690 coss,
625 656 707 681 cum
738 645 1008 693 magistratum
1039 645 1207 692 inissent,
1231 659 1277 683 ex
1297 647 1349 684 Is.
1373 647 1514 694 AIart„

184 721 280 756 quae
310 709 350 745 in
381 720 448 745 suo
479 709 708 756 magistratu
724 708 891 757 ficturae
920 714 1047 757 essent,
1073 711 1118 747 de
1142 712 1406 749 consularibus
1429 718 1516 761 pro-

185 773 318 811 vinciis
342 774 398 811 ad
416 778 588 811 senatum
610 773 803 822 referrent,
827 787 915 812 neve
933 775 1030 823 quid
1035 775 1155 824 prius
1173 788 1220 812 ex
1240 776 1292 814 K.
1315 777 1442 815 Asart.
1465 779 1519 814 ad

129 853 165 876 10
183 844 356 877 senatum
377 838 564 888 referrent
587 851 675 877 neve
693 832 789 887 quid
811 840 1035 877 coniunctim
1059 837 1121 892 [de
1140 853 1182 878 ea
1203 854 1244 878 re
1264 840 1474 889 referretur
1491 856 1514 878 a

183 902 375 956 consiliis],
409 905 536 953 utique
567 905 647 942 eius
677 904 736 942 rei
765 917 878 942 causa
899 911 977 954 per
1005 906 1082 943 dies
1111 906 1314 943 comitialis
1341 912 1514 945 senatum

183 970 365 1007 baberent
380 974 604 1018 senatusque
622 982 715 1008 cons.
727 969 905 1018 facerent
921 975 965 1018 et,
983 983 1065 1007 cum
1085 971 1128 1008 de
1147 983 1190 1008 ea
1212 984 1251 1008 re
1271 973 1326 1008 ad
1341 977 1514 1009 senatum

182 1039 398 1089 referretur,
417 1053 441 1077 a
461 1040 634 1087 consiliis,
653 1039 723 1088 qui
738 1052 865 1076 eorum
886 1039 927 1076 in
949 1051 1019 1077 ccc
1039 1039 1224 1077 iudicibus
1243 1044 1371 1086 essent,
1394 1039 1467 1088 s.f.
1483 1052 1511 1079 s,

182 1107 362 1143 adducere
382 1106 506 1143 liceret
517 1119 534 1148 ,·
564 1105 600 1142 si
616 1105 712 1153 quid
727 1105 771 1142 de
789 1117 832 1141 ea
854 1117 893 1141 re
912 1105 968 1141 ad
974 1106 1163 1153 populum
1174 1105 1233 1154 pl.
1254 1117 1296 1142 ve
1322 1105 1400 1142 lato
1423 1111 1515 1154 opus

126 1180 160 1212 15
181 1176 280 1217 esset,
299 1171 360 1208 uti
377 1172 456 1209 Ser.
477 1170 678 1219 Sulpicius,
693 1170 755 1207 M.
773 1169 987 1207 Marcellus
1005 1182 1104 1216 coss„
1114 1175 1315 1219 praetores
1335 1175 1382 1207 tr.
1397 1183 1430 1218 q.
1437 1171 1513 1218 pl7

181 1237 315 1285 quibus
342 1249 469 1273 eorum
498 1236 700 1282 videretur,
729 1235 784 1272 ad
799 1235 988 1284 populum
1009 1235 1067 1284 pl.
1097 1247 1139 1273 ve
1150 1234 1334 1283 ferrent,·
1362 1236 1465 1284 quod
1479 1235 1518 1273 si

181 1301 215 1339 ii
239 1315 313 1338 non
344 1302 525 1348 tulissent,
563 1301 624 1338 uti
651 1300 873 1349 quicumque
900 1300 1067 1350 deinceps
1095 1305 1214 1338 essent
1246 1301 1301 1337 ad
1321 1301 1511 1350 populum

171 1368 229 1417 pl.
251 1379 294 1405 ve
301 1366 463 1416 ferrent.
527 1367 568 1405 C.

232 1433 301 1470 Pr.
321 1433 372 1470 K.
396 1432 564 1470 Octobris
584 1431 624 1469 in
645 1431 734 1468 aede
748 1430 944 1479 Apollinis
963 1430 1069 1468 scrib.
1088 1429 1300 1479 adfuerunt
1313 1430 1358 1468 L.
1375 1431 1509 1468 Domi·
1528 1432 1556 1469 6

123 1512 160 1533 20
180 1498 255 1535 tius
276 1498 345 1536 Cn.
356 1497 394 1546 s.
411 1497 503 1535 Fab.
520 1496 806 1543 Ahenobarbus,
826 1496 873 1545 Q.
900 1496 1084 1534 Caecilius
1103 1496 1149 1544 Q.
1162 1495 1199 1544 f.
1218 1496 1311 1533 Fab.
1329 1496 1510 1534 Metellus

177 1562 277 1601 Pius
303 1562 436 1611 Scipio,
466 1562 510 1600 L.
546 1562 683 1599 Villius
701 1561 749 1599 L.
758 1560 796 1610 f
818 1561 926 1599 Pom.
949 1561 1132 1607 Annalis,
1161 1561 1200 1599 C.
1233 1561 1439 1610 Septimius
1463 1562 1508 1599 T.

166 1627 204 1676 f
231 1627 332 1676 Qui„
359 1627 380 1669 ζ
391 1628 434 1666 C.
455 1627 628 1665 Lucilius
653 1626 693 1665 C.
705 1626 743 1675 f.
764 1627 865 1676 Pup.
887 1626 1080 1675 ffi'rrus‚>
1109 1626 1150 1665 C.
1175 1626 1393 1664 Scribonius
1418 1627 1459 1664 C.
1469 1627 1508 1675 f.

177 1693 270 1742 Pop.
294 1693 422 1740 Curio,
440 1694 486 1731 L.
504 1693 640 1730 Ateius
659 1692 707 1730 L.
716 1695 755 1740 j.
773 1693 811 1729 A
816 1705 853 1729 n.
876 1692 1024 1741 Capito,
1046 1691 1107 1729 M.
1126 1692 1281 1740 Eppius
1295 1691 1358 1729 M.
1364 1691 1402 1740 f
1423 1692 1506 1730 Ter.

182 1757 298 1806 Quod
308 1758 368 1796 M.
384 1758 596 1795 Marcellus
614 1770 680 1795 cos.
701 1769 735 1795 v.
745 1755 782 1806 s
805 1757 848 1794 de
859 1756 1081 1806 provinciis,
1097 1756 1132 1793 d.
1149 1768 1176 1793 e.
1193 1769 1226 1793 r.
1242 1755 1265 1793 i.
1281 1768 1320 1802 c.‚
1335 1761 1508 1794 senatum

121 1832 157 1864 25
178 1823 396 1860 existimare
416 1823 598 1860 neminem
614 1835 752 1869 eorum,
770 1821 840 1870 qui
846 1826 1069 1871 potestatem
1090 1821 1230 1858 liabent
1247 1820 1504 1868 intercedendi,

177 1887 412 1936 inipedzendi,
436 1901 582 1925 moram
609 1888 760 1936 adferre
786 1893 953 1937 oportere
975 1900 1048 1936 quo
1073 1887 1199 1926 minus
1222 1887 1265 1924 de
1291 1900 1322 1925 r.
1335 1893 1378 1937 p.
1389 1893 1434 1937 p.
1454 1888 1507 1926 R.

176 1965 210 2000 q.
225 1958 267 2000 p.
291 1953 345 1989 ad
359 1958 532 1990 senatum
561 1953 700 2001 referri
716 1953 910 2001 senatique
929 1953 1139 1990 consultum
1149 1952 1249 2001 fieri
1262 1952 1389 2002 possit
1399 1968 1416 1998 ,·
1440 1953 1512 2002 qui

177 2017 397 2067 inpedierit,
420 2018 672 2066 prohibuerit,
705 2031 787 2055 eum
816 2022 988 2055 senatum
1019 2018 1239 2056 existimare
1267 2023 1398 2056 contra
1427 2031 1506 2056 rem

225 2132 263 2152 10
287 2121 352 2152 de.
374 2146 381 2152 .
402 2145 409 2152 .
431 2120 581 2153 consiliis
605 2121 663 2153 del.
693 2122 923 2153 Mendelssolm
948 2121 1072 2153 Miiller
1234 2131 1272 2162 13
1301 2121 1502 2163 referretur]

177 2164 343 2196 referrent
373 2170 408 2195 ut
432 2164 611 2204 Hofimmn
702 2165 867 2207 consiliis]
896 2165 1091 2196 consulibus
1107 2169 1192 2202 vett.,
1214 2166 1300 2196 male
1399 2175 1505 2197 cchx

179 2207 282 2238 Orelli
419 2219 444 2239 s.
466 2209 486 2239 f.
507 2219 531 2240 s.
555 2210 604 2248 (=
622 2209 690 2240 sine
704 2209 830 2248 fraude
852 2210 930 2246 sua)
959 2208 1151 2248 Hirschfeld
1164 2221 1170 2240 ε
1209 2219 1265 2240 ses
1292 2208 1402 2241 coelet:
1441 2219 1503 2240 eos

176 2251 265 2292 vulg.
432 2252 472 2282 16
494 2253 585 2292 quod
613 2252 641 2283 si
658 2253 680 2283 ii
700 2251 822 2284 Orelli:
846 2254 935 2292 quod
951 2253 972 2283 ii
991 2252 1050 2282 M:
1074 2253 1165 2291 quod
1183 2253 1211 2283 si
1229 2252 1328 2283 Klotz
1464 2254 1503 2283 18

177 2294 233 2335 C.]
262 2297 313 2334 (=
330 2296 490 2331 censuere}
525 2295 735 2327 Mommsen:
772 2297 790 2327 i.
811 2306 831 2326 u
850 2295 945 2327 MR:
976 2296 995 2326 l.
1029 2306 1049 2326 u
1081 2295 1130 2327 G:
1164 2306 1184 2326 1.
1217 2305 1238 2326 N
1267 2310 1315 2326 ιε
1333 2296 1505 2326 intercessit

169 2337 285 2373 nemo)
318 2337 509 2380 Wesenberg
667 2349 709 2370 22
733 2339 770 2370 C.
802 2339 950 2370 Lucilius
967 2363 974 2370 .
995 2363 1002 2370 .
1023 2363 1031 2370 .
1054 2339 1180 2370 Hirrus
1208 2338 1284 2369 add.
1319 2338 1506 2380 lVesenberg

175 2391 215 2411 ex
232 2385 247 2419 ξ
266 2392 286 2422 5
418 2383 462 2413 26
485 2382 624 2424 moram]
643 2382 708 2413 Hic
723 2382 837 2414 desinit
852 2381 887 2412 R
975 2392 1015 2422 27
1040 2393 1070 2422 q.
1095 2393 1126 2422 p.
1149 2386 1199 2423 (z
1218 2383 1501 2422 quamprimum)

222 2449 284 2471 cle.
305 2451 351 2471 AD
370 2450 451 2473 FAM.
1380 2442 1420 2472 15
