1791 2796
156 149 250 187 XII.
270 148 329 184 xii
656 146 710 182 M.
743 145 910 206 TYLLI
945 143 1252 182 CICERONIS

286 261 390 298 Nam
419 260 564 296 Bassus
592 255 730 296 misere
761 255 887 295 noluit
916 255 1010 294 mihi
1041 254 1236 306 legionem
1266 256 1426 294 tradere.
1499 254 1620 304 Quod

285 323 359 362 nisi
399 323 540 362 milites
579 321 703 361 invito
742 335 789 360 eo
828 323 975 372 legatos
1014 321 1065 359 ad
1105 334 1168 359 me
1207 319 1414 368 misissent,
1448 320 1620 358 clausam

285 391 504 440 Apameam
533 387 733 434 tenuisset,
757 387 889 438 quoad
916 385 951 424 vi
981 394 1082 443 esset
1109 393 1339 436 expugnata.
1400 386 1515 424 Haec
1540 398 1563 422 a
1583 392 1621 423 te

286 461 378 504 peto
417 468 498 492 non
537 454 664 492 solum
704 451 757 491 rei
796 466 845 502 p.‚
879 465 980 501 quae
1016 450 1085 489 tibi
1118 464 1274 500 semper
1308 449 1379 489 fuit
1410 449 1618 497 carissima,

286 521 355 558 sed
381 519 498 558 etiam
523 517 718 557 amicitiae
746 524 901 556 nostrae
929 515 1101 562 nomine,
1126 530 1244 566 quam
1270 516 1430 554 confido
1457 516 1563 566 apud
1584 522 1621 554 te

241 600 266 638 4
287 585 498 636 plurimum
529 598 655 635 posse.
713 583 841 622 Crede
863 581 958 620 mihi
981 583 1085 619 hunc
1111 580 1323 620 exercitum
1353 594 1471 631 quem
1493 581 1622 619 habeo

286 659 444 689 senatus
474 658 593 700 atque
625 647 763 699 optimi
794 647 986 698 cuiusque
1020 661 1105 686 esse
1138 646 1385 697 maximeque
1418 654 1540 693 tuum,
1572 647 1622 685 de

286 716 397 755 cuius
424 717 625 754 voluntate
654 713 819 753 adsidue
846 712 1047 752 audiendo
1066 706 1237 751 ⁷mirifice
1262 720 1299 751 te
1323 711 1447 762 diligit
1475 725 1623 750 carum-

287 796 364 832 que
385 782 514 820 habet.
567 779 646 829 Qui
668 778 699 818 si
720 768 951 817 intellexerit
972 778 1186 817 commoda
1206 791 1276 816 sua
1296 791 1411 816 curae
1433 776 1503 816 tibi
1524 790 1619 823 esse,

287 848 433 887 debere
454 846 573 885 etiam
593 859 634 884 se
655 844 725 883 tibi
746 843 880 883 omnia
900 842 1065 894 putabit.

245 924 270 962 5
345 912 499 951 Litteris
524 910 675 961 scriptis
696 909 802 949 audii
826 910 1075 948 Dolabellam
1097 908 1136 947 in
1158 907 1336 948 Ciliciam
1359 907 1510 947 venisse
1531 921 1621 946 cum

287 978 366 1016 suis
394 977 528 1028 copiis.
590 975 817 1014 Proficiscar
838 975 877 1013 in
900 973 1090 1014 Ciliciam.
1152 973 1260 1023 Quid
1282 973 1425 1024 egerim
1448 972 1623 1012 celeriter

286 1052 328 1082 ut
356 1043 455 1082 scias
485 1042 591 1081 dabo
621 1055 781 1092 operam
797 1055 805 1087 ;
840 1054 885 1078 ac
911 1039 1037 1086 velim,
1062 1047 1104 1077 ut
1129 1053 1324 1078 meremur
1351 1040 1400 1078 de
1428 1053 1467 1078 re
1492 1052 1540 1089 p.,
1568 1038 1623 1076 sic

286 1108 418 1148 felices
449 1107 581 1146 simus.
648 1108 725 1144 Fac
754 1106 883 1144 valeas
914 1118 1057 1155 meque
1086 1117 1205 1143 ames.
1271 1103 1398 1143 Nonis
1430 1103 1548 1142 Maiis
1577 1118 1624 1143 ex

287 1173 432 1213 castris.

323 1333 439 1368 XIII
487 1336 556 1368 Ser.
573 1335 606 1366 r'n
625 1336 731 1376 Cypm
749 1333 1037 1375 Crommyuacride
1052 1333 1102 1366 ld.
1118 1334 1194 1366 Iun.
1216 1345 1247 1365 a.
1268 1344 1321 1374 711
1342 1334 1419 1376 (45)

549 1415 587 1445 C.
613 1413 805 1445 CASSIVS
839 1413 881 1452 Q.
909 1414 942 1444 5.
974 1412 1013 1444 Ι).
1043 1412 1087 1443 Μ.
1116 1411 1354 1443 CICERONI.

253 1506 268 1533 1
343 1497 378 1531 S.
399 1507 430 1530 v.
456 1494 490 1530 b.
515 1509 546 1530 e.
566 1507 598 1530 v.
661 1494 762 1531 (jum
789 1491 839 1530 rei
864 1506 898 1541 p.
918 1493 974 1529 vel
999 1492 1122 1529 salute
1144 1492 1203 1529 vel
1225 1489 1387 1528 victoria
1406 1491 1624 1541 gaudemus

289 1568 370 1598 tum
394 1557 673 1596 instauratione
696 1566 847 1595 tuarum
871 1558 1044 1605 laudum,
1064 1557 1172 1607 quod
1196 1556 1387 1594 maximus
1409 1555 1623 1594 consularis

289 1624 502 1663 maximum
543 1625 745 1662 consulem
783 1631 819 1662 te
855 1623 937 1673 ipse
970 1622 1105 1669 vicisti,
1138 1630 1176 1660 et
1208 1624 1397 1661 laetamur
1427 1629 1464 1660 et
1495 1620 1621 1659 mirari

289 1689 379 1728 satis
402 1704 480 1728 non
503 1703 723 1740 possumus
789 1690 917 1726 Fatale
939 1687 1073 1727 nescio
1094 1687 1190 1737 quid
1212 1695 1300 1726 tuae
1322 1686 1449 1726 virtuti
1473 1688 1620 1733 datum,

289 1755 326 1793 id
362 1756 470 1805 quod
510 1769 626 1805 saepe
666 1754 742 1792 iam
783 1753 929 1804 experti
969 1767 1115 1791 sumus.
1181 1755 1251 1791 Est
1290 1752 1394 1791 enim
1435 1760 1501 1790 tua
1535 1759 1624 1801 toga

288 1820 465 1858 omnium
505 1819 621 1857 armis
661 1818 833 1867 felicior3
876 1833 976 1868 quac
1016 1832 1121 1857 nunc
1156 1831 1315 1868 quoque
1350 1817 1464 1856 nobis
1499 1831 1623 1868 paene

288 1885 429 1924 victam
449 1899 528 1924 rem
547 1899 582 1936 p.
598 1899 644 1924 ex
662 1884 844 1923 manibus
862 1883 1032 1921 hostium
1052 1883 1191 1934 eripuit
1207 1898 1252 1921 ac
1274 1882 1453 1921 reddidit.
1506 1883 1624 1920 Nunc

289 1965 380 1998 crgo
402 1951 577 1989 vivemus
597 1950 728 1997 liberi,
752 1964 857 1988 nunc
880 1958 926 1994 tc,
952 1949 1130 1987 omnium
1160 1948 1328 1986 maxime
1349 1946 1444 1986 civis
1469 1954 1506 1986 et
1528 1946 1623 1984 mihi

290 2015 498 2061 carissime,
519 2016 557 2054 id
580 2017 687 2065 quod
717 2014 895 2053 maximis
922 2014 971 2053 rei
1000 2028 1033 2064 p.
1060 2013 1230 2052 tenebris
1258 2012 1493 2063 comperisti,
1517 2026 1623 2050 nunc

291 2090 327 2118 tc
356 2081 591 2119 habebimus
617 2089 755 2119 testem
786 2080 904 2119 nostri
935 2088 973 2119 et
1001 2080 1039 2117 in
1068 2088 1104 2118 te
1132 2079 1229 2118 etin
1259 2078 1621 2117 coniunctissimam

290 2146 357 2184 tihi
391 2161 469 2185 rem
500 2161 534 2196 p.
569 2146 713 2185 amoris
738 2154 785 2192 et,
821 2160 922 2196 quae
957 2160 1073 2196 saepe
1106 2145 1302 2196 pollicitus
1332 2158 1374 2183 es
1404 2151 1509 2182 teet
1534 2143 1623 2181 taci-

290 2220 417 2249 turum
443 2213 538 2250 (lum
568 2211 810 2258 serviremus,
834 2219 872 2249 ct
905 2210 1102 2249 dicturum
1126 2212 1176 2249 de
1206 2224 1267 2249 me
1293 2217 1374 2248 tum
1407 2222 1496 2247 cum
1527 2207 1619 2245 mihi

1642 525 1659 557 5

1644 858 1685 881 10

1646 1178 1684 1210 15

1645 1635 1685 1658 20

1645 1962 1683 1993 25

289 2278 489 2327 profutura
510 2284 650 2321 essent,
679 2290 783 2314 nunc
807 2275 870 2313 illa
892 2290 970 2313 non
993 2289 1066 2325 ego
1090 2275 1251 2326 quidem
1273 2274 1351 2313 dici
1374 2282 1482 2312 tanto
1504 2287 1621 2323 opere
1643 2287 1684 2318 30

338 2392 367 2412 ιι
397 2382 485 2412 aurlii
508 2386 575 2412 vcll.
598 2393 603 2411 :
636 2381 713 2411 audi
735 2380 831 2411 Mll:
856 2380 968 2410 audivi
993 2379 1027 2409 D
1164 2390 1198 2418 17
1224 2377 1281 2419 C.]
1301 2379 1334 2409 L.
1354 2376 1476 2409 sclam
1497 2375 1622 2408 chsen-

288 2425 382 2466 [πνέῃ
405 2426 461 2456 scd
475 2426 600 2464 leit-suit
617 2426 651 2456 C.
676 2425 811 2455 Cas-sins
828 2424 1019 2454 Parmensis·
1164 2450 1167 2452 a
