1791 2796
161 118 236 155 III.
259 118 303 154 iii
598 119 652 155 M.
686 119 853 156 TVLLI
887 119 1194 156 cls'ERoxts

257 242 318 266 me
333 229 642 266 benevolentiori
658 229 842 279 cuiquam
861 231 1071 267 succedere
1087 243 1159 267 nec
1174 238 1211 266 te
1227 229 1401 267 amiciori
1419 229 1592 281 potuisse

257 294 496 343 provinciam
519 296 680 332 tradere.

212 372 235 399 2
312 361 369 398 Ex
390 359 434 397 iis
456 359 603 407 litteris,
626 356 792 409 quarum
821 361 873 398 ad
904 374 967 398 me
999 362 1223 410 exemplum
1254 360 1403 408 misisti,
1427 374 1523 410 quas
1554 360 1592 399 in

256 433 393 464 senatu
433 425 582 464 recitari
621 425 790 472 voluisti,
827 426 882 463 sic
922 426 1203 474 intellexeram,
1241 428 1456 477 permultos
1494 440 1516 464 a
1555 434 1593 465 te

256 490 397 528 milites
418 504 504 529 esse
529 490 739 537 dimissos3
769 492 840 529 sed
868 490 966 528 mihi
996 491 1141 529 Fabius
1171 491 1277 529 idem
1308 491 1591 530 demonstravit
1614 503 1629 532 5

255 564 293 593 te
315 555 353 594 id
374 556 567 605 cogitasse
588 557 724 602 facere,
743 558 824 603 sed,
842 570 933 594 cum
956 556 1039 606 ipse
1060 569 1083 594 a
1098 565 1136 594 te
1150 556 1382 603 discederet,
1399 556 1590 605 integrum

257 620 423 659 militum
459 634 666 659 numerum
707 621 837 659 fuisse.
900 622 949 659 Id
984 621 1015 658 si
1050 621 1103 659 ita
1137 630 1206 668 est,
1243 630 1462 671 pergratum
1497 621 1590 659 mihi

256 686 405 731 seceris,
426 686 456 724 si
486 686 577 724 istas
605 686 763 735 exiguas
791 686 937 736 copias,
962 701 1059 737 quas
1084 686 1266 734 habuisti,
1291 700 1408 735 quam
1431 686 1592 724 minime

255 752 508 791 imminueris.
571 754 661 801 Qua
686 754 735 791 ‹tle
766 766 806 791 re
836 761 996 791 senatus
1026 754 1207 791 consulta
1234 765 1335 802 quae
1362 754 1463 790 facta
1488 760 1587 798 sunt,

255 819 306 857 ad
326 827 364 857 te
386 818 502 857 missa
523 832 608 857 esse
628 818 803 856 arbitror.
866 818 1065 868 Equidem
1086 831 1156 869 pro
1178 831 1241 864 eo,
1261 817 1395 867 quanti
1419 826 1455 855 te
1477 817 1590 858 facio,
1614 829 1651 851 10

255 884 444 934 quicquid
484 884 632 931 feceris,
673 883 917 934 approbabo,
959 885 1029 921 sed
1069 891 1107 921 te
1145 897 1306 934 quoque
1345 883 1506 921 consido
1545 897 1590 920 ea

256 952 459 997 facturum,
483 963 584 1000 quae
607 949 700 987 milri
730 949 933 999 intelleges
965 949 1133 987 maxime
1163 963 1248 987 esse
1277 950 1588 987 accommodata.

205 1053 209 1056 .
257 1017 342 1064 Ego
370 1016 412 1055 C.
439 1015 707 1065 Pomptinum,
736 1016 907 1064 legatum
930 1028 1077 1062 meum,
1106 1014 1289 1052 Brundisi
1316 1014 1589 1064 exspectabam

255 1094 426 1131 cumque
446 1089 537 1119 ante
560 1083 608 1119 K.
631 1082 716 1119 Iun.
736 1080 991 1119 Brundisium
1012 1088 1220 1118 venturum
1241 1079 1463 1118 arbitrabar.
1511 1079 1589 1128 Qui

255 1159 346 1184 cum
376 1147 534 1193 venerit,
565 1160 667 1196 quae
701 1146 870 1197 primum
908 1146 1117 1196 navigandi
1153 1145 1268 1184 nobis
1303 1146 1464 1183 facultas
1499 1146 1589 1183 data
1615 1157 1649 1188 15

255 1212 339 1259 erit,
360 1220 523 1250 utemur.

298 1352 364 1387 IV
511 1355 581 1387 Ssr.
603 1354 769 1386 Brundisi
778 1354 863 1396 prid.
886 1354 975 1386 Non.
994 1358 1054 1385 ant
1070 1355 1147 1395 ipsis
1163 1353 1247 1385 Non.
1269 1354 1345 1386 Iun.

819 1422 849 1441 a.
870 1420 923 1450 70]
958 1420 1026 1449 51¹.

587 1487 763 1519 CICERO
791 1487 823 1518 S.
855 1488 894 1519 D.
923 1487 993 1518 ΛΡ.
1022 1487 1256 1518 PVLCHRO.

220 1578 237 1605 1
310 1565 440 1604 Pridie
472 1567 608 1604 Nonas
641 1565 788 1613 Iunias,
819 1580 908 1604 cum
940 1579 1065 1604 essem
1095 1564 1290 1612 Brundisi,
1328 1565 1471 1603 litteras
1502 1572 1588 1603 tuas
1610 1583 1649 1605 20

254 1631 403 1682 accepi,
424 1631 568 1681 quibus
598 1639 678 1669 erat
708 1630 965 1681 scripturnte
998 1631 1038 1669 L.
1063 1630 1207 1669 (sslodio
1239 1631 1460 1679 mandasse,
1488 1644 1588 1681 quae

255 1696 364 1734 illum
387 1710 543 1735 mecum
569 1696 676 1746 loqui
704 1697 833 1735 velles.
898 1697 999 1734 Eum
1030 1709 1124 1734 sane
1155 1696 1444 1746 exspectabam,
1466 1704 1507 1734 ut
1529 1710 1587 1743 ea,

255 1776 356 1812 quae
388 1776 409 1800 a
441 1770 478 1800 te
513 1763 690 1808 adferret,
728 1775 846 1811 quarn
887 1761 1055 1811 primum
1096 1774 1387 1810 cognoscerem.
1449 1762 1586 1799 Meum

255 1827 428 1866 studium
452 1841 541 1877 erga
562 1836 599 1865 te
620 1836 658 1865 et
680 1827 852 1865 officium
880 1827 1035 1865 tametsi
1062 1827 1193 1865 multis
1226 1826 1300 1864 iam
1330 1826 1445 1864 rebus
1474 1840 1588 1876 spero

255 1893 324 1930 tibi
350 1906 434 1931 esse
455 1893 669 1942 cognitum,
693 1901 824 1931 tamen
857 1892 894 1930 in
926 1892 970 1930 iis
1002 1892 1170 1930 maxime
1193 1892 1422 1936 declarabQ
1444 1892 1587 1942 quibus
1610 1908 1647 1938 25

255 1958 466 2008 plurimum
497 1958 714 2007 significare
745 1967 910 2008 potuero
940 1967 1045 1996 tuam
1078 1958 1172 1996 milii
1200 1957 1527 1996 existimationem
1551 1965 1587 1995 et

256 2023 486 2072 dignitatem
508 2023 747 2062 carissimam
770 2038 865 2063 csse.
920 2024 1019 2062 Mihi
1042 2033 1079 2063 et
1102 2028 1150 2072 Q.
1178 2024 1320 2062 Fabius
1342 2023 1587 2073 Vergilianus·

255 2098 292 2127 et
326 2091 369 2127 (j.
407 2090 569 2126 flaccus
604 2091 644 2127 L.
680 2090 701 2127 f.
740 2098 776 2127 et
809 2089 1105 2139 diligentissime
1140 2091 1194 2127 M.
1228 2088 1416 2127 Octavius
1451 2090 1523 2127 Cn.
1562 2090 1583 2127 s.

256 2155 539 2193 demonstravit
572 2168 634 2193 me
665 2168 687 2192 a
722 2164 759 2193 te
794 2155 947 2206 plurimi
987 2155 1091 2201 fieri;
1125 2156 1233 2205 quod
1268 2162 1423 2205 egomet
1454 2154 1585 2192 multis

255 2220 494 2270 argumentis
517 2220 591 2258 iam
613 2229 729 2259 antea
750 2221 962 2260 iudicaram
992 2220 1239 2271 maximeque
1263 2220 1329 2258 illo
1350 2220 1449 2258 libro
1469 2233 1585 2269 augu-
1607 2235 1646 2264 30

257 2287 336 2334 rali,
359 2300 477 2337 quem
497 2287 548 2324 ad
570 2300 632 2324 rne
652 2286 920 2325 amantissime
941 2287 1126 2337 scriptum
1145 2285 1416 2324 suavissimum
1435 2285 1582 2324 misisti.

301 2401 322 2429 9
346 2395 486 2421 senatus
506 2390 587 2420 GR:
613 2394 730 2420 senato
748 2389 803 2420 M:
830 2390 939 2421 senati
958 2389 1184 2420 Mmdelssolm
1307 2398 1342 2427 ¹4
1370 2387 1585 2419 Brundisium

257 2433 314 2465 del.
335 2433 440 2473 Klqyn
529 2434 716 2464 arbitrabar
732 2437 800 2464 velt.
816 2446 822 2464 τ
849 2434 994 2465 arbitror
1011 2433 1134 2465 M‘·GR
1149 2445 1155 2463 :
1181 2432 1367 2464 arbitrabor
1384 2431 1433 2462 Ml
