1791 2796
595 157 706 194 EPP.
740 157 816 193 AD
850 155 1195 192 FAMILIARES
1507 155 1554 191 Χ.
1572 153 1618 214 iii

271 293 345 329 III
463 296 531 328 Ser.
553 295 681 327 Romae
692 295 794 336 paulo
806 299 881 336 post
897 295 927 325 1'21
943 294 991 325 Id.
1013 295 1084 325 Dec.
1106 306 1135 325 (r.
1159 306 1214 333 710
1233 294 1319 335 (44¹2

670 372 844 404 CICERO
871 372 1056 403 PLANCO
1083 372 1115 403 S.

284 452 387 490 Cum
423 450 551 501 ipsum
584 451 770 489 Furnium
802 464 870 501 per
900 464 940 488 se
969 450 1047 489 vidi
1081 449 1338 488 libentissime
1370 458 1451 487 tum
1484 450 1595 489 11‹›‹11

229 515 426 564 libentius,
468 517 575 566 quod
616 515 722 554 illum
769 515 934 554 audiens
975 524 1012 554 te
1051 515 1211 554 videbar
1249 514 1394 553 audire.
1456 515 1558 552 Nam

192 589 267 626 5et
301 582 340 620 in
380 596 420 620 re
459 581 612 620 militari
652 581 833 620 virtutem
869 589 907 620 et
942 581 981 619 in
1015 580 1326 619 administranda
1361 579 1561 630 provincia

230 647 417 685 iustitiam
439 655 476 686 et
498 647 536 685 in
558 647 666 685 omni
687 661 829 697 genere
857 646 1107 697 prudentiam
1136 645 1231 683 mihi
1253 653 1360 683 tuam
1382 645 1562 694 exposuit

231 720 268 751 et
288 721 487 763 praeterea
508 712 603 750 mihi
626 726 705 750 non
734 712 908 762 ignaram
936 711 976 750 in
997 710 1284 750 consuetudine
1305 719 1343 748 et
1371 709 1562 748 familiari-

232 786 308 817 tate
329 778 559 817 suavitatem
582 786 689 816 tuam
710 793 716 824 ;
760 777 939 816 adiunxit
965 785 1163 828 praeterea
1194 789 1386 814 summam
1410 790 1499 826 erga
1519 790 1561 814 se

230 843 513 882 liberalitatem.
574 846 688 893 Quae
719 843 853 882 onmia
884 842 982 881 mihi
1016 842 1197 889 iucunda,
1235 842 1311 880 hoc
1343 849 1558 880 extremum

175 929 212 952 10
230 911 347 950 etiam
360 918 511 961 gratum
532 911 614 949 fuit.
675 912 770 961 Ego,
792 912 947 958 Plance,
963 908 1292 948 necessitudinem
1306 908 1558 946 constitutam
1578 915 1602 942 2

230 978 350 1017 habui
371 989 473 1018 cum'
492 980 613 1018 domo
643 987 770 1017 vestra
799 986 891 1017 ante
914 977 1115 1028 aliquanto
1143 986 1260 1027 quam
1291 983 1331 1013 tu
1363 983 1475 1013 natus
1506 988 1557 1021 es,

229 1057 404 1083 amorem
431 1052 563 1084 autem
591 1058 680 1094 erga
705 1053 742 1083 te
764 1044 814 1083 ab
844 1044 1005 1082 ineunte
1034 1042 1198 1094 pueritia
1225 1049 1301 1089 tua,
1331 1041 1562 1080 confirmata

231 1108 307 1148 iam
328 1118 455 1149 aetate
484 1110 787 1149 familiaritatem
816 1124 907 1148 cum
938 1108 1069 1148 studio
1098 1122 1186 1146 meo
1216 1116 1299 1146 tum
1327 1106 1473 1145 iudicio
1495 1114 1562 1145 tuo

231 1175 495 1214 constitutam.
558 1175 633 1213 His
663 1177 713 1214 de
734 1174 861 1213 causis
883 1174 1108 1212 mirabiliter
1128 1175 1239 1211 faveo
1260 1171 1439 1223 dignitati
1460 1179 1561 1219 tuae,

176 1256 211 1288 15
233 1254 351 1291 quam
374 1241 469 1279 mihi
497 1248 627 1279 tecum
656 1249 785 1279 statuo
813 1241 959 1279 debere
984 1253 1069 1278 esse
1089 1251 1355 1277 communem.
1416 1237 1564 1276 Omnia

233 1320 387 1346 summa
421 1315 657 1346 consecutus
687 1320 728 1344 es
759 1306 900 1344 virtute
931 1306 1043 1352 duce,
1076 1304 1221 1343 comite
1253 1305 1408 1342 fortuna
1439 1317 1563 1353 eaque

232 1387 273 1411 es
311 1374 478 1423 adeptus
512 1373 745 1411 adulescens
779 1371 912 1409 multis
951 1370 1230 1416 invidentibus,
1265 1383 1364 1420 quos
1403 1368 1562 1420 ingenio

232 1438 501 1488 industriaque
533 1437 701 1488 fregisti3
745 1452 850 1476 nunc
881 1451 944 1476 me
973 1435 1286 1474 amantissimum
1317 1434 1383 1481 tui,
1411 1433 1561 1473 nemini

231 1505 517 1543 concedentem
539 1503 606 1553 qui
631 1503 701 1542 tibi
729 1511 922 1542 vetustate
949 1501 1252 1541 necessitudinis
1279 1500 1408 1551 potior
1437 1500 1561 1551 possit

173 1589 211 1609 ιο
230 1583 328 1616 esse,
362 1569 393 1607 si
424 1568 571 1615 audies,
607 1582 767 1607 omnem
800 1568 871 1607 tibi
905 1567 1078 1617 reliquae
1110 1566 1212 1605 vitae
1246 1566 1477 1616 dignitatem
1513 1578 1559 1604 ex

230 1634 381 1685 optimo
402 1633 456 1673 rei
480 1648 515 1684 p.
540 1642 641 1672 statu
671 1634 864 1684 adquires.
927 1633 1008 1672 Scis
1036 1634 1212 1683 profecto
1240 1632 1354 1677 (nihil
1384 1631 1489 1670 enim
1521 1640 1558 1670 te
1579 1641 1602 1677 3

230 1701 360 1750 fugere
381 1698 525 1750 potuit)
546 1699 665 1738 fuisse
695 1700 899 1749 quoddam
926 1706 1092 1748 tempus,
1120 1711 1211 1736 cum
1232 1697 1414 1736 homines
1435 1696 1560 1736 existi-

231 1773 381 1804 marent
420 1772 458 1804 te
497 1764 613 1803 nimis
652 1764 793 1804 servire
838 1764 1092 1814 temporibus,
1134 1763 1243 1813 quod
1286 1777 1359 1813 ego
1399 1776 1559 1812 quoque

231 1830 502 1876 existimarem,
536 1837 574 1868 te
608 1829 639 1868 si
674 1843 719 1868 ea
749 1843 849 1879 quae
883 1829 1083 1879 patiebare
1117 1829 1283 1878 probare
1315 1828 1432 1866 etiam
1463 1827 1561 1866 arbi-

174 1912 211 1944 25
233 1903 374 1942 trarer,
416 1896 485 1933 sed
515 1908 605 1933 cum
645 1894 910 1944 intellegerem
941 1893 1036 1943 quid
1069 1894 1242 1939 sentires,
1277 1894 1490 1944 prudenter
1525 1901 1562 1932 te

230 1960 444 1999 arbitrabar
457 1960 588 1999 videre
605 1960 700 2010 quid
717 1973 862 2010 posses.
915 1961 1033 1998 Nunc
1049 1959 1123 1997 alia
1138 1959 1236 1998 ratio
1257 1966 1324 1998 est.
1369 1958 1559 1998 Omnium

231 2040 357 2066 rerum
387 2034 496 2064 tuum
526 2025 715 2064 iudicium
744 2033 812 2072 est,
840 2025 958 2075 idque
986 2025 1163 2064 liberum.
1224 2024 1374 2064 Consul
1402 2038 1442 2063 es
1463 2023 1561 2063 desi-

229 2100 379 2142 gnatus,
406 2090 556 2141 optima
583 2098 721 2138 aetate,
750 2104 904 2129 summa
933 2090 1169 2140 eloquentia,
1201 2089 1370 2128 maxima
1393 2089 1560 2128 orbitate

231 2157 285 2196 rei
306 2171 340 2208 p.
364 2156 534 2195 virorum
560 2155 705 2194 talium.
769 2156 972 2202 Incumbe,
1003 2169 1072 2206 per
1096 2156 1192 2194 deos
1220 2154 1476 2193 immortalis!
1519 2154 1557 2192 in

173 2237 213 2268 50
231 2237 318 2262 eam
339 2236 472 2261 curam
499 2230 537 2260 et
566 2220 856 2272 cogitationem,
880 2235 980 2271 quae
1005 2219 1075 2259 tibi
1101 2233 1297 2259 summam
1327 2219 1558 2270 dignitatem

277 2337 294 2366 7
319 2331 496 2367 praeterea
523 2325 579 2356 del.
610 2325 741 2356 Emesa·
839 2326 987 2364 ignaram
1015 2323 1109 2355 IJD:
1145 2325 1292 2364 ignatam
1320 2324 1379 2354 ill:
1414 2325 1558 2362 ignotam

232 2375 300 2402 vclr'.
397 2379 435 2409 15
459 2375 570 2401 statuo
587 2370 710 2400 debere
729 2379 804 2400 esse
826 2368 897 2400 Vict.
918 2381 924 2399 :
949 2373 1059 2399 statuo
1078 2369 1203 2399 habere
1222 2379 1296 2399 csse
1310 2368 1398 2399 codd.
1416 2379 1421 2397 :
1448 2372 1560 2398 statuo

233 2414 358 2490 habeff
381 2418 449 2446 vett.
468 2425 474 2445 :
503 2418 664 2446 statutum
689 2412 797 2445 habeo
821 2422 897 2444 esse
915 2412 1043 2452 Μίλων,
1064 2412 1139 2444 bene
1311 2421 1351 2451 25
1375 2412 1562 2453 prudenter

232 2469 298 2490 ont.
312 2480 323 2489 .
335 2471 337 2475 ’
