1791 2796
158 152 285 190 X11.i
608 153 663 190 M.
697 152 863 209 TVLLI
897 153 1203 191 (iIFERONIS

197 274 219 300 2

298 265 411 302 Haec
433 263 567 302 omnia
587 264 698 302 vobis
720 271 810 302 sunt
831 265 1087 315 expedienda,
1111 279 1185 304 nec
1205 266 1283 305 hoc
1303 266 1568 317 cogitandum,

238 329 330 367 satis
353 329 426 367 iam
451 330 596 368 habere
618 344 698 368 rem
720 344 755 380 p.
774 330 932 369 avobis.
995 331 1130 369 Habet
1152 331 1215 382 illa
1235 331 1398 382 quidem
1418 341 1570 372 tantum

237 402 429 445 quantum
476 409 693 446 numquam
740 395 837 434 mihi
876 395 916 434 in
955 405 1130 435 mentem
1168 397 1276 435 venit
1313 405 1460 449 optare,
1501 400 1569 438 sed

236 468 423 500 contenta
448 474 528 499 non
559 469 617 499 est
644 469 682 500 et
712 474 784 512 pro
814 460 1086 511 magnitudine
1110 469 1148 500 et
1179 461 1300 501 animi
1332 470 1370 502 et
1402 463 1569 503 benefici

234 526 351 564 vestri
382 541 403 564 a
433 526 546 565 vobis
574 540 717 577 magna
741 526 949 566 desiderat.
1009 528 1156 565 Adhuc
1183 529 1265 566 ulta
1292 541 1381 567 suas
1412 528 1569 568 iniurias

235 600 292 630 est
314 606 382 643 per
401 606 471 631 vos
493 592 651 631 interitu
675 592 855 642 tyranni3
882 592 980 630 nihil
1004 593 1172 644 amplius
1187 608 1197 641 3
1226 602 1459 633 ornamenta
1478 608 1569 633 vero

235 671 305 695 sua
343 671 445 708 quae
488 657 751 708 reciperavit?
795 671 847 696 an
885 658 995 708 quod
1034 657 1069 696 ei
1108 666 1264 697 mortuo
1302 667 1411 710 paret
1449 672 1568 709 quem

234 723 366 761 vivum
388 725 485 762 serre
513 736 593 762 non
623 725 806 774 poterat?
852 723 976 762 Cuius
1005 736 1095 762 aera
1122 724 1282 773 refigere
1310 724 1566 772 debebamus,

234 788 316 827 eius
334 788 451 827 etiam
468 789 727 839 chirographa
743 788 1023 827 defendimus?
1051 790 1104 826 At
1120 788 1226 827 enim
1242 789 1295 827 ita
1310 789 1564 828 decrevimus.

236 854 418 892 Fecimus
450 854 490 892 id
523 854 685 904 quidem
718 853 962 904 temporibus
1001 855 1200 901 cedentes,
1232 868 1334 904 quae
1366 856 1495 893 valent
1526 855 1564 893 in

233 934 274 958 re
299 934 334 971 p.
359 920 598 970 plurimum;
628 921 699 958 sed
726 919 986 958 immoderate
1010 919 1171 969 quidam
1200 928 1238 958 et
1263 920 1410 969 ingrate
1435 929 1566 959 nostra

234 985 418 1024 facilitate
440 987 666 1024 abutuntur.
726 987 873 1024 Verum
902 986 1000 1023 haec
1030 985 1259 1035 propediem
1291 993 1328 1024 et
1350 987 1471 1024 multa
1490 986 1565 1025 alia

232 1064 363 1090 coram
384 1066 394 1099 ;
437 1051 591 1090 interim
614 1050 730 1089 velim
759 1050 813 1088 sic
838 1049 907 1088 tibi
930 1051 1176 1100 persuadeaS,
1201 1049 1296 1088 mihi
1322 1064 1411 1089 cum
1440 1051 1492 1089 rei
1514 1065 1563 1102 p.‚

231 1130 351 1167 quam
386 1129 541 1166 semper
574 1116 693 1154 habui
729 1115 980 1163 carissimam,
1012 1123 1095 1153 tum
1125 1115 1268 1153 amoris
1298 1116 1417 1154 nostri
1450 1130 1567 1155 causa

231 1183 424 1222 maxinme
441 1196 557 1221 curae
577 1196 663 1221 esse
679 1190 787 1221 tuam
804 1180 1045 1232 dignitatem.
1108 1182 1170 1220 Da
1185 1195 1345 1233 operam
1363 1190 1405 1221 ut
1424 1184 1563 1221 valeas.

231 1251 338 1288 Vale.

272 1403 319 1438 II
406 1405 476 1437 Scr.
498 1404 630 1436 Romae
645 1405 858 1437 1'11te1‘.1·1'1‘1'K.
879 1409 908 1435 el
922 1405 960 1436 1'1'1'
972 1405 1058 1437 Non.
1083 1404 1150 1437 Oct.
1169 1416 1201 1438 a.
1224 1415 1281 1446 710
1300 1406 1386 1447 (44).

679 1482 854 1512 CICERO
880 1481 1047 1513 CASSIO
1074 1482 1108 1513 S.

281 1563 548 1600 Vehementer
575 1563 698 1600 laetor
726 1561 796 1600 tibi
826 1561 980 1612 probari
1011 1561 1245 1600 sententiam
1275 1568 1313 1600 et
1343 1561 1561 1601 orationem

230 1641 368 1665 meam.
431 1629 521 1676 Qua
549 1626 578 1664 si
608 1626 762 1676 saepius
788 1625 843 1664 uti
868 1625 1011 1673 liceret,
1040 1625 1135 1664 nihil
1167 1634 1267 1664 esset
1294 1627 1426 1677 negoti
1451 1627 1561 1665 liber-

228 1700 348 1731 tatem
378 1700 416 1730 et
445 1706 526 1731 rem
558 1705 592 1742 p.
625 1691 866 1741 reciperare3
909 1692 978 1729 sed
1009 1692 1130 1729 homo
1159 1704 1295 1730 amens
1325 1700 1363 1730 et
1387 1692 1561 1742 perditus

229 1759 433 1807 multoque
468 1757 633 1807 nequior
672 1770 790 1807 quam
826 1756 889 1794 ille
929 1756 1012 1806 ipse
1046 1770 1164 1806 quem
1200 1765 1241 1794 tu
1275 1757 1560 1807 nequissimum

229 1823 403 1861 occisum
425 1836 509 1861 esse
530 1821 660 1861 dixisti
688 1821 818 1860 caedis
844 1821 997 1860 initium
1023 1821 1173 1872 quaerit
1197 1823 1425 1872 nullamque
1445 1822 1560 1861 aliam

228 1889 281 1926 ob
301 1902 459 1926 causam
483 1902 545 1926 me
571 1895 771 1926 auctorem
804 1886 921 1925 fuisse
947 1887 1125 1934 Caesaris
1154 1886 1412 1926 interficiendi
1438 1887 1562 1925 crimi-

229 1962 350 2000 natur,
375 1953 447 1991 nisi
470 1961 510 1991 ut
533 1953 569 1990 in
587 1966 648 1991 me
662 1952 833 1991 veterani
855 1952 1090 2000 incitentur,
1120 1953 1228 2002 quod
1249 1966 1322 2002 ego
1343 1952 1559 2003 periculum

228 2032 305 2055 non
342 2018 566 2064 extimesco,
599 2019 720 2056 modo
750 2017 864 2056 vestri
896 2017 984 2056 sacti
1014 2017 1176 2067 gloriam
1207 2031 1297 2056 cum
1329 2030 1415 2056 mea
1445 2019 1560 2056 laude

226 2083 502 2121 communicet.
566 2085 624 2121 Ita
656 2098 727 2121 nec
759 2083 890 2122 Pisoni
922 2083 987 2133 qui
1017 2083 1055 2121 in
1085 2097 1175 2121 eum
1206 2083 1353 2133 primus
1384 2082 1560 2121 invectus

227 2158 284 2187 est
306 2150 413 2187 nullo
434 2148 691 2195 adsentiente,
716 2162 787 2186 nec
819 2147 912 2186 mihi
944 2147 1010 2198 qui
1042 2147 1146 2186 idem
1169 2147 1366 2186 tricesimo
1387 2155 1474 2198 post
1496 2147 1560 2186 die

228 2214 311 2261 feci,
335 2228 407 2252 nec
431 2216 469 2251 Ρ.
494 2214 655 2252 Servilio
676 2213 741 2263 qui
769 2227 831 2251 me
858 2222 915 2252 est
942 2221 1189 2260 consecutus,
1213 2220 1297 2251 tuto
1319 2212 1356 2250 in
1379 2220 1557 2250 senatum

227 2280 358 2319 venire
379 2280 478 2319 licet.
539 2281 714 2319 Caedem
735 2279 840 2317 enim
854 2279 1044 2329 gladiator
1061 2278 1211 2328 quaerit
1227 2278 1389 2328 eiusque
1404 2277 1557 2316 initium

226 2359 258 2384 a.
283 2347 319 2385 d.
343 2358 419 2383 xm
455 2347 502 2383 K.
529 2344 688 2384 Octobr.
713 2358 735 2381 a
766 2357 828 2382 me
858 2357 898 2382 se
931 2344 1120 2381 facturum
1151 2342 1326 2393 putavit3
1366 2343 1415 2381 ad
1438 2356 1556 2392 quem

311 2460 329 2488 5
356 2449 491 2490 magna]
511 2449 634 2480 maiora
652 2447 736 2478 Boo!
825 2447 993 2478 desiderat
1012 2447 1131 2478 adhuc.
1156 2446 1234 2477 Ulta
1252 2446 1355 2486 Kleyn
1373 2445 1486 2476 Baiter

1589 870 1628 892 10

1590 1196 1626 1228 15

1583 1640 1622 1662 20

1582 1965 1618 1996 25

1578 2291 1617 2322 30
