1791 2796
179 132 259 171 111.
278 131 324 169 ix
649 132 705 169 M.
738 132 908 170 TVLLI
939 132 1248 171 CICERONIS

277 243 366 281 teris
387 244 437 281 de
465 256 535 294 spe
563 242 725 282 minime
752 243 874 282 dubia
901 252 939 282 et
968 245 1085 295 plane
1114 245 1313 295 explorata
1334 243 1520 296 triumphi
1541 243 1612 293 tui,

276 321 405 359 neque
431 322 524 348 vero
554 309 607 348 ob
637 322 724 348 eam
750 323 923 358 causam,
948 323 1028 360 quo
1055 310 1139 361 ipse
1169 309 1320 349 facilius
1349 323 1611 361 consequerer

276 374 385 423 (nam
416 373 456 413 id
487 373 649 425 quidem
671 374 925 425 Ἐπικούρειον
945 375 1031 425 est),
1055 376 1124 414 sed
1153 376 1377 414 mehercule
1407 376 1515 426 quod
1545 382 1612 414 tua

275 439 444 490 dignitas
464 448 584 490 atque
604 441 826 492 amplitudo
847 440 943 479 mihi
961 448 1018 479 est
1039 440 1123 491 ipsa
1143 454 1231 479 cara
1251 454 1319 491 per
1339 454 1390 480 se.
1452 441 1543 489 Qua
1558 454 1608 488 re,

275 505 463 556 quoniam
494 505 614 556 pluris
645 514 686 544 tu
716 507 839 545 habes
870 520 989 557 quam
1019 506 1150 555 ceteri,
1180 519 1280 557 quos
1311 505 1409 545 scias
1440 505 1479 544 in
1509 507 1611 544 hanc
1632 521 1648 552 5

273 570 516 621 proxinciam
547 571 753 621 proficisci,
781 573 889 622 quod
920 580 957 611 te
987 572 1136 610 adeunt
1165 573 1243 610 fere
1273 585 1426 619 omnes,
1453 571 1484 609 si
1514 571 1610 622 quid

273 636 379 684 velis,
411 636 675 687 gratissimum
707 637 804 675 mihi
834 637 984 686 feceris,
1013 637 1043 675 si
1071 638 1122 676 ad
1152 650 1229 686 me,
1257 636 1493 687 simulatque
1522 637 1612 676 ade-

273 710 363 753 ptus
393 702 466 741 eris
491 703 600 753 quod
631 710 669 741 et
699 711 740 741 tu
771 702 939 742 confidis
969 711 1007 742 et
1037 715 1110 753 ego
1140 710 1249 753 opto,
1269 701 1414 741 litteras
1447 701 1606 741 miseris.

272 767 425 819 ‘Longi
455 767 640 816 subselli,’
670 776 712 806 ut
744 776 875 808 noster
904 768 1117 819 Pompeius
1147 768 1330 819 appellat,
1357 767 1544 807 iudicatio
1572 776 1610 807 et

273 847 382 872 mora
415 833 447 872 si
482 847 600 884 quem
634 833 705 872 tibi
736 833 830 872 item
863 848 986 872 unum
1021 835 1235 872 alterumve
1267 832 1372 872 diem
1407 832 1610 872 abstulerit
1633 848 1671 871 10

273 898 386 949 (quid
403 898 508 938 enim
525 906 655 949 potest
675 899 843 950 amplius
856 899 903 950 ?),
917 908 984 938 tua
1004 907 1136 938 tamen
1157 898 1325 950 dignitas
1346 912 1460 937 suum
1477 900 1608 937 locum

272 963 493 1012 obtinebit;
523 965 603 1011 sed,
634 963 665 1002 si
696 978 759 1003 me
789 964 930 1014 diligis,
958 964 989 1003 si
1015 978 1038 1002 a
1065 978 1128 1003 me
1156 963 1264 1014 diligi
1284 963 1353 1011 vis,
1382 964 1433 1003 ad
1461 977 1524 1002 me
1554 963 1610 1002 lit-

272 1035 386 1077 teras,
408 1037 450 1067 ut
471 1043 589 1080 quam
611 1029 781 1079 primum
803 1029 948 1069 laetitia
969 1029 1141 1077 adficiar,
1163 1028 1317 1067 mittito.

228 1097 253 1134 3
329 1097 378 1133 Et
409 1094 537 1141 velim,
576 1094 769 1145 reliquum
805 1096 913 1145 quod
948 1103 1006 1134 est
1039 1093 1220 1145 promissi
1258 1108 1304 1133 ac
1337 1093 1508 1133 muneris
1540 1093 1605 1141 tui,

273 1160 368 1199 mihi
389 1162 598 1211 persolvas.
660 1161 763 1200 Cum
791 1160 916 1211 ipsam
944 1160 1211 1211 cognitionem
1234 1159 1325 1198 iuris
1352 1159 1488 1209 auguri
1518 1173 1608 1199 con·
1633 1176 1667 1209 ¹5

271 1226 382 1278 sequi
413 1226 531 1278 cupio
561 1235 645 1265 tum
677 1227 902 1266 mehercule
931 1226 1006 1265 tuis
1038 1225 1319 1265 incredibiliter
1351 1225 1489 1264 studiis
1519 1239 1609 1276 erga

272 1305 335 1331 me
357 1291 667 1342 muneribusque
688 1293 873 1331 delector.
934 1292 1056 1342 Quod
1085 1299 1218 1330 autem
1247 1305 1271 1329 a
1300 1304 1363 1330 me
1393 1292 1468 1330 tale
1499 1290 1609 1342 quid-

271 1359 363 1397 dam
394 1358 604 1405 desideras,
639 1372 733 1397 sane
763 1357 859 1396 mihi
891 1357 1225 1397 considerandum
1260 1365 1329 1405 est,
1364 1363 1540 1408 quonam
1570 1364 1608 1396 te

271 1437 495 1463 remunerer
509 1423 759 1474 potissimum
775 1437 927 1474 genere.
980 1425 1083 1462 Nam
1101 1425 1278 1474 profecto
1294 1437 1374 1462 non
1390 1430 1447 1462 est
1462 1436 1604 1470 meum,

271 1489 337 1539 qui
359 1489 398 1528 in
420 1489 642 1536 scribendo,
658 1497 700 1528 ut
717 1491 818 1528 soles
834 1488 1028 1536 admirari,
1045 1496 1198 1527 tantum
1216 1488 1429 1528 industriae
1446 1501 1604 1539 ponam,
1630 1504 1668 1525 ,το

270 1553 518 1593 committere
548 1562 590 1593 ut
620 1555 830 1605 neglegens
861 1555 901 1592 in
931 1553 1143 1592 scribendo
1174 1553 1292 1592 fuisse
1321 1553 1463 1599 videar,
1502 1567 1608 1604 prae-

270 1619 402 1658 sertim
424 1633 514 1658 cum
532 1619 571 1659 id
593 1633 672 1658 non
695 1620 817 1658 modo
838 1619 1090 1670 neglegentis,
1107 1620 1176 1658 sed
1193 1618 1311 1657 etiam
1328 1618 1465 1669 ingrati
1486 1618 1606 1657 animi

271 1684 418 1723 crimen
440 1686 613 1723 futurum
635 1684 693 1723 sit.

224 1759 250 1796 4
324 1752 472 1789 Verum
495 1751 592 1789 haec
612 1750 844 1789 videbimus.
907 1752 1023 1798 Illud,
1047 1751 1155 1801 quod
1176 1749 1380 1801 polliceris,
1402 1749 1518 1788 velim
1535 1763 1606 1800 pro

270 1823 336 1854 tua
361 1817 437 1855 fide
459 1815 739 1867 diligentiaque
770 1824 808 1855 et
839 1830 908 1867 pro
939 1824 1071 1855 nostra
1100 1830 1180 1855 non
1211 1815 1398 1862 instituta,
1430 1816 1499 1854 sed
1527 1814 1604 1853 iam
1628 1830 1664 1861 25

269 1880 481 1919 inveterata
508 1881 680 1919 amicitia
702 1895 822 1928 cures,
849 1881 1010 1929 enitare,
1032 1889 1075 1932 ut
1094 1880 1329 1931 supplicatio
1350 1879 1464 1919 nobis
1485 1893 1604 1930 quam

269 1945 665 1985 honorificentissime
694 1961 813 1997 quam
845 1946 1095 1997 primumque
1126 1948 1367 1985 decernatur.
1428 1944 1604 1985 Omnino

268 2009 388 2048 serius
425 2010 511 2049 misi
548 2011 693 2050 litteras
732 2026 849 2062 quam
887 2014 1027 2051 vellem
1065 2011 1120 2063 (in
1157 2026 1236 2062 quo
1271 2025 1360 2049 curn
1396 2010 1604 2049 difficultas

268 2075 474 2126 navigandi
499 2076 569 2114 fuit
593 2076 744 2117 odiosa.
767 2085 849 2115 tum
878 2078 918 2115 in
944 2077 1071 2127 ipsum
1095 2077 1312 2115 discessum
1334 2084 1491 2114 senatus
1513 2074 1604 2113 inci-

267 2141 371 2180 disse
401 2143 520 2180 credo
555 2156 661 2181 meas
693 2142 868 2181 litterasl.
890 2143 959 2181 scd
988 2142 1027 2180 id
1056 2142 1127 2180 feci
1156 2142 1352 2180 adductus
1372 2140 1603 2189 auctoritate
1626 2156 1662 2187 30

267 2214 304 2245 et
334 2206 500 2246 consilio
532 2215 600 2246 tuo
631 2207 750 2257 idque
782 2221 804 2245 a
838 2221 900 2245 me
935 2214 1038 2245 recte
1066 2208 1211 2245 factum
1244 2214 1350 2257 puto,
1384 2206 1492 2256 quod
1522 2219 1602 2244 non

312 2322 348 2343 21
378 2312 408 2341 in
443 2310 517 2342 add.
547 2315 640 2342 veih:
677 2310 708 2341 in
740 2310 957 2341 rescribendo
982 2310 1140 2350 Illadm'g:
1185 2310 1365 2341 scribendo
1391 2309 1459 2340 secl.
1491 2308 1607 2341 Baiter

268 2357 310 2430 26
333 2355 589 2429 ςυτεέίρηίῗῑε
615 2353 672 2384 M:
711 2365 817 2385 cures.
848 2354 986 2385 Eniterc
1014 2353 1096 2385 GR:
1139 2364 1236 2384 cures
1261 2359 1294 2384 ct
1320 2353 1450 2384 enitare
1476 2353 1606 2393 Kayser

291 2411 311 2439 9
335 2410 367 2429 ιη
387 2410 406 2430 a
432 2412 462 2430 c.
482 2410 516 2429 vc
545 2422 552 2430 .
