1791 2796
550 158 661 195 EPP.
694 158 771 194 AD
803 158 1149 197 FAMILIARES
1458 160 1553 198 VII.
1578 159 1687 198 xviii

200 266 396 307 desiderio
437 266 559 307 nostri
594 274 632 306 te
664 275 841 307 aestuare
872 275 1060 319 putarem.
1132 270 1221 318 Qua
1256 284 1296 309 re
1329 283 1457 321 perge,
1494 277 1536 308 ut

200 332 392 384 coepisti;
430 332 518 372 forti
548 332 682 372 animo
711 333 825 372 istam
861 335 982 372 tolera
1016 332 1205 372 militiam.
1267 336 1408 383 Multa,
1439 334 1536 374 mihi

201 399 330 446 crede,
364 399 580 450 adsequere
598 413 608 447 ,·
647 413 720 449 ego
759 398 864 438 enim
899 400 1098 438 renovabo
1132 400 1533 448 commendationem,

201 465 271 502 sed
305 471 491 515 tempore.
551 464 614 503 Sic
647 465 802 511 habeto,
836 477 915 503 non
951 464 1020 504 tibi
1054 464 1190 503 maiori
1225 479 1310 504 esse
1344 479 1459 504 curae
1494 472 1536 503 ut

164 547 180 578 5
202 528 273 567 iste
294 536 383 567 tuus
403 543 426 567 a
446 543 509 568 me
529 529 723 569 discessus
745 543 863 581 quam
891 529 1222 569 fructuosissimus
1243 530 1313 569 tibi
1335 530 1396 578 sit,
1416 544 1535 581 quam

202 594 309 633 mihi.
381 597 520 646 Itaque
559 596 747 647 quoniam
787 603 936 635 vestrae
974 597 1177 636 cautiones
1217 596 1394 635 infirmae
1433 603 1537 645 sunt,

202 661 437 699 Graeculam
468 660 539 699 tibi
572 661 658 699 misi
693 661 917 701 cautionem
948 661 1194 713 chirographi
1228 662 1315 701 mei.
1376 664 1438 700 Tu
1474 676 1537 701 me

203 725 318 763 velim
354 727 404 765 de
438 726 587 765 ratione
617 727 757 766 Gallici
790 727 881 766 belli
911 727 1115 766 certiorem
1146 727 1288 775 facias;
1329 741 1401 778 ego
1431 727 1536 766 enim

203 789 455 841 ignavissimo
475 792 617 843 cuique
639 792 848 831 maximam
870 794 989 832 fidem
1016 794 1154 831 habeo.

148 873 184 894 10
257 858 336 895 Sed
374 865 416 895 ut
453 859 503 896 ad
543 857 727 908 epistulas
766 865 851 896 tuas
890 859 1061 906 redeam,
1099 865 1228 896 cetera
1266 858 1394 903 belle3
1442 857 1582 895 illud2

203 922 321 961 miror
340 938 346 961 :
377 922 463 973 quis
484 924 581 962 solet
603 924 744 962 eodem
766 925 947 974 exemplo
968 923 1088 974 pluris
1112 924 1216 970 dare,
1240 923 1307 973 qui
1328 936 1398 961 sua
1418 936 1538 961 manu

203 987 365 1026 scribit?
406 990 497 1026 nam
532 989 640 1039 quod
674 988 714 1027 in
749 988 1017 1039 palimpsesto,
1046 989 1165 1027 laudo
1199 988 1384 1039 equidem
1424 987 1539 1039 parsi-

204 1052 377 1092 moniam
393 1067 404 1102 3
432 1054 501 1093 sed
523 1053 640 1093 miror
666 1053 759 1105 quid
790 1054 829 1092 in
857 1054 922 1092 illa
949 1055 1125 1093 chartula
1145 1053 1258 1092 fuerit
1279 1054 1387 1104 quod
1408 1054 1539 1092 delere

205 1117 385 1157 malueris
410 1132 527 1170 quam
557 1132 629 1158 non
660 1120 756 1158 haec
787 1118 954 1158 scribere
985 1119 1057 1157 nisi
1088 1120 1186 1158 forte
1216 1126 1302 1157 tuas
1328 1119 1515 1157 formulas
1530 1132 1540 1166 ,-

149 1198 184 1230 15
205 1197 284 1221 non
315 1183 419 1222 enim
450 1191 546 1234 puto
576 1191 613 1222 te
643 1198 750 1222 meas
780 1183 966 1234 epistulas
997 1185 1127 1223 delere
1162 1191 1204 1222 ut
1238 1197 1404 1234 reponas
1440 1190 1536 1221 tuas.

205 1251 268 1287 An
299 1250 375 1287 hoc
405 1248 609 1300 significas,
633 1249 729 1288 nihil
757 1249 849 1297 fieri,
873 1249 1009 1300 frigere
1039 1256 1086 1296 te,
1111 1263 1160 1288 ne
1181 1250 1354 1288 chartam
1376 1248 1538 1298 quidem

206 1313 275 1352 tibi
298 1314 577 1365 suppeditare?
635 1316 719 1353 Iam
750 1314 823 1353 ista
852 1322 919 1353 tua
945 1315 1060 1365 culpa
1081 1321 1150 1361 est,
1173 1314 1240 1365 qui
1261 1313 1538 1353 verecundiam

206 1387 336 1418 tecum
358 1379 537 1418 extuleris
559 1387 596 1418 et
618 1394 697 1419 non
719 1379 781 1418 hic
804 1379 1011 1419 nobiscum
1034 1379 1242 1430 reliqueris.

262 1447 346 1495 Ego
376 1452 413 1483 te
442 1445 580 1493 Balbo,
608 1459 697 1483 cum
728 1447 778 1484 ad
806 1459 875 1484 vos
904 1445 1185 1495 proficiscetur,
1215 1458 1323 1483 more
1354 1447 1539 1483 Romano
1559 1457 1582 1494 3

150 1524 188 1545 20
206 1511 508 1550 commendabo.
568 1513 630 1550 Tu
661 1511 691 1550 si
722 1511 967 1550 intervallum
997 1511 1151 1562 longius
1181 1510 1252 1549 erit
1282 1524 1455 1549 mearum
1484 1510 1540 1548 lit-

206 1584 373 1615 terarum
421 1591 471 1615 ne
516 1576 566 1615 sis
608 1576 847 1625 admiratus3
895 1591 999 1616 eram
1041 1576 1147 1616 enim
1185 1577 1360 1614 afuturus
1405 1589 1540 1614 mense

207 1641 340 1692 Aprili.
402 1643 487 1680 Has
521 1642 666 1681 litteras
700 1642 833 1693 scripsi
870 1642 909 1680 in
944 1642 1169 1692 Pomptino,
1203 1655 1292 1679 cum
1326 1642 1376 1679 ad
1408 1640 1539 1678 villam

208 1708 263 1745 M.
297 1708 440 1746 Aemili
471 1707 713 1747 Philemonis
747 1707 1010 1754 devertissem,
1044 1722 1090 1746 ex
1119 1720 1197 1756 qua
1230 1706 1307 1743 iam
1339 1705 1539 1744 audieram

208 1772 403 1811 fremitum
438 1773 638 1812 clientium
670 1787 861 1815 meorum,
886 1786 986 1823 quos
1013 1772 1174 1822 quidem
1206 1778 1247 1809 tu
1282 1769 1377 1808 mihi
1412 1769 1540 1808 conci-

152 1847 188 1880 25
208 1837 333 1886 liasti,
362 1848 452 1876 nam
470 1838 633 1878 Ulubris
654 1838 814 1878 honoris
836 1838 912 1877 mei
934 1851 1051 1876 causa
1071 1836 1149 1874 vim
1171 1835 1379 1874 maximam
1402 1848 1540 1873 ranun-

209 1905 385 1942 culorum
420 1917 460 1942 se
495 1917 716 1943 commosse
751 1904 966 1942 constabat.
1028 1903 1133 1942 Cura
1162 1909 1203 1940 ut
1233 1902 1371 1940 valeas.
1406 1912 1444 1937 v1
1478 1900 1536 1938 Id.

209 1968 329 2019 April.
353 1970 403 2008 de
426 1969 647 2019 Pomptino.

266 2033 482 2083 Epistulam
513 2041 634 2079 tuam,
663 2047 781 2083 quam
812 2032 946 2084 accepi
977 2033 1026 2071 ab
1058 2034 1100 2071 L.
1134 2031 1330 2078 Arruntio,
1363 2030 1537 2070 conscidi
1557 2042 1581 2080 4

212 2098 487 2146 innocentem,
526 2098 621 2136 nihil
643 2098 746 2136 enim
773 2098 944 2137 habebat
965 2099 1072 2148 quod
1101 2111 1180 2136 non
1202 2098 1261 2135 vel
1287 2095 1325 2134 in
1354 2095 1540 2134 contione

156 2174 195 2204 30
212 2171 314 2202 recte
335 2163 407 2214 legi
429 2171 569 2214 posset.
630 2164 707 2202 Sed
731 2171 768 2201 et
790 2162 996 2201 Arruntius
1021 2162 1073 2201 ita
1103 2170 1140 2201 te
1170 2163 1378 2201 mandasse
1411 2160 1541 2199 aiebat

212 2236 249 2266 et
271 2236 310 2266 tu
331 2228 600 2279 adscripseras.
651 2231 798 2267 Verum
820 2228 916 2267 illud
937 2236 1046 2276 esto,
1076 2227 1171 2266 nihil
1193 2235 1230 2266 te
1250 2228 1300 2265 ad
1323 2239 1384 2264 me
1405 2232 1542 2276 postea

212 2293 409 2344 scripsisse
429 2284 611 2342 demiror,
633 2293 856 2343 praesertim
880 2301 956 2331 tam
980 2293 1091 2332 novis
1112 2293 1237 2331 rebus.

261 2407 297 2436 13
324 2397 475 2428 chartula
502 2397 541 2426 Λ]
556 2398 673 2436 forma
704 2400 783 2427 rccla
812 2406 912 2426 usus:
948 2396 1073 2426 cartula
1105 2394 1167 2426 GR
1314 2403 1349 2431 14
1378 2403 1444 2424 non
1468 2395 1542 2423 ante

216 2441 366 2471 scribere
385 2441 458 2472 add.
481 2444 549 2472 vett.
569 2452 575 2471 :
601 2450 699 2481 quam
718 2441 800 2472 hace
818 2440 968 2471 scribere
985 2440 1052 2471 secl.
1074 2439 1206 2469 limasti
