1791 2796
495 637 666 675 LIBER
697 635 944 685 QVINTVS
977 635 1228 674 DECIMVS

336 759 439 808 AD
492 757 847 806 SENATVM
899 757 995 805 ET
1047 756 1386 804 CETEROS

240 937 263 972 I
507 936 576 969 Ssr.
597 937 630 967 z'n
651 935 891 968 C1'l1'c1·a.2-iiiK.
916 936 984 967 Oct.
1007 947 1037 967 a.
1062 946 1116 976 703
1139 938 1212 976 51).

257 1016 301 1049 Μ.
328 989 524 1047 TVLLIVS
551 1014 596 1047 M.
623 1014 656 1045 F.
683 1013 859 1045 CICERO
887 1012 1086 1044 PROCOS.
1113 1012 1148 1044 S.
1176 1013 1214 1043 D.
1244 1011 1352 1053 COS.,
1383 1012 1465 1052 PR„

647 1074 721 1106 TR.
749 1074 831 1114 PL„
860 1073 1070 1104 SENATVI.

251 1156 287 1193 S.
311 1168 344 1193 v.
367 1167 400 1192 v.
429 1153 464 1191 b.
489 1166 519 1191 e.
548 1166 579 1191 e.
607 1165 642 1202 q.
667 1166 699 1190 v.
761 1151 846 1190 Etsi
878 1165 959 1190 non
993 1150 1113 1189 dubie
1146 1150 1242 1188 mihi
1274 1150 1528 1189 nuntiabatur
1547 1164 1563 1190 1

161 1235 177 1267 5
198 1220 362 1259 Parthos
383 1218 567 1257 transisse
589 1219 833 1268 Euphratem
859 1230 949 1256 cum
975 1215 1160 1255 omnibus
1183 1217 1261 1254 fere
1286 1215 1364 1254 suis
1391 1215 1526 1266 copiis,

197 1294 341 1332 tamen,
364 1285 472 1334 quod
497 1283 711 1322 arbitrabar
739 1296 762 1321 a
788 1284 843 1321 M.
869 1282 1013 1320 Bibulo
1038 1294 1191 1332 procos.
1214 1280 1378 1320 certiora
1398 1282 1448 1320 de
1468 1282 1528 1319 his

197 1351 313 1389 rebus
333 1351 384 1389 ad
403 1362 473 1388 vos
498 1348 613 1387 scribi
634 1362 761 1400 posse,
784 1348 1005 1387 statuebam
1027 1347 1123 1386 mihi
1151 1360 1231 1386 non
1256 1360 1417 1386 necesse
1443 1360 1528 1385 esse

197 1416 356 1468 publice
376 1415 544 1454 scribere
566 1428 612 1453 ea
632 1428 733 1465 quae
759 1416 810 1453 de
837 1413 994 1452 alterius
1023 1412 1224 1464 provincia
1244 1413 1524 1451 nuntiarentur.

199 1484 342 1521 Postea
374 1493 466 1520 vero
501 1493 619 1530 quam
652 1479 877 1519 certissimis
911 1478 1149 1525 auctoribus,
1186 1478 1331 1528 legatis,
1368 1477 1526 1525 nuntiis,

142 1562 182 1584 ιο
198 1546 345 1594 litteris,
368 1559 455 1584 sum
476 1545 616 1584 certior
636 1546 771 1592 factus,
796 1545 857 1583 vel
883 1545 991 1594 quod
1020 1551 1128 1582 tanta
1151 1556 1211 1581 res
1239 1550 1319 1582 erat
1338 1545 1399 1582 vel
1420 1544 1528 1593 quod

199 1614 379 1652 nondum
412 1611 662 1650 audieramus
694 1609 883 1649 Bibulum
914 1610 955 1648 in
989 1609 1137 1660 Syriam
1164 1609 1317 1648 venisse
1346 1610 1407 1648 vel
1437 1609 1529 1659 quia

198 1677 484 1718 administratio
507 1676 624 1716 huius
651 1676 743 1715 belli
772 1675 867 1714 mihi
893 1689 983 1714 cum
1013 1675 1157 1713 Bibulo
1183 1687 1309 1725 paene
1338 1682 1395 1712 est
1425 1687 1529 1712 com-

199 1743 338 1791 munis,
362 1756 463 1794 quae
482 1744 533 1781 ad
555 1756 618 1781 me
639 1743 769 1781 delata
791 1749 920 1779 essent
939 1740 1146 1778 scribenda
1165 1740 1216 1777 ad
1237 1751 1305 1777 vos
1326 1738 1468 1788 putavi.

254 1810 373 1860 Regis
397 1808 586 1849 Antiochi
611 1806 872 1857 Commageni
901 1805 1015 1856 legati
1043 1804 1157 1855 primi
1182 1803 1277 1841 mihi
1298 1804 1526 1842 nuntiarunt
1544 1818 1568 1846 2

144 1887 180 1918 15
200 1876 432 1913 Parthorum
480 1887 641 1924 magnas
680 1873 814 1923 copias
856 1872 1098 1921 Euphratem
1137 1868 1298 1907 transire
1336 1869 1523 1919 coepisse.

200 1941 292 1989 Quo
314 1941 452 1978 nuntio
479 1941 622 1986 adlato,
645 1952 736 1977 cum
764 1946 894 1977 essent
923 1950 1003 1975 non
1028 1934 1124 1973 nulli
1145 1934 1212 1984 qui
1238 1934 1273 1972 ei
1300 1934 1378 1983 regi
1406 1934 1530 1972 mino-

199 2019 279 2044 rem
302 2007 420 2044 fidem
448 2006 674 2043 habendam
702 2011 894 2054 putarent,
919 2001 1035 2040 statui
1062 2000 1370 2050 exspectandum
1391 2012 1476 2038 esse
1497 1999 1527 2037 si

6 2083 8 2113 l
200 2070 295 2120 quid
317 2070 458 2108 certius
478 2070 700 2108 adferretur.
762 2070 807 2105 A.
831 2069 868 2106 d.
892 2079 969 2104 xm
998 2068 1047 2104 K.
1072 2066 1172 2112 Oct.‚
1196 2078 1285 2103 cum
1315 2063 1528 2102 exercitum

6 2131 7 2135 ¹
201 2135 240 2172 in
269 2135 447 2174 Ciliciam
478 2136 675 2179 ducerem,
699 2132 738 2170 in
761 2132 904 2170 finibus
933 2130 1154 2180 Lycaoniae
1184 2138 1222 2168 et
1250 2129 1528 2179 Cappadociae

144 2213 184 2235 20
203 2199 297 2237 mihi
318 2199 467 2237 litterae
488 2198 664 2236 redditae
692 2204 781 2235 sunt
801 2210 823 2234 a
844 2195 1166 2241 Tarcondimoto,
1189 2194 1256 2244 qui
1277 2193 1528 2232 fidelissimus

200 2264 330 2302 socius
372 2271 477 2302 trans
515 2264 690 2300 Taurum
729 2260 1068 2310 amicissimusque
1107 2273 1142 2309 p.
1185 2261 1231 2297 R.
1273 2259 1523 2306 existimatur,

201 2331 393 2367 Pacorum
432 2326 557 2367 Orodi
595 2326 694 2377 regis
733 2327 966 2364 Parthorum
1007 2324 1129 2362 filium
1177 2337 1267 2362 cum
1313 2337 1526 2374 permagno

200 2393 375 2444 equitatu
409 2392 591 2430 Parthico
626 2391 808 2430 transisse
844 2391 1086 2440 Euphratem
1121 2397 1158 2427 et
1192 2397 1316 2427 castra
1350 2389 1527 2439 posuisse

200 2459 347 2508 Tybae,
393 2471 658 2508 magnumque
704 2457 915 2494 tumultum
964 2468 1048 2493 esse
1096 2454 1134 2492 in
1177 2454 1376 2504 provincia
1421 2453 1529 2503 Syria
