1791 2796
114 149 232 186 XIII.
253 148 361 184 xxix
620 145 674 182 M.
708 143 877 205 TVLLI
909 142 1216 182 CICERONIS

225 270 252 308 4
272 259 409 310 potuit.
472 259 574 297 Cum
602 257 817 308 signaretur
845 263 1049 307 argentum
1071 254 1317 306 Apolloniae,
1340 268 1421 293 non
1442 268 1603 305 possum

269 325 401 366 dicere
435 338 525 363 eum
555 323 768 374 praefuisse
798 336 927 373 neque
957 334 1119 373 possum
1148 333 1290 371 negare
1318 320 1500 370 adfuisse,
1535 322 1604 359 sed

268 405 348 429 non
379 392 466 441 plus
493 389 650 428 duobus
681 396 748 427 aut
773 388 896 427 tribus
926 386 1139 426 mensibus.
1203 385 1360 424 Deinde
1387 383 1483 424 afuit
1503 398 1526 424 a
1545 398 1605 424 ca-

267 456 353 495 stris
368 471 377 503 3
407 455 503 505 fugit
520 467 639 492 omne
657 453 870 504 negotium.
914 454 1006 491 Hoc
1024 451 1121 490 mihi
1137 459 1179 489 ut
1195 451 1285 490 testi
1305 449 1421 490 velim
1443 451 1579 489 credas
1595 465 1604 498 ;

267 534 395 560 meam
435 519 540 558 enim
576 519 639 557 ille
671 517 906 557 maestitiam
938 517 977 555 in
1011 517 1077 555 illo
1110 516 1215 555 bello
1245 515 1415 563 videbat,
1448 529 1603 554 mecum

266 586 399 625 omnia
419 584 751 624 communicabat.
814 585 954 634 Itaque
975 581 1129 621 abdidit
1152 595 1192 620 se
1214 581 1253 619 in
1274 580 1452 620 intimam
1476 582 1606 620 Mace-

266 652 438 698 doniam,
469 664 549 701 quo
576 649 703 701 potuit
730 648 957 699 longissime
987 662 1009 686 a
1034 647 1179 695 castris,
1203 660 1284 685 non
1306 648 1427 686 modo
1455 655 1496 685 ut
1525 660 1606 684 non

268 725 462 768 praeesset
494 715 561 754 ulli
593 715 752 765 negotio
787 715 856 753 sed
887 714 1004 753 etiam
1042 720 1083 751 ut
1115 726 1165 751 ne
1197 711 1400 751 interesset
1431 711 1603 762 quidem.

269 785 308 821 Is
329 789 417 832 post
439 781 631 832 proelium
653 794 693 819 se
714 781 765 819 ad
786 779 989 818 hominem
1017 777 1291 825 necessarium,
1317 780 1362 816 A.
1387 777 1602 824 Plautium,

268 848 307 886 in
331 847 555 897 Bithyniam
581 846 757 885 contulit.
819 845 881 884 Ibi
907 858 998 884 eum
1026 845 1171 884 Caesar
1199 856 1289 882 cum
1314 842 1486 890 vidisset,
1509 842 1606 881 nihil

268 926 414 963 aspere,
451 912 548 950 nihil
583 911 723 950 acerbe
758 911 865 958 dixit,
906 912 1077 948 Romam
1115 908 1225 947 iussit
1258 908 1399 947 venire.
1461 909 1532 947 Ille
1566 908 1606 946 in

270 979 452 1017 morbum
488 977 679 1015 continuo
713 975 862 1022 incidit,
900 989 946 1014 ex
982 988 1062 1025 quo
1094 987 1175 1013 non
1211 972 1419 1012 convaluit.
1479 975 1607 1023 Aeger

271 1046 481 1094 Corcyram
512 1043 618 1081 venit
633 1057 642 1091 5
673 1041 726 1080 ibi
755 1049 812 1080 est
843 1049 1029 1079 mortuus.
1090 1041 1359 1086 Testamento,
1392 1040 1500 1089 quod
1529 1040 1608 1077 Ro-

271 1123 358 1148 mae
390 1111 512 1148 Paulo
543 1116 580 1147 et
613 1109 803 1147 Marcello
833 1106 1063 1145 consulibus
1094 1107 1247 1152 fecerat,
1281 1106 1392 1143 heres
1422 1118 1468 1143 ex
1497 1112 1606 1154 parte

271 1175 435 1215 dimidia
467 1182 505 1213 et
537 1173 648 1213 tertia
661 1181 740 1212 ¹est
769 1172 936 1223 Capito,
977 1171 1016 1210 in
1050 1178 1225 1209 sextante
1265 1178 1355 1208 sunt
1385 1169 1410 1207 ii
1438 1182 1606 1220 quorum

272 1254 359 1292 pars
381 1240 464 1279 sine
486 1241 564 1278 ulla
584 1239 817 1289 cuiusquam
840 1239 997 1289 querela
1014 1236 1172 1287 publica
1190 1243 1318 1286 potest
1339 1248 1423 1274 esse
1438 1250 1448 1283 3
1477 1248 1522 1274 ea
1550 1242 1608 1274 est

273 1308 324 1346 ad
348 1307 416 1344 HS
443 1301 571 1358 Ιίᾆᾝ.
631 1306 708 1344 Sed
730 1305 780 1343 de
801 1305 877 1342 hoc
898 1305 1043 1343 Caesar
1062 1301 1211 1341 viderit.
1413 1354 1416 1357 Δ

233 1388 257 1428 5
330 1374 400 1419 Te,
438 1372 491 1410 mi
527 1363 682 1418 Plance,
719 1384 790 1421 pro
823 1377 985 1420 paterna
1025 1367 1328 1414 necessitudine,
1365 1380 1436 1418 pro
1474 1373 1610 1404 nostro

274 1451 419 1485 amore,
443 1452 514 1488 pro
541 1436 679 1476 studiis
709 1444 747 1475 et
778 1435 885 1474 omni
914 1448 1028 1473 cursu
1056 1441 1191 1473 nostro
1217 1432 1335 1471 totius
1363 1432 1465 1471 vitae
1494 1431 1610 1470 simil-

274 1504 368 1542 limo
399 1516 492 1554 rogo
519 1510 558 1542 et
586 1516 609 1541 a
635 1510 672 1542 te
703 1501 756 1540 ita
786 1509 888 1552 peto,
913 1508 954 1539 ut
985 1499 1131 1539 maiore
1163 1512 1265 1546 cura,
1302 1498 1448 1537 maiore
1478 1496 1610 1536 studio

275 1571 423 1607 nullam
456 1568 614 1619 possim,
645 1575 687 1606 ut
716 1569 818 1606 hanc
849 1580 930 1606 rem
961 1564 1161 1615 suscipias,
1198 1577 1326 1603 meam
1362 1571 1477 1614 putes
1511 1576 1608 1610 esse,

277 1635 433 1681 enitare,
475 1635 705 1680 contendas,
742 1632 895 1671 efficias
929 1639 970 1669 ut
1010 1644 1097 1669 mea
1141 1628 1501 1675 commendatione,
1542 1636 1611 1667 tuo

278 1700 420 1747 studio,
462 1699 639 1739 Caesaris
679 1697 874 1737 beneficio
913 1696 1169 1735 hereditatem
1215 1694 1425 1745 propinqui
1465 1692 1523 1731 sui
1564 1693 1608 1732 C.

280 1766 423 1817 Capito
462 1765 649 1804 obtineat.
710 1763 856 1803 Omnia
888 1776 988 1813 quae
1022 1761 1132 1812 potui
1172 1761 1211 1799 in
1250 1762 1323 1799 hac
1363 1772 1517 1798 summa
1545 1766 1612 1796 tua

279 1832 399 1882 gratia
420 1845 464 1869 ac
486 1829 661 1881 potentia
681 1843 703 1867 a
724 1837 761 1868 te
783 1829 999 1879 impetrare,
1023 1827 1053 1866 si
1079 1826 1274 1878 petissem,
1298 1826 1398 1863 ultro
1420 1833 1456 1863 te
1477 1825 1527 1862 ad
1549 1836 1611 1862 me

235 1904 261 1941 6
281 1898 467 1937 detulisse
497 1896 657 1947 putabO,
681 1895 710 1933 si
739 1897 841 1933 hanc
868 1908 949 1933 rem
974 1894 1241 1944 impetravero.
1302 1892 1407 1929 Illud
1432 1891 1512 1928 fore
1542 1888 1612 1927 tibi

281 1963 512 2002 adiumento
547 1974 670 2011 spero,
713 1960 823 1998 cuius
863 1959 945 2010 ipse
985 1959 1130 1998 Caesar
1168 1956 1340 2007 optimus
1379 1968 1463 1994 esse
1497 1954 1614 1992 iudex

282 2036 436 2079 potest:
479 2028 641 2076 Semper
672 2027 881 2065 Caesarem
921 2023 1064 2074 Capito
1105 2021 1224 2061 coluit
1259 2028 1296 2059 et
1331 2019 1475 2059 dilexit.
1535 2020 1613 2057 Sed

282 2094 364 2144 ipse
395 2092 510 2130 huius
539 2091 590 2129 rei
618 2091 727 2129 testis
751 2098 836 2137 est,
866 2089 956 2128 novi
978 2087 1149 2127 hominis
1171 2085 1410 2125 memoriam.
1475 2085 1614 2134 Itaque

284 2158 379 2196 nihil
402 2167 439 2196 te
460 2159 587 2195 doceo
606 2171 613 2201 ;
643 2164 796 2194 tantum
818 2154 887 2193 tibi
910 2153 1054 2192 sumito
1075 2165 1145 2203 pro
1167 2151 1361 2202 Capitone
1385 2150 1490 2200 apud
1519 2150 1614 2189 Cae-

242 2233 265 2272 7
286 2237 409 2262 sarem
441 2230 634 2272 quantum
664 2221 793 2271 ipsum
824 2218 1049 2258 meminisse
1079 2217 1232 2256 senties
1309 2218 1404 2266 Ego,
1437 2215 1545 2265 quod
1574 2214 1614 2252 in

328 2340 348 2367 3
372 2333 428 2359 aut
446 2327 518 2358 HD
533 2325 738 2365 H‘vscnberg:
764 2335 805 2355 an
823 2324 862 2354 M
874 2323 962 2364 vulg.
1100 2332 1136 2361 17
1163 2321 1248 2352 'xxx'
1270 2318 1518 2350 Mendelssolm:
1545 2326 1615 2348 xxx

285 2373 371 2413 vulg.
506 2381 542 2401 21
571 2369 711 2409 nullam}
739 2379 804 2399 non
823 2367 966 2398 Lcrmb.:
993 2365 1083 2396 nulla
1106 2366 1139 2395 in
1164 2375 1199 2395 re
1217 2364 1372 2395 Starker:
1402 2362 1524 2393 nullam
1544 2370 1615 2392 rem

286 2417 336 2446 ετ]
351 2415 474 2446 nullam
492 2425 562 2445 rem
580 2418 696 2454 petere
719 2411 908 2451 lVescnbetg

1631 856 1666 878 10

1631 1513 1670 1534 20

1634 2166 1674 2196 30
