1791 2796
552 153 663 189 EPP.
697 153 773 188 Al)
807 152 1153 189 FAMILIARES
1473 151 1542 189 IX.
1564 150 1609 187 iv

181 265 410 315 loquemur:
458 265 534 303 hoc
574 263 690 302 etiam
732 265 823 301 κατὰ
860 264 1085 314 Χρύσιππον
1123 263 1274 301 δυνατόν
1311 269 1378 300 est.
1453 263 1514 299 De

180 328 348 370 †Coctio
378 328 471 367 mihi
497 336 649 379 gratum
677 336 734 367 est
750 343 759 375 3
789 341 879 366 nam
908 327 948 367 id
976 327 1093 366 etiam
1116 326 1248 366 Attico
1270 327 1509 365 mandaram.

180 396 243 432 'I‘u
273 393 303 431 si
334 393 462 432 minus
493 394 544 432 ad
572 407 654 440 nos,
686 406 751 431 nos
774 406 1023 432 accurremus
1049 393 1100 431 ad
1129 400 1165 431 te
1180 406 1190 440 3
1229 391 1260 430 si
1287 393 1444 430 hortum
1473 390 1512 428 in

181 459 432 508 bybliotheca
452 459 583 505 habes
608 458 731 498 deerit
755 458 863 497 nihil.

143 622 160 652 5
223 613 263 646 V
506 617 574 648 Ser.
594 616 721 648 Romae
737 617 780 647 1'n.
801 627 843 647 m.
865 615 939 647 Iun.
960 627 989 647 α.
1014 619 1073 657 702³=
1092 616 1178 657 (46:-

275 672 279 675 ’
626 694 800 725 emmo
824 694 1053 726 VARRONI.

237 772 337 810 Mihi
368 787 458 811 vero
483 774 533 811 ad
560 775 696 811 Nonas
723 773 822 812 benc
849 781 1044 811 maturum
1072 772 1226 812 videtur
1257 774 1348 820 fore,
1381 786 1510 823 neque
1530 786 1546 812 1

181 839 307 876 solum
329 846 486 889 propter
507 838 560 877 rei
580 852 615 889 p.
636 840 705 877 sed
730 838 847 876 etiam
870 846 1027 890 propter
1047 838 1141 877 anni
1163 846 1317 890 tempus
1335 853 1344 887 3
1374 853 1451 889 qua
1472 853 1512 876 re

181 901 297 940 istum
329 902 435 941 diem
467 903 602 953 probo,
637 902 769 954 itaque
803 904 975 942 eundem
1015 903 1098 953 ipse
1137 917 1287 954 sequar.
1362 903 1511 943 Consili
1531 916 1555 943 2

124 982 162 1004 10
181 967 311 1014 nostri,
335 982 384 1006 ne
406 967 437 1005 si
458 981 526 1007 eos
546 967 720 1018 quidem,
744 967 811 1019 qui
832 968 872 1006 id
897 967 1021 1006 secuti
1046 982 1126 1007 non
1154 977 1254 1015 sunt,
1279 983 1358 1008 non
1383 967 1514 1020 paeni-

182 1039 288 1079 teret,
312 1032 427 1072 nobis
448 1032 732 1083 paenitendum
753 1040 931 1083 putarem
950 1048 958 1080 3
988 1033 1112 1072 secuti
1136 1033 1242 1071 enini
1269 1048 1404 1072 sumus
1431 1048 1513 1073 non

181 1110 291 1147 spem
330 1099 401 1136 sed
439 1097 624 1145 officium,
665 1097 893 1148 reliquimus
936 1106 1069 1137 autem
1112 1112 1193 1137 non
1222 1098 1403 1138 officium
1443 1100 1513 1138 sed

181 1162 507 1214 desperationem.
580 1165 641 1201 Ita
678 1162 979 1202 verecundiores
1025 1163 1169 1202 fuimus
1209 1177 1327 1213 quam
1366 1164 1434 1215 qui
1472 1179 1514 1203 se

182 1228 303 1267 domo
328 1242 409 1268 non
435 1235 745 1274 commoverunt,
769 1227 942 1267 saniores
964 1228 1172 1279 quarnqui
1198 1228 1350 1267 amissis
1371 1229 1513 1280 opibus

124 1307 160 1338 15
182 1293 345 1332 domum
368 1307 447 1332 non
469 1301 716 1332 reverterunt.
768 1294 845 1332 Sed
867 1293 963 1331 nihil
985 1293 1114 1331 minus
1135 1295 1216 1332 fero
1237 1307 1356 1344 quam
1377 1295 1513 1333 severi-

183 1365 301 1397 tatem
323 1358 539 1398 otiosorum
560 1367 609 1406 et,
632 1372 793 1410 quoquo
825 1360 946 1397 modo
971 1373 1011 1397 se
1036 1373 1095 1398 res
1122 1359 1251 1405 habet,
1276 1359 1398 1409 magis
1425 1349 1511 1399 illos

181 1437 324 1470 vereor,
359 1424 426 1475 qui
460 1423 499 1462 in
536 1413 639 1463 bello
679 1424 918 1471 occiderunt,
955 1437 1074 1474 quam
1114 1425 1186 1463 hos
1225 1437 1330 1471 curo,
1367 1424 1510 1476 quibus

181 1502 261 1527 non
287 1488 378 1527 satis
403 1488 577 1535 facinus,
602 1488 694 1539 quia
714 1488 889 1527 vivimus.
953 1488 1054 1526 Mihi
1082 1487 1113 1526 si
1140 1488 1309 1539 spatium
1331 1489 1444 1528 fuerit
1471 1489 1510 1528 in
1531 1499 1554 1535 3

182 1554 452 1593 Tusculanum
492 1562 583 1592 ante
634 1556 771 1593 Nonas
812 1553 1006 1600 veniendi,
1051 1553 1137 1592 istic
1178 1561 1215 1592 te
1258 1553 1402 1593 videbo
1421 1569 1429 1601 ;
1480 1554 1510 1593 si

125 1635 161 1655 κο
182 1619 322 1667 minus,
345 1633 554 1671 persequar
575 1619 615 1659 in
637 1622 863 1660 Cumanum
885 1628 923 1659 et
943 1628 1034 1659 ante
1059 1627 1096 1659 te
1124 1619 1327 1660 certiorem
1358 1619 1510 1667 faciam,

181 1692 223 1723 ut
244 1683 385 1740 lavatio
406 1693 539 1736 parata
559 1685 618 1724 sit.

193 1836 202 1850 ³
222 1836 291 1873 vV·1
360 1849 363 1851 ·
393 1839 463 1872 Ser.
482 1839 612 1872 Romae
627 1840 710 1872 inter
720 1840 771 1872 ‚tii
783 1843 812 1873 ct
826 1840 872 1872 vii
885 1840 929 1872 Κ.
942 1840 1060 1880 Quint.
1081 1850 1111 1871 a.
1135 1840 1309 1881 708·<4,όῦ,;
1450 1852 1470 1875 1

627 1918 801 1949 crcERo
825 1902 1056 1950 VARRoNr.

237 1994 426 2035 Caninius
448 2003 579 2034 noster
600 2009 662 2033 me
684 1995 758 2034 tuis
779 1995 906 2033 verbis
927 1995 1146 2043 admonuit,
1168 2003 1209 2034 ut
1231 1995 1438 2036 scriberem
1460 1998 1511 2036 ad
1532 2005 1548 2031 1

125 2070 162 2102 25
183 2068 233 2106 te,
267 2059 297 2097 si
337 2060 432 2110 quid
472 2068 572 2098 esset
611 2061 719 2110 quod
758 2068 933 2110 putarem
975 2068 1011 2099 te
1046 2060 1142 2098 scire
1181 2068 1370 2110 oportere.
1443 2063 1512 2099 Est

182 2124 295 2174 igitur
324 2126 516 2164 adventus
544 2124 721 2164 Caesaris
748 2125 895 2165 scilicet
922 2125 961 2162 in
989 2124 1293 2175 exspectatione,
1315 2139 1443 2175 neque
1472 2133 1511 2162 tu

182 2189 221 2228 id
242 2190 405 2240 ignoras.
465 2192 543 2229 Sed
565 2199 710 2238 tamen,
730 2204 820 2229 cum
842 2190 904 2230 ille
926 2190 1155 2241 scripsisset,
1176 2198 1217 2228 ut
1238 2189 1390 2240 opinor,
1411 2203 1450 2228 sc
1472 2189 1510 2227 in

183 2255 363 2295 Alsiense
389 2258 610 2304 venturum,
638 2255 873 2306 scripserunt
898 2257 948 2294 ad
978 2269 1069 2294 eum
1101 2255 1160 2293 sui
1188 2269 1238 2293 ne
1269 2254 1309 2293 id
1342 2255 1511 2301 facerct3

227 2371 246 2390 2
271 2361 415 2392 Cocceio
442 2360 604 2392 Corradus
737 2371 757 2399 3
782 2370 842 2391 nos
863 2360 939 2391 add.
971 2359 1047 2391 Vsct.
1182 2370 1200 2397 4
1226 2358 1452 2398 bybliotheca,
1473 2358 1510 2396 cs.

185 2403 229 2434 ad
243 2404 296 2435 vii.
314 2414 364 2443 23.
385 2415 404 2435 2
540 2406 580 2435 16
603 2404 703 2436 habet
726 2404 844 2436 Lamb.
864 2416 871 2435 2
902 2404 1041 2435 haberet
1065 2401 1154 2434 codd.
1292 2403 1332 2432 26
1358 2401 1514 2433 Caesaris

184 2447 310 2478 scilicet
326 2447 384 2479 del.
406 2447 484 2479 Vsct.
