1791 2796
156 132 228 170 IV.
253 131 331 170 xiv
652 133 707 171 M.
740 134 909 171 TVLLI
941 133 1248 172 CIFERONIS

325 267 435 304 XIV
689 270 759 303 Ser.
781 270 908 302 Romae
923 271 966 303 in.
987 283 1016 303 α.
1040 274 1101 311 708
1120 272 1206 313 (46³,

588 349 631 381 M.
660 349 834 381 CICERO
861 350 896 382 S.
926 350 963 381 Ι).
994 350 1064 381 CN.
1094 349 1310 383 PLANCIO.

246 429 263 457 1
337 426 455 465 Binas
476 440 499 466 a
519 434 556 466 te
576 427 711 478 accepi
733 427 877 466 litteras
900 428 1094 478 Corcyrae
1124 429 1259 477 datas,
1297 442 1462 479 quarum
1488 428 1617 468 alteris

282 491 378 530 mihi
398 493 656 543 gratulabare‚
677 494 787 543 quod
813 493 990 532 audisses
1018 507 1082 532 me
1111 507 1239 533 meam
1267 494 1469 545 pristinam
1495 494 1619 546 digni-

281 565 402 597 tatem
429 558 619 605 obtinere,
645 558 774 597 alteris
803 559 964 598 dicebas
991 567 1029 598 te
1055 561 1165 607 velle,
1189 573 1289 610 quae
1316 559 1492 611 egissem,
1515 561 1618 599 bene
1639 569 1654 599 5

282 632 320 663 et
347 623 509 662 feliciter
533 624 698 663 evenire.
761 627 846 675 Ego
872 633 1017 672 autem,
1039 625 1071 663 si
1095 625 1264 675 dignitas
1288 633 1346 664 est
1361 626 1477 664 'bene
1501 627 1552 664 de
1578 640 1618 665 re

282 690 441 742 publica
470 691 614 729 sentire
641 699 679 729 et
705 691 820 729 bonis
841 691 930 729 viris
955 692 1121 742 probare
1142 693 1251 742 quod
1278 691 1432 739 sentias,
1456 691 1618 730 obtineo

282 756 513 806 dignitatem
544 770 699 804 meam3
738 757 797 795 sin
827 766 960 796 autem
990 757 1029 795 in
1059 771 1107 796 eo
1137 757 1304 807 dignitas
1335 765 1403 805 est,
1435 757 1476 804 si,
1509 758 1618 808 quod

282 821 437 870 sentias,
471 831 538 861 aut
572 836 611 861 re
643 823 796 862 efficere
828 823 954 874 possis
985 831 1053 862 aut
1086 823 1259 873 denique
1290 823 1411 862 libera
1442 823 1618 862 oratione

282 889 504 936 defendere,
533 902 582 927 ne
609 889 815 940 vestigium
845 889 1008 940 quidem
1038 891 1162 928 ullum
1191 897 1249 928 est
1279 889 1472 939 reliquum
1502 888 1617 928 nobis

282 954 492 1004 dignitatis,
522 955 727 1005 agiturque
757 957 964 1005 praeclare,
993 955 1025 993 si
1055 963 1210 993 nosmet
1240 955 1345 1005 ipsos
1372 968 1503 1005 regere
1532 968 1619 1005 pos-

283 1033 429 1067 sumuS,
453 1028 495 1058 ut
525 1034 582 1067 ea,
612 1034 713 1071 quae
743 1020 885 1071 partim
914 1020 992 1058 iam
1021 1021 1176 1068 adsunt,
1200 1020 1341 1070 partim
1371 1020 1616 1070 impendent,

284 1087 486 1125 moderate
519 1087 689 1125 feramus
707 1101 717 1135 5
757 1087 866 1137 quod
898 1094 956 1125 est
987 1086 1144 1125 difficile
1175 1085 1215 1124 in
1246 1086 1329 1124 eius
1360 1085 1469 1125 modi
1501 1086 1617 1133 bello,

283 1151 394 1190 cuius
415 1151 539 1191 exitus
561 1166 607 1191 cx
627 1154 746 1191 altera
771 1160 879 1203 parte
906 1153 1069 1191 caedem
1097 1159 1277 1199 ostentet,
1301 1165 1347 1190 ex
1367 1153 1487 1190 altera
1507 1150 1620 1189 servi-

239 1224 418 1256 2tutem.
479 1218 572 1266 Quo
612 1217 651 1256 in
691 1217 866 1268 periculo
905 1231 986 1256 non
1025 1217 1122 1255 nihil
1161 1230 1224 1255 me
1257 1218 1493 1264 consolatur,
1527 1229 1617 1255 cum

283 1284 467 1323 recordor
505 1285 603 1323 haec
643 1298 706 1322 me
741 1292 824 1322 tum
859 1283 1013 1332 vidisse,
1051 1297 1141 1322 cum
1181 1284 1375 1322 secundas
1407 1283 1524 1322 etiam
1559 1296 1618 1322 res

283 1358 446 1397 nostras,
481 1364 562 1388 non
601 1351 723 1389 modo
757 1351 940 1389 adversas
979 1350 1306 1401 pertimescebam
1341 1350 1616 1399 videbamque,

282 1423 432 1465 quanto
452 1415 627 1465 periculo
648 1416 698 1454 de
719 1415 800 1453 iure
822 1415 982 1466 publico
1003 1415 1286 1465 disceptaretur
1304 1414 1445 1462 armis,
1475 1414 1619 1465 quibus

282 1481 314 1519 si
341 1481 366 1519 ii
391 1481 585 1529 vicissent,
614 1483 665 1520 ad
693 1495 792 1532 quos
823 1495 896 1532 ego
926 1481 1032 1532 pacis
1063 1495 1142 1532 spe,
1173 1495 1253 1520 non
1283 1481 1375 1519 belli
1402 1480 1618 1531 cupiditate

281 1547 478 1585 adductus
499 1560 752 1594 accesseram,
773 1555 905 1586 tamen
926 1546 1213 1597 intellegebam,
1230 1554 1268 1585 et
1289 1546 1473 1585 iratorum
1495 1545 1618 1585 homi-

284 1626 379 1651 num
419 1620 457 1651 et
495 1612 730 1663 cupidorum
770 1621 808 1652 et
848 1613 1101 1652 insolentium
1148 1626 1266 1663 quam
1310 1612 1478 1651 crudelis
1516 1621 1618 1652 esset

283 1680 412 1717 futura
449 1678 620 1725 victoria,
662 1678 722 1717 sin
760 1686 892 1717 autem
924 1679 1015 1717 victi
1054 1686 1195 1726 essent,
1232 1686 1402 1729 quantus
1440 1678 1618 1717 interitus

283 1752 385 1783 esset
415 1746 566 1783 futurus
596 1744 740 1783 civium
773 1745 914 1795 partim
947 1744 1294 1794 amplissimorum,
1328 1744 1467 1795 partim
1499 1743 1618 1782 etiam

284 1810 536 1860 optimorum,
563 1810 630 1860 qui
661 1824 724 1849 me
753 1812 851 1849 haec
880 1810 1172 1860 praedicentem
1202 1818 1320 1860 atque
1350 1809 1499 1859 optime
1526 1822 1618 1848 con—

285 1876 478 1913 sulentem
499 1875 612 1913 saluti
638 1889 731 1914 suae
762 1875 962 1914 malebant
991 1875 1155 1914 nimium
1180 1874 1364 1926 timidum
1385 1888 1504 1925 quam
1525 1874 1617 1914 satis

285 1941 519 1990 prudentem
541 1939 761 1979 existimari.
943 1946 946 1948 ’
1070 1932 1073 1935 ’

242 2019 267 2055 3
340 2005 460 2053 Quod
490 2013 622 2043 autem
654 2005 749 2044 mihi
779 2007 829 2045 de
859 2019 917 2053 eo,
942 2008 1050 2056 quod
1080 2006 1235 2057 egerim,
1257 2005 1468 2056 gratularis,
1498 2013 1536 2044 te
1566 2005 1618 2043 ita

284 2071 383 2108 velle
415 2077 521 2108 certo
551 2069 660 2117 scio,
700 2071 770 2109 sed
802 2084 874 2120 ego
907 2079 985 2109 tam
1019 2071 1160 2110 misero
1192 2079 1368 2121 tempore
1398 2070 1494 2108 nihil
1526 2070 1617 2108 novi

284 2134 423 2173 consili
458 2134 662 2184 cepissem,
700 2135 771 2173 nisi
813 2136 851 2173 in
887 2136 1012 2174 reditu
1053 2150 1142 2174 meo
1181 2136 1304 2174 nihilo
1339 2135 1517 2174 meliores
1556 2148 1615 2174 res

1642 904 1679 927 10

1643 1230 1678 1261 15

1639 1558 1679 1579 20

1639 1882 1678 1914 25

285 2199 521 2239 domesticas
543 2213 660 2250 quam
682 2215 762 2239 rem
785 2201 982 2251 publicam
1010 2201 1272 2240 offendissem.
1333 2201 1488 2250 Quibus
1508 2200 1614 2239 enim
1635 2208 1675 2239 30

285 2278 355 2316 pro
388 2265 484 2304 meis
519 2265 803 2304 immortalibus
843 2266 1044 2305 beneficiis
1082 2265 1281 2305 carissima
1318 2279 1406 2304 mea
1442 2267 1546 2304 salus
1577 2273 1616 2304 et

329 2379 350 2408 3
374 2369 526 2409 Corcyra
544 2368 791 2409 Manyni-Lag.
904 2380 940 2407 14
967 2369 1131 2403 ostentet]
1151 2367 1223 2400 Ml:
1244 2374 1306 2401 -tat
1323 2368 1420 2410 M1‘G‚
1431 2369 1511 2410 sort.
1530 2373 1615 2411 recte,

285 2412 324 2451 cy:
343 2412 383 2444 iv.
407 2423 453 2444 11.
475 2424 494 2443 2
519 2413 697 2454 xcarebam)
716 2425 722 2444 z
748 2414 904 2444 ostendat
922 2413 955 2443 R
