1791 2796
112 128 196 165 νΙΙΙ.
215 127 293 164 viii
613 126 669 163 M.
702 126 870 163 TVLLI
902 124 1210 164 CICERONIS

242 239 309 289 qui
338 240 434 277 haec
465 238 680 288 disputant,
703 250 822 287 quam
853 236 883 275 si
914 236 1024 275 cuius
1053 249 1165 274 aures
1195 236 1245 273 ad
1276 236 1379 273 hane
1408 234 1577 286 disputa-

196 306 223 344 4
243 304 392 344 tionem
427 312 572 355 patent.
633 305 787 342 Rornae
818 301 1026 353 composui
1057 301 1260 349 edictum3
1303 300 1400 339 nihil
1428 300 1577 347 addidi,

242 370 317 409 nisi
362 371 471 420 quod
510 369 712 420 publicani
751 382 814 407 me
859 375 1053 420 rogarunt,
1095 380 1185 406 cum
1225 368 1387 406 Samum
1425 367 1476 405 ad
1515 379 1579 405 me

242 435 453 483 venissent,
484 443 526 474 ut
558 436 608 474 de
638 443 706 473 tuo
738 434 870 473 edicto
904 433 1070 473 totidem
1099 431 1227 472 verbis
1259 433 1504 471 transferrem
1538 430 1579 469 in

243 515 387 540 meum.
451 499 760 550 Diligentissime
795 499 983 550 scriptum
1017 506 1136 550 caput
1169 505 1238 545 est,
1272 498 1381 548 quod
1412 496 1615 548 pertinet5

242 567 294 605 ad
333 566 571 605 minuendos
610 573 790 615 sumptus
829 564 1040 603 civitatum.
1115 565 1208 612 Quo
1246 562 1286 601 in
1324 562 1451 613 capite
1489 569 1580 601 sunt

243 632 439 681 quaedam
462 644 565 670 nova
585 629 767 669 salutaria
788 629 1022 677 civitatibus,
1039 628 1182 680 quibus
1203 642 1276 679 ego
1297 641 1441 678 magno
1460 641 1580 678 opere

243 697 419 735 delector
434 711 442 744 3
472 698 549 735 hoc
569 709 671 743 vero,
696 709 743 734 ex
769 709 849 746 quo
879 694 1052 746 suspicio
1079 701 1170 733 nata
1197 701 1255 732 est
1282 707 1346 732 me
1366 692 1580 744 exquisisse

242 761 392 812 aliquid
415 761 454 799 in
476 775 555 812 quo
577 769 615 800 te
635 762 892 808 offenderem,
913 759 1146 799 tralaticium
1174 767 1242 798 est.
1305 760 1447 810 Neque
1473 757 1579 797 enim

243 841 349 866 eram
380 835 460 866 tam
493 827 705 878 desipiens,
735 834 778 865 ut
809 826 982 878 privatae
1011 825 1065 865 rei
1094 839 1213 865 causa
1241 824 1358 875 legari
1387 832 1576 876 putarem,
1603 839 1639 860 ιο

243 893 311 943 qui
346 901 383 932 et
423 892 494 931 tibi
529 907 609 932 non
644 892 797 943 privato
831 900 870 931 et
903 905 975 942 pro
1012 905 1053 930 re
1091 905 1172 929 non
1212 889 1361 941 privata
1393 903 1476 938 sua,
1508 890 1579 929 sed

244 958 412 1009 publica,
437 972 518 997 non
539 957 578 996 in
600 957 761 1008 privato,
785 958 855 996 sed
883 956 922 995 in
946 956 1107 1007 publico
1128 956 1232 994 orbis
1258 963 1380 994 terrae
1399 955 1577 1002 consilio,

244 1023 284 1062 id
319 1034 376 1063 est
408 1024 447 1061 in
481 1032 634 1071 senatu,
663 1031 705 1062 ut
736 1022 876 1073 gratias
909 1029 1082 1073 agerent,
1112 1021 1367 1060 mittebantur
1384 1035 1393 1068 ;
1435 1034 1576 1071 neque,

244 1103 335 1128 cum
357 1088 459 1128 edixi
487 1102 537 1127 ne
564 1088 651 1139 quis
681 1088 831 1127 iniussu
862 1101 951 1126 meo
981 1087 1304 1138 proficisceretur,
1325 1085 1470 1125 exclusi
1498 1099 1577 1133 eos,

244 1154 311 1205 qui
334 1168 396 1193 me
417 1153 456 1192 in
478 1161 603 1192 castra
623 1161 661 1192 et
682 1153 749 1203 qui
777 1162 881 1191 trans
902 1154 1078 1190 Taurum
1099 1150 1279 1202 persequi
1300 1164 1380 1189 non
1402 1158 1575 1201 possent.
1602 1159 1638 1192 15

245 1222 350 1259 Nam
371 1220 411 1259 id
433 1228 491 1258 est
513 1219 681 1257 maxime
703 1218 741 1257 in
763 1218 839 1257 tuis
860 1217 995 1257 litteris
1020 1216 1282 1255 inridendum.
1344 1215 1453 1265 Quid
1473 1215 1579 1254 enim

244 1294 338 1334 erat,
372 1286 481 1336 quod
521 1299 584 1324 me
622 1291 949 1335 persequerentur
979 1282 1018 1321 in
1050 1289 1175 1321 castra
1205 1283 1430 1319 Taurumve
1461 1288 1580 1319 trans-

245 1351 357 1398 irent,
378 1364 468 1389 cum
491 1364 564 1401 ego
587 1349 786 1388 Laudicea
807 1362 931 1399 usque
955 1349 1007 1387 ad
1029 1347 1211 1386 Iconium
1236 1346 1307 1385 iter
1331 1345 1383 1384 ita
1407 1345 1580 1394 fecerim,

245 1424 287 1454 ut
315 1430 377 1454 me
407 1415 586 1454 omnium
616 1415 768 1453 illarum
799 1413 1055 1461 dioecesium,
1076 1426 1177 1463 quae
1204 1411 1259 1451 cis
1279 1413 1454 1450 Taurum
1476 1419 1580 1459 sunt,

245 1481 504 1531 omniumque
557 1494 691 1519 earum
741 1479 942 1518 civitatum
992 1478 1237 1528 magistratus
1285 1476 1579 1528 legationesque
1602 1491 1640 1513 20

201 1550 226 1588 5
246 1547 530 1586 convenirent?
569 1546 642 1585 nisi
667 1547 764 1585 forte
795 1554 932 1596 postea
961 1552 1176 1595 coeperunt
1205 1545 1333 1594 legare
1362 1557 1481 1594 quam
1506 1557 1579 1594 ego

246 1614 419 1650 Taurum
451 1620 711 1661 transgressus
741 1625 852 1657 sum;
893 1611 1001 1661 quod
1032 1617 1135 1648 certe
1165 1622 1244 1647 non
1271 1608 1323 1646 ita
1347 1616 1414 1647 est.
1475 1609 1579 1647 Cum

246 1677 350 1715 enim
384 1677 619 1724 Laudiceae,
649 1690 739 1715 cum
771 1678 985 1726 Apameae,
1015 1689 1105 1713 cum
1137 1673 1344 1724 Synnadis,
1373 1687 1464 1712 cum
1494 1673 1580 1711 Phi-

246 1742 392 1789 lomeli,
413 1756 503 1780 cum
527 1741 639 1780 Iconi
670 1754 810 1788 essem,
831 1740 974 1790 quibus
1005 1740 1044 1778 in
1075 1739 1230 1790 oppidis
1260 1738 1445 1778 omnibus
1475 1752 1580 1777 com-

247 1814 419 1845 moratus
459 1820 559 1853 sum,
593 1820 732 1844 omnes
771 1805 847 1843 iam
887 1805 997 1844 istius
1036 1804 1187 1855 generis
1221 1804 1435 1855 legationes
1470 1811 1578 1843 erant
1601 1818 1639 1848 25

246 1871 492 1909 constitutae.
552 1873 684 1920 Atque
717 1871 792 1908 hoc
825 1878 956 1908 tamen
992 1878 1029 1908 te
1063 1869 1160 1908 scire
1187 1870 1295 1920 yolo,
1327 1883 1390 1907 me
1421 1869 1471 1907 de
1505 1868 1579 1907 isto

247 1944 405 1985 sumptu
428 1935 666 1984 legationum
687 1943 754 1973 aut
777 1935 994 1973 minuendo
1014 1927 1082 1973 aut
1102 1933 1340 1973 remittendo
1361 1933 1579 1972 decrevisse

248 2000 300 2037 nil
331 1999 402 2037 nisi
431 2001 540 2049 quod
568 1999 763 2049 principes
794 1999 995 2037 civitatum
1023 2013 1045 2037 a
1071 2013 1132 2037 me
1162 2000 1439 2049 postulassent,
1460 2012 1509 2036 ne
1539 1997 1578 2035 in

247 2064 770 2103 venditionemtributorum
798 2072 835 2102 et
863 2060 968 2102 illam
996 2063 1289 2101 acerbissimam
1320 2062 1578 2109 exactionem,

247 2142 366 2179 quam
388 2137 428 2166 tu
451 2142 530 2167 non
559 2128 725 2178 ignoraS,
746 2128 919 2178 capitum
944 2137 1062 2178 atque
1089 2128 1278 2166 ostiorum
1300 2127 1579 2165 inducerentur
1599 2142 1640 2172 30

247 2202 426 2243 sumptus
466 2193 627 2231 minime
667 2192 883 2231 necessarii.
950 2195 1035 2242 Ego
1073 2201 1218 2240 autem,
1256 2205 1346 2230 cum
1386 2183 1462 2229 hoc
1500 2204 1579 2229 sus-

247 2258 437 2309 cepissem
461 2272 539 2296 non
569 2259 696 2296 solum
724 2257 880 2303 iustitia,
902 2259 970 2296 sed
999 2257 1114 2296 etiam
1144 2255 1409 2295 misericordia
1434 2256 1578 2294 adduc-

247 2334 322 2372 tus,
339 2332 379 2363 ut
400 2326 567 2363 levarem
591 2323 753 2361 miseriis
774 2323 944 2373 perditas
966 2323 1140 2362 civitates
1162 2330 1198 2361 et
1220 2321 1390 2373 perditas
1411 2320 1578 2359 maxime

247 2403 315 2440 per
340 2389 585 2440 magistratus
616 2401 721 2436 suos,
742 2401 820 2426 non
853 2387 960 2438 potui
992 2387 1030 2426 in
1061 2387 1127 2426 illo
1157 2395 1316 2438 sumptu
1343 2399 1423 2425 non
1448 2399 1578 2424 neces-
