1791 2796
161 129 222 166 IV
256 130 316 166 vii
626 128 682 165 M.
715 127 886 165 TVLLI
918 125 1225 165 CICERONIS

257 238 297 278 id
323 253 477 290 semper
506 239 577 289 egi,
610 252 660 277 ne
685 239 914 277 interessem
930 251 939 285 3
983 250 1064 276 non
1089 236 1194 276 enim
1225 237 1270 275 iis
1300 237 1416 275 rebus
1446 250 1590 288 pugna-

257 305 408 352 bamus‚
431 305 576 355 quibus
596 306 723 344 valere
743 313 980 355 poteramuS,
1003 303 1181 350 consilio,
1202 302 1444 350 auctoritate,
1459 315 1588 351 causa,

256 384 358 422 quae
379 380 487 410 erant
509 371 547 409 in
569 370 684 409 nobis
705 370 916 421 superiora,
939 370 1009 409 sed
1036 369 1188 408 lacertis
1210 377 1247 408 et
1268 368 1424 416 viribus,
1447 368 1591 419 quibus

256 450 368 487 pares
389 450 470 476 non
491 449 656 475 eramus.
717 435 823 474 Victi
844 448 980 474 sumus
1007 434 1123 486 igitur
1142 442 1220 483 aut,
1244 435 1273 473 si
1298 434 1400 473 vinci
1422 434 1591 485 dignitas

256 516 337 541 non
358 510 500 553 potest,
528 501 638 540 fracti
668 509 772 540 certe
793 508 830 539 et
857 500 1011 539 abiecti.
1072 502 1120 539 In
1142 513 1222 551 quo
1249 508 1361 539 tuum
1382 500 1590 539 consilium
1611 516 1627 547 5

256 581 375 606 nemo
402 575 532 618 potest
560 580 640 605 non
669 566 838 605 maxime
862 567 1033 613 laudare,
1056 567 1165 616 quod
1195 579 1286 604 cum
1311 579 1380 616 spe
1406 565 1591 605 vincendi

255 632 372 670 simul
414 632 591 671 abiecisti
631 631 807 670 certandi
846 630 964 670 etiam
1004 630 1260 681 cupiditatem
1305 630 1591 681 ostendistique

255 697 474 748 sapientem
508 705 546 736 et
577 698 728 736 bonum
759 696 884 735 civem
915 696 1025 735 initia
1048 696 1140 735 belli
1167 694 1290 735 civilis
1319 696 1485 735 invitum
1512 710 1591 735 sus-

212 767 236 805 3
255 764 396 814 cipere,
419 772 592 802 extrema
613 763 780 801 libenter
805 776 885 800 non
913 762 1106 813 persequi.
1167 762 1247 812 Qui
1268 775 1348 801 non
1373 762 1480 801 idem
1501 775 1590 801 con-

256 829 385 868 silium
418 830 527 879 quod
559 836 601 866 tu
632 827 755 867 secuti
785 836 887 875 sunt,
911 840 980 866 eos
1009 827 1126 867 video
1156 827 1195 866 in
1225 829 1305 866 duo
1334 841 1476 879 genera
1505 841 1591 867 esse
1616 846 1650 866 10

255 895 487 942 distractos;
520 901 587 932 aut
608 893 714 932 enim
742 906 928 932 renovare
955 893 1103 932 bellum
1128 893 1258 932 conati
1283 902 1384 940 sunt,
1407 893 1432 932 ii
1461 893 1529 943 qui
1549 907 1591 932 se

254 959 295 998 in
328 959 500 998 Africam
535 961 797 1007 contulerunt,
833 967 900 998 aut
929 972 1049 1009 quem
1077 960 1128 998 ad
1159 960 1323 998 modum
1353 972 1425 997 nos
1454 959 1590 998 victori

255 1038 342 1064 sese
368 1024 630 1064 crediderunt.
692 1024 875 1063 Medium
905 1025 1109 1075 quoddam
1135 1032 1246 1063 tuum
1272 1024 1480 1063 consilium
1506 1024 1588 1072 fuit,

256 1089 325 1141 qui
359 1090 435 1129 hoc
469 1091 633 1129 fortasse
666 1090 826 1128 humilis
865 1089 986 1128 animi
1019 1091 1194 1137 duceres,
1236 1089 1334 1129 illud
1368 1089 1586 1140 pertinacis.

257 1158 399 1195 Fateor
418 1169 440 1195 a
461 1155 657 1207 plerisque
677 1157 739 1195 vel
760 1156 890 1196 dicam
911 1157 960 1195 ab
982 1155 1168 1195 omnibus
1190 1155 1345 1207 sapiens
1367 1163 1478 1194 tuum
1500 1169 1590 1194 con·
1613 1173 1649 1204 15

256 1222 396 1269 silium,
419 1235 442 1260 a
464 1221 595 1260 multis
616 1221 735 1261 etiarn
757 1221 888 1273 magni
908 1235 954 1260 ac
976 1221 1082 1260 fortis
1103 1221 1225 1260 animi
1246 1221 1462 1260 iudicatum
1479 1236 1490 1270 3
1520 1222 1590 1260 sed

255 1288 375 1327 habet
396 1288 469 1326 ista
489 1288 597 1335 ratio,
621 1295 664 1327 ut
686 1287 782 1326 mihi
809 1287 972 1338 quidem
1000 1287 1164 1335 videtur,
1189 1289 1389 1339 quendam
1411 1288 1587 1335 modum,

254 1354 481 1404 praesertim
513 1367 604 1392 curn
635 1353 732 1392 nihil
763 1353 833 1392 tibi
863 1354 1001 1393 deesse
1030 1353 1192 1393 arbitrer
1219 1355 1270 1392 ad
1301 1361 1386 1392 tuas
1416 1354 1589 1392 fortunas

254 1419 383 1458 omnis
415 1419 652 1458 obtinendas
681 1427 833 1469 praeter
863 1421 1116 1458 voluntatem.
1176 1419 1240 1458 Sic
1269 1418 1375 1458 enirn
1406 1418 1588 1466 intellexi,

255 1483 352 1522 nihil
372 1483 479 1522 aliud
501 1497 586 1523 esse
607 1485 716 1534 quod
737 1483 1027 1523 dubitationem
1054 1485 1223 1523 adferret
1253 1484 1299 1531 ei,
1322 1497 1442 1535 penes
1471 1496 1589 1534 quem
1612 1501 1651 1522 20

255 1556 313 1587 est
351 1556 535 1599 potestas,
573 1549 647 1587 nisi
686 1550 795 1600 quod
826 1557 1021 1588 vereretur
1059 1563 1108 1588 ne
1143 1557 1184 1588 tu
1223 1549 1317 1588 illud
1351 1549 1589 1589 beneficium

254 1614 419 1653 omnino
449 1627 529 1653 non
560 1623 725 1665 putares.
788 1617 849 1654 De
879 1628 958 1665 quo
990 1615 1086 1665 quid
1116 1615 1294 1663 sentiam,
1326 1615 1421 1654 nihil
1452 1615 1589 1654 attinet

209 1697 235 1734 4
255 1679 397 1726 dicere,
416 1692 507 1718 cum
528 1688 723 1731 appareat,
743 1680 826 1730 ipse
847 1680 943 1731 quid
965 1680 1133 1719 fecerim.
1194 1682 1272 1720 Sed
1293 1688 1436 1728 tamen,
1459 1680 1491 1719 si
1512 1680 1588 1719 iam

255 1745 307 1783 ita
336 1744 618 1792 constituisses,
648 1754 690 1784 ut
716 1746 855 1784 abesse
882 1753 1073 1796 perpetuo
1098 1747 1233 1785 malles
1260 1759 1379 1797 quam
1405 1759 1461 1793 ea,
1487 1759 1589 1796 quae

255 1811 389 1857 nolles,
413 1810 556 1857 videre,
581 1818 713 1849 tamen
744 1811 785 1849 id
813 1810 983 1861 cogitare
1007 1812 1185 1859 deberes,
1207 1811 1449 1862 ubicumque
1469 1824 1586 1858 esseS,
1611 1828 1646 1859 ²5

255 1883 292 1913 te
313 1876 395 1913 fore
416 1874 455 1913 in
477 1874 560 1913 eius
581 1874 713 1925 ipsius,
737 1888 856 1925 quem
879 1877 1040 1926 fugeres,
1058 1883 1261 1931 potestate.
1323 1876 1403 1926 Qui
1424 1876 1455 1915 si
1476 1876 1589 1916 facile

254 1952 437 1990 passurus
467 1947 568 1978 esset
594 1948 631 1978 te
658 1948 857 1979 carentem
886 1941 1009 1991 patria
1036 1936 1073 1980 et
1095 1941 1259 1981 fortunis
1289 1941 1364 1980 tuis
1389 1941 1521 1992 quiete
1550 1950 1588 1981 et

254 2003 376 2042 libere
414 2004 554 2051 vivere,
591 2005 846 2054 cogitandum
883 2006 953 2045 tibi
993 2014 1125 2046 tamen
1166 2015 1267 2046 esset
1304 2008 1509 2046 Romaene
1550 2015 1588 2046 et

254 2069 364 2107 domi
396 2077 497 2116 tuae,
529 2069 770 2109 cuicuimodi
801 2084 860 2109 res
891 2079 1004 2118 esset,
1041 2085 1090 2110 an
1125 2071 1325 2122 Mitylenis
1355 2080 1421 2110 aut
1453 2073 1587 2111 Rhodi

255 2135 390 2172 malles
420 2133 558 2173 vivere.
619 2136 698 2174 Sed
721 2148 810 2173 cum
832 2135 884 2175 ita
906 2137 982 2174 late
1002 2144 1133 2187 pateat
1155 2137 1237 2175 eius
1259 2144 1442 2187 potestas
1467 2150 1585 2187 quem
1608 2154 1647 2184 30

300 2249 337 2270 12
362 2238 481 2270 victori
499 2249 576 2270 sese
597 2239 673 2270 Vici.
694 2251 700 2270 :
725 2240 874 2271 victores
892 2250 969 2272 esse
986 2241 1046 2271 M:
1078 2241 1186 2272 victos
1201 2252 1238 2272 se
1256 2251 1330 2272 esse
1350 2240 1413 2271 GR
1545 2252 1587 2282 23

253 2287 379 2320 tamen,
397 2282 441 2322 si]
461 2283 594 2314 tametsi
612 2282 745 2314 Ernesti
838 2294 879 2323 29
903 2284 1104 2315 cuicuimodi
1122 2284 1242 2316 Lamb.
1259 2297 1267 2316 t
1292 2285 1476 2315 cuiusmodi
1495 2284 1587 2317 MG:

253 2326 443 2357 huiusmodi
459 2326 492 2357 R
584 2326 759 2366 Mitylenis
773 2326 830 2357 M:
858 2327 1031 2358 mitulenis
1047 2327 1092 2359 G:
1119 2328 1276 2359 mitilenis
1289 2327 1330 2358 R.
1372 2327 1462 2358 Inter
1475 2328 1585 2368 Mityl-

251 2368 406 2442 ethytil-
423 2369 539 2401 codioes
560 2374 589 2401 et
611 2371 830 2412 inscriptiones
853 2372 994 2410 variant,
1016 2372 1153 2402 nummi
1161 2372 1232 2411 fere
1246 2377 1373 2413 semper
1388 2371 1520 2411 Mytil-;
1544 2372 1583 2412 qs:

251 2423 286 2443 m
313 2424 378 2444 xm.
401 2423 452 2445 21.
470 2423 490 2453 5
