1791 2796
113 157 232 193 XIII.
254 154 362 191 xxvi
631 155 687 190 M.
719 154 887 207 TVLLI
921 149 1232 192 CICERONIS

221 265 517 316 4sumpsimu5.
589 264 808 304 Scriberem
844 278 964 315 quam
1004 264 1045 303 id
1083 264 1321 303 beneficium
1357 265 1458 303 bene
1497 265 1604 315 apud

269 331 508 369 Mescinium
544 330 742 381 positurus
774 344 889 377 esses,
924 329 998 368 nisi
1029 338 1066 368 et
1097 338 1133 368 te
1164 329 1261 368 scire
1295 331 1536 369 confiderem
1566 338 1605 369 et

267 396 362 435 mihi
385 405 569 447 peterem.
630 396 693 435 Sic
715 395 821 434 enim
843 395 959 435 velim
985 395 1194 442 existimes,
1217 409 1298 433 non
1320 394 1449 434 minus
1472 409 1533 434 me
1554 396 1604 434 de

266 462 368 501 illius
409 476 447 500 re
487 462 663 500 laborare
703 475 822 511 quam
858 460 987 515 ipsum
1022 461 1072 499 de
1106 474 1185 498 sua.
1257 461 1335 499 Sed
1370 474 1460 499 cum
1495 459 1603 498 illum

267 528 409 566 studeo
430 540 550 578 quam
578 526 761 566 facillime
788 526 839 565 ad
861 539 974 565 suum
1004 525 1205 576 pervenire
1232 532 1316 564 tum
1344 524 1441 564 illud
1468 525 1604 564 laboro
1625 537 1641 567 5

267 600 309 631 ut
338 606 419 631 non
450 591 659 631 minimum
690 592 764 630 hac
797 605 885 630 mea
915 590 1263 630 commendatione
1284 604 1325 629 se
1346 597 1604 629 consecutum

267 658 485 698 arbitretur.

312 827 492 863 XXVII
602 829 667 861 Sar.
688 830 826 868 Romae,
846 834 881 860 nt
899 829 1031 868 videtur,
1051 840 1081 860 α.
1109 832 1168 869 708
1187 830 1270 869 (46).

716 920 892 951 CICERO
920 919 1094 951 SERVIO
1122 920 1156 950 S.

233 1019 250 1045 1
325 1009 435 1049 Licet
466 1010 608 1049 eodem
639 1011 821 1060 exemplo
851 1008 1006 1059 saepius
1037 1008 1107 1048 tibi
1138 1008 1253 1046 huius
1283 1007 1434 1058 generis
1460 1008 1604 1046 litteras
1629 1021 1665 1042 ιο

270 1075 434 1121 mittam,
458 1089 548 1113 curn
569 1074 709 1125 gratias
730 1088 854 1124 agam,
879 1075 988 1124 quod
1010 1087 1116 1112 meas
1137 1073 1504 1113 commendationes
1525 1080 1604 1111 tam

269 1140 476 1191 diligenter
505 1140 689 1178 observes
711 1139 838 1189 (quod
869 1138 941 1177 feci
974 1138 1012 1177 in
1041 1138 1126 1177 aliis
1156 1146 1195 1177 et
1224 1138 1375 1185 faciam,
1406 1147 1447 1176 ut
1477 1138 1604 1183 video,

270 1205 454 1255 saepius),
478 1206 548 1243 sed
571 1212 702 1243 tamen
724 1218 804 1242 non
827 1217 983 1254 parcam
1006 1217 1147 1254 operae
1169 1211 1217 1251 et,
1241 1211 1282 1242 ut
1311 1217 1379 1242 vos
1406 1203 1539 1242 soletis
1567 1203 1605 1241 in

270 1270 455 1316 formulis,
489 1269 543 1308 sic
574 1283 646 1319 ego
677 1268 715 1307 in
747 1268 922 1319 epistulis
957 1273 1033 1307 ‘DE
1062 1281 1206 1306 EADEM
1244 1281 1298 1306 RE
1331 1280 1428 1307 AL1o
1463 1269 1606 1307 MODO.’

226 1351 250 1377 2
271 1338 315 1376 C.
340 1335 529 1374 Avianius
551 1334 666 1385 igitur
689 1333 957 1373 Hammonius
979 1333 1218 1372 incredibilis
1244 1333 1340 1371 mihi
1368 1332 1508 1384 gratias
1538 1347 1606 1384 per
1629 1347 1666 1379 ¹5

270 1402 416 1440 litteras
446 1400 522 1450 egit
553 1408 590 1439 et
621 1414 692 1439 suo
722 1408 760 1438 et
782 1399 925 1438 Aemili
947 1399 1099 1446 Aviani,
1133 1398 1287 1449 patroni
1318 1398 1387 1444 sui,
1421 1398 1606 1444 nomine;

268 1480 342 1506 nec
372 1465 569 1505 liberalius
605 1479 678 1504 nee
713 1464 1037 1504 honorificentius
1071 1464 1244 1514 potuisse
1279 1463 1430 1502 tractari
1462 1477 1533 1502 nec
1563 1477 1605 1502 se

268 1540 515 1583 praesentem
551 1545 624 1569 nec
656 1544 737 1569 rem
773 1529 1001 1568 familiarem
1035 1529 1208 1568 absentis
1242 1529 1394 1580 patroni
1424 1528 1494 1567 sui.
1556 1529 1604 1567 Id

270 1596 364 1636 mihi
387 1610 477 1635 cum
499 1596 717 1635 iucundum
746 1603 803 1635 est
831 1609 967 1648 eorum
989 1608 1117 1642 causa,
1142 1608 1242 1645 quos
1264 1593 1335 1633 tibi
1356 1608 1429 1645 ego
1450 1607 1604 1632 summa

269 1661 561 1702 necessitudine
583 1669 621 1700 et
642 1674 797 1700 summa
818 1660 1099 1700 coniunctione
1127 1661 1323 1699 adductus
1353 1660 1605 1699 commenda·
1626 1674 1665 1696 20

269 1741 411 1773 veram,
435 1728 543 1778 quod
571 1728 625 1765 M.
649 1725 842 1765 Aemilius
874 1739 974 1765 unus
1007 1733 1064 1764 est
1095 1739 1139 1764 ex
1172 1725 1268 1764 meis
1299 1724 1604 1763 familiarissimis

268 1801 387 1844 atque
420 1792 566 1831 intimis
603 1791 771 1830 maxime
806 1791 1058 1838 necessarius,
1097 1792 1218 1830 homo
1253 1798 1290 1829 et
1323 1789 1474 1841 magnis
1508 1789 1605 1828 meis

269 1857 472 1898 benefieiis
511 1857 716 1897 devinctus
756 1865 794 1896 et
835 1871 957 1908 prope
997 1856 1186 1904 omnium,
1224 1855 1290 1906 qui
1331 1855 1424 1894 mihi
1460 1855 1605 1894 debere

269 1923 418 1974 aliquid
439 1923 630 1969 videntur,
650 1923 904 1973 gratissimus,
921 1930 1004 1960 tum
1027 1923 1150 1960 multo
1173 1910 1382 1959 iucundius
1403 1928 1440 1959 te
1460 1934 1544 1958 esse
1565 1919 1604 1957 in

271 2003 333 2027 me
366 1988 429 2026 tali
463 1990 673 2035 voluntate,
712 1996 753 2026 ut
786 1989 872 2038 plus
907 1987 1030 2038 prosis
1069 1985 1205 2024 amieis
1244 1985 1341 2024 meis
1375 1999 1493 2035 quam
1533 1999 1605 2035 ego
1627 2001 1662 2031 25

271 2067 454 2104 praesens
494 2055 655 2091 fortasse
695 2054 935 2103 prodessem,
970 2053 1098 2098 credo,
1134 2052 1242 2101 quod
1274 2050 1395 2101 magis
1428 2065 1499 2100 ego
1538 2051 1606 2089 du-

273 2118 434 2156 bitarem
467 2117 562 2168 quid
599 2117 751 2156 illorum
789 2131 906 2156 eausa
941 2118 1119 2163 facerem,
1153 2130 1270 2166 quam
1305 2124 1344 2154 tu
1375 2115 1470 2166 quid
1506 2128 1601 2152 mea.

230 2191 253 2227 3
273 2184 350 2222 Sed
372 2184 447 2221 hoc
470 2197 548 2221 non
571 2183 711 2221 dubito
732 2183 825 2232 quin
855 2182 1051 2221 existimes
1079 2181 1173 2219 mihi
1199 2195 1283 2220 esse
1303 2182 1479 2231 gratum3
1508 2180 1604 2218 illud

273 2257 309 2287 te
337 2263 430 2299 rogo
452 2257 492 2286 ut
514 2248 600 2286 illos
622 2262 781 2298 quoque
808 2256 936 2297 gratos
964 2261 1048 2286 esse
1073 2246 1253 2285 homines
1274 2254 1397 2296 putes,
1421 2246 1529 2294 quod
1549 2244 1602 2282 ita

271 2328 356 2353 esse
377 2313 446 2353 tibi
468 2313 654 2364 promitto
681 2321 798 2363 atque
825 2313 1026 2351 confirmo.
1089 2313 1179 2360 Qua
1203 2325 1241 2350 re
1261 2310 1388 2357 velim,
1412 2309 1599 2360 quicquid
1619 2322 1661 2353 30

522 2429 558 2457 13
584 2429 643 2448 vos
661 2417 776 2447 soletis
797 2416 873 2448 Vnt.
892 2429 896 2446 :
924 2417 1045 2447 voletis
1064 2415 1156 2446 MD:
1183 2414 1306 2446 videtis
1323 2414 1361 2444 l·I
