1791 2796
103 127 219 165 XIII.
240 128 348 165 lxxii
620 132 673 168 M.
707 132 874 168 TVLLI
907 133 1213 170 CICERONIS

295 246 468 281 LXXII
584 250 652 282 Scr.
673 250 813 289 Romae,
832 255 868 281 nl
887 251 1019 291 vt'dslm',
1040 262 1071 283 a.
1092 254 1151 291 708
1170 253 1254 292 [4⁶]-

469 321 512 353 Μ.
541 322 718 354 CICERO
745 323 781 354 P.
808 323 1029 354 SERVILIO
1055 323 1306 354 CONLEGAE
1331 325 1366 355 S.

216 406 232 432 1
306 394 531 441 Caerelliae,
565 394 806 433 necessariae
835 409 955 442 meae,
988 409 1082 442 rem,
1109 396 1280 443 nomina,
1313 397 1583 447 possessiones

251 459 443 497 Asiaticas
475 460 752 498 commendavi
787 460 857 499 tibi
897 474 1080 510 praesens
1116 460 1154 498 in
1190 461 1311 500 hortis
1352 462 1427 501 tuis
1463 477 1581 513 quam

251 524 359 574 potui
385 524 691 575 diligentissime,
720 532 842 575 tuque
868 525 963 563 mihi
993 539 1064 576 pro
1089 533 1155 564 tua
1181 527 1468 566 consuetudine
1499 542 1583 578 pro·
1603 543 1620 575 5

250 604 327 639 que
367 590 441 628 tuis
480 590 520 628 in
560 604 623 629 me
663 590 860 641 perpetuis
900 590 1158 641 maximisque
1198 591 1337 630 officiis
1373 593 1507 631 onmia
1546 601 1583 632 te

250 656 442 694 facturum
475 655 744 694 liberalissime
780 655 970 706 recepisti.
1033 655 1265 695 Meminisse
1304 665 1341 696 te
1372 657 1413 696 id
1446 671 1585 708 sper03

250 720 332 759 scio
362 721 467 759 enim
498 722 632 759 solere.
693 721 771 759 sed
794 728 925 759 tamen
955 720 1169 760 Caerelliae
1197 730 1467 771 procuratores
1497 722 1584 761 scri-

252 794 411 836 pserunt
442 794 478 825 te
504 794 660 836 propter
686 785 998 837 magnitudinem
1027 785 1250 836 provinciae
1278 787 1585 827 multitudinem-

251 865 328 901 que
346 851 591 901 negotiorum
610 851 726 890 etiam
747 859 866 902 atque
887 851 1004 890 etiam
1027 866 1111 890 esse
1132 853 1581 892 commonefaciendum.
1607 871 1646 892 10

208 926 232 952 2
257 918 350 956 Peto
372 916 486 968 igitur
506 924 548 955 ut
570 916 793 956 memineris
816 924 852 955 te
874 916 1017 964 omnia,
1045 931 1146 967 quae
1168 925 1233 955 tua
1254 918 1351 955 fides
1376 925 1581 968 pateretur,

251 981 346 1020 mihi
390 984 589 1020 cumulate
627 981 830 1032 recepisse.
904 981 1101 1032 Equidem
1144 981 1322 1021 existimo
1361 983 1506 1022 habere
1546 991 1583 1022 te

250 1061 432 1098 magnam
463 1049 687 1086 facultatem
719 1047 806 1098 (sed
841 1048 917 1085 hoc
951 1046 1006 1085 tui
1041 1055 1098 1085 est
1134 1046 1271 1085 consili
1302 1055 1339 1086 et
1370 1047 1507 1097 iudici)
1537 1062 1582 1086 cx

248 1127 296 1151 eo
317 1126 344 1151 s,
370 1127 413 1160 c.,
438 1114 547 1163 quod
568 1112 607 1150 in
631 1113 795 1151 heredes
821 1114 864 1152 C.
889 1112 1075 1151 Vennoni
1108 1114 1253 1151 factum
1276 1121 1343 1159 est,
1368 1113 1581 1152 Caerelliae

248 1178 543 1217 commodandi.
605 1179 652 1217 Id
683 1185 841 1216 senatus
862 1179 1086 1216 consultum
1117 1185 1157 1216 tu
1186 1177 1490 1228 interpretabere
1510 1191 1580 1228 pro
1602 1197 1641 1229 ¹5

247 1252 314 1282 tua
341 1244 558 1295 sapientiag
599 1243 681 1282 scio
708 1243 813 1282 enim
844 1242 927 1281 eius
957 1242 1105 1282 ordinis
1131 1243 1402 1282 auctoritatem
1428 1257 1582 1294 semper

246 1310 353 1359 apud
369 1318 405 1348 te
420 1309 550 1360 magni
565 1309 692 1348 fuisse.
741 1309 862 1358 Quod
880 1307 1073 1358 reliquum
1091 1317 1158 1355 est,
1180 1308 1235 1346 sie
1252 1309 1368 1346 velim
1385 1308 1581 1355 existimes

248 1375 566 1426 quibuscumque
611 1375 727 1413 rebus
767 1373 981 1413 Caerelliae
1023 1373 1191 1423 benigne
1231 1373 1367 1412 seceris
1409 1373 1506 1412 mihi
1545 1381 1582 1413 te

247 1440 510 1491 gratissimum
532 1454 617 1479 esse
638 1441 841 1478 facturum.

293 1583 490 1618 LXXIII
623 1587 692 1619 ΞΝ.
710 1587 838 1619 Romae
854 1598 943 1619 anno
955 1592 1030 1628 post
1044 1594 1090 1630 φ.
1109 1589 1206 1620 Ι.κ·.ι·ι’ῑ’.
1604 1599 1642 1620 20

489 1659 531 1690 M.
561 1660 736 1692 c1C13Ro
762 1660 802 1699 Q.
831 1643 1056 1692 PHILIPPO
1084 1661 1282 1692 PRocos.
1310 1660 1345 1691 s

213 1746 228 1772 1
303 1733 486 1771 Gratulor
521 1732 601 1780 tibi,
643 1733 751 1783 quod
790 1748 835 1771 ex
875 1733 1073 1783 provincia
1117 1735 1266 1772 salvum
1310 1740 1347 1770 te
1394 1731 1444 1769 ad
1493 1737 1580 1767 tuos

247 1797 426 1848 recepisti
452 1797 640 1836 incolumi
666 1799 767 1836 sama
791 1806 828 1836 et
856 1813 895 1837 re
920 1813 955 1849 p.
1021 1800 1141 1848 Quod
1172 1798 1202 1836 si
1227 1800 1379 1836 Romae
1407 1795 1576 1840 fuissem,

247 1873 283 1902 te
313 1863 498 1903 vidissem
529 1876 740 1914 coramque
770 1863 909 1915 gratias
931 1864 1107 1915 egissem,
1140 1865 1248 1916 quod
1276 1862 1346 1901 tibi
1379 1863 1421 1900 L.
1455 1862 1580 1910 Egna-

248 1929 332 1975 iius,
375 1927 697 1967 familiarissimus
744 1942 866 1976 meus,
911 1924 1073 1976 absens,
1114 1930 1154 1968 L.
1201 1928 1354 1979 Oppius
1396 1938 1579 1976 praesens
1600 1937 1638 1968 25

249 2009 363 2033 curae
396 1995 541 2034 fuisset.

207 2071 230 2098 2
304 2062 405 2100 Cum
428 2062 638 2112 Antipatro
662 2063 833 2102 Derbete
852 2061 945 2100 mihi
967 2074 1046 2100 non
1065 2061 1191 2099 solum
1213 2057 1426 2109 hospitium
1445 2069 1578 2095 verum

250 2126 367 2165 etiam
389 2140 543 2166 summa
564 2127 802 2166 familiaritas
824 2126 1039 2166 intercedit.
1103 2124 1148 2163 Ei
1171 2133 1207 2163 te
1228 2125 1480 2179 vehementer
1501 2134 1580 2159 sus-

250 2191 449 2232 censuisse
462 2192 593 2232 audivi
608 2202 646 2232 et
661 2195 825 2232 moleste
841 2191 919 2230 tuli.
966 2193 1026 2229 De
1044 2205 1082 2229 re
1104 2188 1200 2229 nihil
1219 2202 1378 2240 possum
1394 2186 1576 2231 iudicare,

251 2256 321 2295 nisi
356 2258 451 2297 illud
488 2258 581 2297 mihi
622 2259 850 2309 persuadeo,
893 2265 940 2303 te,
976 2257 1092 2295 talem
1125 2253 1260 2301 virum,
1302 2252 1397 2290 nihil
1433 2259 1578 2289 temere
1599 2262 1641 2292 30

251 2322 398 2362 secisse.
458 2325 496 2362 A
519 2332 555 2362 te
585 2332 717 2361 autem
739 2337 809 2373 pro
836 2329 964 2360 vetere
992 2328 1123 2359 nostra
1151 2317 1439 2358 necessitudine
1461 2315 1576 2353 etiam

295 2439 335 2468 23
360 2428 494 2459 fuissem
511 2437 575 2458 0111.
599 2426 638 2456 ΔἸΙ
725 2435 768 2465 30
792 2424 854 2456 msi
871 2425 961 2464 quod
980 2423 1060 2454 illud
1078 2422 1210 2455 Ernesti
1296 2431 1334 2460 31
1363 2419 1393 2450 A
1410 2419 1484 2450 cnld.
1507 2423 1574 2449 vclt.
