1791 2796
628 170 739 207 EPP.
772 170 848 206 AD
881 170 1227 207 FAMILIARES
1547 170 1617 207 XI.
1637 170 1713 206 xxi

262 282 335 320 bus
355 288 393 320 et
414 282 620 320 consulatu
641 289 720 329 tuo,
738 281 853 320 etiam
877 281 907 319 si
929 280 1055 319 timidi
1077 295 1262 328 essemus,
1278 288 1410 320 tamen
1433 294 1593 319 omnem

260 346 439 386 timorem
475 347 729 393 abiceremus,
764 346 989 397 praesertim
1023 360 1113 385 cum
1149 360 1377 397 persuasum
1407 346 1592 385 omnibus

260 420 362 451 esset
382 412 557 463 mihique
579 411 746 451 maxime
767 426 789 450 a
811 420 847 451 te
868 411 946 450 nos>
962 411 1076 450 unice
1096 411 1215 463 diligi.

316 477 499 517 Consiliis
527 477 613 525 tuis,
637 492 738 528 quae
764 477 899 516 scribis
924 479 974 516 de
1001 485 1184 527 quattuor
1210 477 1430 528 legionibus
1461 478 1590 527 deque
1609 490 1633 528 5

224 558 240 589 5
259 543 358 593 agris
374 543 626 594 adsignandis
647 545 698 581 ab
719 552 885 594 utroque
906 552 1087 591 vestrum,
1107 544 1359 582 vehementer
1378 543 1587 582 adsentior.

261 610 400 660 Itaque
416 624 506 648 cum
529 610 690 661 quidam
713 611 762 648 dc
784 609 956 660 conlegis
977 609 1118 648 nostris
1138 609 1325 660 agrariam
1347 609 1591 648 curationem

258 674 484 725 ligurrirent,
518 675 732 715 disturbavi
765 690 845 714 rem
877 683 1080 725 totamque
1109 675 1225 714 nobis
1255 675 1444 726 integram
1475 688 1591 714 reser-

256 741 352 779 vavi.
425 741 465 779 Si
497 741 593 791 quid
626 741 696 780 erit
732 740 922 780 occultius
955 749 1002 788 et,
1037 748 1079 778 ut
1111 740 1257 788 scribis,
1293 740 1589 787 ‘rec‹›nditum‚'

258 819 436 845 meorum
465 806 638 857 aliquem
671 806 833 854 mittam,
868 820 948 857 quo
978 805 1132 845 fidelius
1165 807 1217 845 ad
1252 814 1290 845 te
1324 806 1474 845 litterae
1507 820 1589 856 pcr-

200 886 237 908 10
256 872 436 911 ferantur.
499 873 558 910 Pr.
583 873 686 911 Non.
712 873 798 910 Iun.

296 1057 433 1093 XXII
500 1061 572 1094 Ser.
590 1060 719 1093 Romae
733 1061 801 1093 circ.
817 1061 902 1104 prid.
922 1060 971 1093 Id.
993 1060 1104 1102 Quint.
1126 1071 1156 1093 a.
1179 1071 1233 1101 711
1253 1060 1336 1103 (45).

599 1150 642 1181 M.
670 1150 843 1181 CICERO
868 1152 902 1182 S.
934 1151 971 1182 D.
1001 1151 1039 1181 D.
1065 1150 1233 1182 BRVTO.

308 1242 411 1280 Cum
443 1239 575 1291 Appio
603 1239 771 1280 Claudio
802 1242 845 1279 C.
878 1241 900 1277 f.
933 1254 1086 1278 summa
1116 1240 1211 1278 mihi
1242 1240 1493 1279 necessitudo
1523 1250 1580 1279 est
1600 1253 1616 1280 1

254 1306 384 1344 multis
402 1305 484 1344 eius
506 1304 641 1345 officiis
663 1313 700 1344 et
723 1304 819 1343 meis
841 1305 985 1343 mutuis
1007 1305 1229 1344 constituta.
1291 1309 1388 1346 Peto
1407 1321 1429 1344 a
1451 1315 1487 1345 te
1505 1321 1582 1346 ma-

195 1386 229 1409 1·
252 1371 373 1410 iorem
408 1371 447 1409 in
480 1372 643 1410 modum
676 1372 734 1408 vel
768 1370 1019 1409 humanitatis
1054 1379 1143 1410 tuae
1173 1373 1233 1409 vel
1269 1385 1356 1409 mea
1390 1386 1508 1410 causa
1541 1381 1583 1411 ut

251 1452 341 1476 eum
380 1438 609 1476 auctoritate
649 1445 723 1483 tua,
766 1451 866 1486 quae
905 1437 1115 1487 plurimum
1154 1439 1266 1484 valet,
1309 1446 1582 1477 conservatum

251 1503 354 1542 velis.
426 1505 529 1543 Volo
569 1512 616 1551 te,
651 1517 741 1541 cum
784 1503 1015 1541 fortissimus
1055 1502 1111 1540 vir
1148 1502 1328 1553 cognitus
1368 1503 1429 1551 sis,
1464 1504 1581 1542 etiam

249 1569 597 1608 clementissimum
640 1568 858 1607 existimari.
941 1570 1090 1618 Magno
1129 1568 1199 1607 tibi
1239 1568 1309 1607 erit
1348 1577 1581 1608 ornamento

249 1635 536 1674 nobilissimum
585 1636 878 1674 adulescentem
926 1633 1120 1672 beneficio
1168 1642 1236 1672 tuo
1282 1648 1366 1672 esse
1405 1636 1580 1681 salvum;
1623 1683 1626 1686 ἢ

190 1714 229 1736 20
248 1700 357 1739 cuius
393 1701 553 1752 quidem
586 1716 703 1739 causa
737 1703 812 1740 hoc
848 1700 985 1738 melior
1014 1700 1133 1738 debet
1164 1712 1260 1745 esse,
1294 1700 1402 1748 quod
1434 1699 1577 1749 pietate

246 1766 441 1805 adductus
462 1775 619 1817 propter
646 1767 762 1817 patris
789 1766 1074 1804 restitutionem
1103 1779 1143 1802 se
1170 1778 1260 1802 cum
1282 1764 1459 1802 Antonio
1486 1778 1577 1803 con-

190 1843 192 1845 *
247 1829 379 1870 iunxit.
422 1834 530 1882 'Qua
560 1847 599 1871 re
628 1832 700 1871 etsi
730 1832 858 1870 minus
886 1846 1016 1870 veram
1047 1844 1204 1868 causam
1235 1830 1423 1876 habebis‚‘
1443 1838 1574 1869 tamen
1593 1839 1617 1866 2

246 1897 306 1934 vel
336 1897 579 1947 probabilem
606 1897 778 1947 aliquam
809 1897 952 1947 poteris
981 1897 1177 1935 inducere.
1238 1897 1368 1934 Nutus
1396 1902 1485 1933 tuus
1509 1909 1575 1946 po-

246 1968 319 1999 test
347 1962 549 2012 hominem
577 1976 733 2001 summo
761 1964 849 2001 loco
877 1971 1024 2010 natum,
1048 1975 1204 2000 summo
1229 1960 1396 2012 ingenio,
1421 1974 1575 1999 summa

188 2039 224 2071 25
245 2026 396 2074 virtute,
413 2027 741 2066 officiosissimum
759 2036 956 2078 praeterea
979 2036 1015 2066 et
1036 2027 1309 2078 gratissimum,
1333 2027 1572 2065 incolumem

244 2090 284 2129 in
304 2091 459 2131 civitate
480 2093 654 2132 retinere.
715 2094 836 2142 Quod
859 2102 900 2131 ut
920 2093 1037 2131 facias
1065 2093 1117 2131 ita
1137 2107 1159 2131 a
1180 2101 1216 2132 te
1237 2101 1340 2144 peto,
1363 2101 1405 2131 ut
1426 2092 1573 2131 maiore

244 2156 374 2196 studio
396 2157 567 2208 magisve
587 2172 633 2197 ex
653 2157 786 2197 animo
806 2166 938 2210 petere
958 2173 1039 2198 non
1060 2159 1218 2210 possim.

286 2271 305 2300 5
329 2262 371 2292 ab
389 2267 529 2302 utroque
558 2268 708 2294 vestrum
731 2261 849 2294 Lamb.
878 2263 1016 2294 Mt't'llcr:
1051 2264 1092 2294 ab
1116 2264 1267 2303 utrisque
1292 2269 1439 2295 vestrum
1465 2262 1565 2295 codd..

242 2305 299 2335 sed
311 2309 502 2336 constructio
526 2307 581 2337 vix
606 2306 816 2338 Ciceroniana
946 2318 961 2346 7
985 2308 1079 2339 vobis
1098 2312 1166 2339 velt.
1189 2319 1196 2338 ε
1221 2307 1318 2339 nobis
1334 2307 1422 2339 codd.
1548 2307 1569 2336 8

243 2349 350 2389 magis
367 2350 575 2382 reconditum
597 2349 793 2393 chscnbmg,
813 2351 849 2391 cſs
870 2362 921 2382 20.
942 2362 961 2390 4
