1791 2796
149 157 218 194 VI.
242 156 303 193 vii
622 155 677 192 M.
710 154 879 210 TVLLI
910 153 1217 192 CICERONIS

246 276 287 305 tu
316 268 507 305 sustineas
537 274 718 317 oportet,
757 265 797 303 in
827 273 865 304 te
895 265 990 303 mihi
1020 265 1148 303 omnis
1178 277 1267 314 spes
1297 272 1364 302 est.
1423 265 1486 302 Tu
1511 278 1580 314 pro

247 341 311 371 tua
334 331 554 382 prudentia,
571 331 715 381 quibus
736 331 853 369 rebus
872 331 1054 380 gaudeat,
1071 330 1214 380 quibus
1235 329 1410 379 capiatur
1424 329 1580 377 Caesar,

246 406 380 445 tenes3
413 411 436 435 a
460 405 498 436 te
528 397 662 435 omnia
691 396 988 447 proficiscantur
1017 403 1055 434 et
1082 408 1150 445 per
1179 403 1217 433 te
1244 395 1295 433 ad
1324 394 1470 433 exitum
1500 407 1581 445 per-

247 465 442 502 ducantur
479 476 640 502 necesse
682 470 764 510 cst3
811 463 919 513 apud
966 461 1095 512 ipsum
1136 461 1313 507 multum,
1354 461 1460 511 apud
1499 459 1581 499 eius

201 539 228 576 6
248 529 376 568 omnis
397 529 609 579 plurimum
630 536 753 579 poteS.
814 529 953 567 Unum
978 526 1049 566 tibi
1076 527 1107 565 si
1134 525 1380 577 persuaseris,
1404 538 1485 564 non
1506 526 1582 564 hoc
1602 540 1619 571 5

247 608 332 634 esse
366 594 422 633 tui
454 594 639 639 muneris,
669 593 700 631 si
735 592 831 644 quid
862 600 1018 643 rogatus
1048 592 1175 639 fueris,
1208 599 1250 630 ut
1284 591 1403 630 facias
1433 591 1583 642 (quam-

247 673 367 711 quam
401 659 441 698 id
474 672 661 710 magnum
693 666 731 698 et
761 659 938 709 amplum
972 657 1058 707 est),
1091 658 1161 696 sed
1195 664 1322 696 totum
1357 664 1468 695 tuum
1498 669 1583 695 esse

247 738 361 773 onuS‚
383 724 560 775 perficies
578 739 585 768 ;
623 723 698 762 nisi
719 725 817 762 forte
837 730 903 762 aut
930 723 971 761 in
998 722 1153 761 miseria
1182 722 1298 761 nimis
1319 722 1436 760 stulte
1455 728 1522 760 aut
1543 720 1582 759 in

247 790 418 829 amicitia
446 789 560 827 nimis
588 789 838 840 impudenter
867 788 937 826 tibi
965 801 1064 827 onus
1092 787 1267 838 impono.
1327 787 1405 826 Sed
1429 786 1583 837 utrique

247 856 298 895 rei
331 855 623 894 excusationem
655 862 744 893 tuae
773 854 874 893 vitae
909 854 1157 892 consuetudo
1191 854 1268 892 dat.
1341 853 1444 891 Nam
1475 852 1583 902 quod
1606 871 1643 893 10

248 921 301 960 ita
330 920 527 960 consuesti
555 933 626 970 pro
655 919 790 958 amicis
820 919 1007 966 laborare,
1033 932 1114 958 non
1142 918 1219 957 iam
1244 910 1298 958 sic
1328 925 1484 969 sperant
1513 918 1584 957 abs

249 994 287 1026 te
308 987 377 1025 sed
398 985 515 1024 etiam
538 985 592 1024 sic
613 984 806 1035 imperant
828 984 897 1023 tibi
919 983 1137 1023 familiares.

304 1052 426 1100 Quod
446 1051 495 1089 ad
517 1049 658 1088 librum
686 1049 824 1088 attinet
855 1062 972 1100 quem
1003 1049 1073 1087 tibi
1102 1048 1202 1088 filius
1230 1048 1353 1097 dabit,
1374 1056 1466 1099 peto
1495 1061 1516 1087 a
1547 1055 1584 1087 te

250 1129 300 1155 ne
320 1123 440 1163 exeat,
464 1122 530 1154 aut
553 1114 603 1154 ita
624 1114 792 1165 corrigas
813 1128 863 1153 nc
884 1114 978 1152 mihi
1001 1122 1152 1153 noceat.

293 1266 411 1303 VIII
568 1268 638 1301 Scr.
658 1268 787 1300 Romae
803 1270 846 1300 in.
868 1280 912 1300 m.
933 1268 1008 1301 Dec.
1030 1280 1059 1300 (ι.
1083 1271 1143 1309 708
1161 1269 1248 1311 (46).

691 1346 865 1378 CICERO
890 1346 1137 1379 CAECINAE.

218 1442 235 1469 1
308 1425 411 1464 Cum
442 1431 543 1463 esset
573 1438 729 1463 mecum
761 1426 919 1475 Largus,
952 1426 1074 1464 homo
1105 1424 1160 1464 tui
1190 1424 1399 1472 studiosus,
1431 1426 1586 1464 locutus

256 1492 305 1528 K.
348 1489 548 1528 Ianuarias
587 1489 658 1528 tibi
697 1489 920 1540 praefinitas
958 1503 1053 1537 esse,
1096 1491 1203 1540 quod
1246 1490 1432 1528 omnibus
1470 1490 1586 1529 rebus

252 1568 535 1606 perspexeram,
559 1568 660 1605 quae
686 1555 832 1593 Balbus
862 1561 899 1593 ct
924 1554 1078 1605 Oppius
1105 1555 1268 1594 absente
1296 1556 1464 1594 Caesare
1492 1554 1586 1605 egis-

253 1628 352 1669 sent,
372 1633 418 1659 ea
438 1622 562 1659 solere
586 1620 639 1658 illi
666 1628 747 1658 rata
772 1633 866 1666 esse,
890 1620 950 1670 egi
971 1622 1224 1659 vehementer
1250 1633 1340 1659 cum
1368 1620 1414 1658 iis
1441 1628 1482 1658 ut
1509 1620 1585 1659 hoc
1608 1636 1647 1658 20

253 1686 348 1724 mihi
376 1687 524 1731 darent,
549 1684 619 1724 tibi
647 1685 686 1723 in
709 1685 848 1732 Sicilia,
873 1686 1005 1735 quoad
1026 1686 1224 1732 vellemus,
1248 1698 1333 1724 esse
1358 1685 1412 1724 uti
1440 1685 1582 1724 liceret.

253 1751 332 1801 Qui
368 1750 463 1788 mibi
494 1757 751 1789 consuessent
780 1758 846 1788 aut
880 1750 1046 1789 libenter
1080 1750 1253 1801 polliceri
1286 1750 1315 1789 si
1351 1750 1446 1801 quid
1485 1759 1586 1789 esset

253 1816 336 1855 eius
370 1815 477 1854 modi
508 1817 616 1866 quod
649 1828 783 1854 eorum
816 1815 968 1853 animos
1005 1829 1084 1857 non
1115 1817 1342 1863 offenderet,
1373 1824 1440 1855 aut
1470 1816 1586 1855 etiam

255 1894 394 1931 negare
424 1888 461 1919 et
490 1881 641 1919 adferre
671 1880 861 1919 rationem
894 1894 962 1919 cur
991 1889 1190 1931 negarent,
1221 1881 1312 1920 huic
1342 1894 1453 1920 meae
1483 1894 1587 1932 roga-

254 1946 350 1984 tioni
372 1945 501 1996 potius
529 1958 608 1983 non
639 1945 830 1984 continuo
860 1935 1173 1996 responderunt;
1207 1947 1348 1985 eodem
1370 1946 1434 1985 die
1455 1954 1586 1985 tamen
1610 1963 1645 1993 25

253 2012 304 2050 ad
334 2023 397 2049 me
426 2017 689 2057 reverterunt3
724 2010 818 2048 mihi
847 2012 922 2048 hoc
952 2011 1146 2049 dederunt
1179 2019 1219 2049 ut
1249 2024 1353 2049 esses
1381 2011 1418 2049 in
1445 2011 1584 2058 Sicilia,

253 2076 386 2126 quoad
409 2076 526 2114 velles
542 2089 551 2122 J
580 2088 621 2113 se
642 2083 903 2124 praestaturos
925 2075 1019 2113 nihil
1040 2089 1086 2114 cx
1107 2089 1155 2114 eo
1175 2083 1212 2114 te
1233 2076 1460 2114 offensionis
1481 2076 1587 2114 habi-

256 2150 395 2179 turum.

312 2204 512 2254 Quoniam
561 2204 656 2254 quid
700 2204 769 2242 tibi
813 2204 1058 2253 permittatur
1102 2205 1291 2255 cognosti,
1342 2195 1444 2255 quid*
1490 2205 1584 2244 mihi

216 2272 410 2322 2placeat
448 2278 545 2320 puto
583 2277 621 2307 tc
659 2269 756 2307 scire¹
795 2277 984 2319 oportere.
1049 2270 1158 2308 Actis
1193 2270 1252 2308 his
1287 2271 1401 2309 rebus
1437 2270 1585 2309 litterae
1606 2287 1647 2318 30

302 2386 319 2413 4
346 2375 434 2414 apud
461 2374 535 2404 eius
561 2376 655 2404 ναις
692 2373 734 2404 ad
763 2373 835 2404 eius
859 2373 946 2404 codd.
1083 2383 1102 2412 5
1127 2373 1252 2414 omnis]
1279 2373 1450 2405 familiaris
1475 2374 1586 2405 omnis

259 2419 406 2457 Kayser;
444 2416 500 2448 sed
525 2416 677 2448 Caecinae
706 2417 939 2457 tgnoscendum
1094 2427 1131 2448 21
1159 2418 1270 2456 quoad
1305 2417 1389 2448 GR:
1428 2419 1518 2457 quod
1549 2416 1588 2447 M

259 2472 299 2500 24
324 2461 491 2501 rogationi
509 2461 561 2492 vel
580 2460 811 2500 efflagitationi
835 2460 1031 2501 l‘Vesenberg,
1052 2461 1117 2492 coll.
1138 2472 1166 2491 v.
1193 2472 1239 2499 19.
1263 2472 1280 2490 2

1774 2467 1791 2796 -*22⁴⁴-t-2r22⁴*'
1776 2387 1787 2418 „⁴
