1791 2796
565 172 677 209 EPP.
710 172 786 208 AD
819 170 1167 209 FAMILIARES
1471 167 1581 205 XIV.
1600 165 1678 204 xix

243 322 353 359 XIX
514 326 582 358 Ser.
605 325 766 357 Brundisi
780 327 811 357 iv
828 326 870 357 K.
892 325 968 357 Dec.
990 337 1021 357 a.
1046 327 1105 365 706
1124 325 1208 367 (48).

476 415 671 446 TVLLIVS
696 414 966 446 TERENTIAE
993 414 1112 446 SVAE
1138 415 1173 446 S.
1203 414 1244 445 D.

254 505 301 543 In
323 503 501 542 maximis
523 503 619 542 meis
640 504 842 543 doloribus
868 503 1063 543 excruciat
1085 517 1147 542 me
1168 503 1352 542 valetudo
1373 501 1527 541 Tulliae

198 577 364 617 nostrae,
393 571 443 609 de
471 583 548 619 qua
578 569 674 607 nihil
705 578 763 608 est
794 571 902 620 quod
934 571 984 608 ad
1017 578 1054 608 te
1081 571 1191 620 plura
1223 568 1415 615 scribam3
1456 567 1527 607 tibi

159 653 175 683 5
197 633 302 674 enim
324 649 449 685 aeque
471 649 635 685 magnae
662 648 777 673 curae
804 649 889 674 esse
917 643 1023 673 certo
1050 634 1141 673 scio.
1203 635 1323 683 Quod
1351 648 1413 673 me
1444 647 1528 684 pro-

197 700 286 751 pius
310 700 428 739 vultis
458 702 657 748 accedere,
681 700 798 739 video
822 700 875 739 ita
903 714 988 740 esse
1013 700 1237 739 faciendum
1267 708 1305 739 et
1332 700 1409 739 iam
1436 707 1528 739 ante

197 765 388 813 fecissem,
405 767 474 805 sed
496 780 559 805 me
580 767 703 805 multa
723 765 1023 817 impediverunt,
1044 780 1146 817 quae
1167 780 1216 806 ne
1238 780 1343 805 nunc
1364 765 1526 816 quidem

196 831 378 881 expedita
398 839 499 869 sunt.
559 831 637 871 Sed
657 845 681 870 a
702 831 925 883 Pomponio
946 839 1130 882 exspecto
1155 831 1299 870 litteras
1315 846 1325 879 ς
1354 845 1451 882 quas
1474 832 1525 870 ad

197 910 260 935 me
281 910 400 947 quam
425 896 593 948 primum
622 898 873 948 perferendas
897 911 1009 937 cures
1030 896 1157 936 velim.
1219 899 1281 936 Da
1301 910 1461 948 operam
1483 905 1525 936 ut

140 978 176 1000 10
196 963 335 1001 valeas.

237 1142 323 1177 XX
510 1145 580 1178 Scr.
602 1145 638 1178 de
656 1146 821 1179 Venusino
837 1147 881 1179 K.
906 1147 972 1180 Oct.
993 1159 1023 1180 a.
1047 1158 1106 1188 707
1125 1149 1206 1189 (47).

466 1234 661 1267 TVLLIVS
687 1236 722 1268 S.
750 1237 790 1268 D.
820 1237 1088 1268 TERENTIAE
1115 1237 1244 1269 SVAE.

249 1325 297 1362 In
336 1324 607 1362 Tusculanum
646 1338 718 1364 nos
753 1333 938 1364 venturos
977 1334 1160 1376 putamus
1195 1334 1260 1365 aut
1296 1327 1424 1366 Nonis
1457 1336 1524 1367 aut

193 1388 390 1439 postridie.
453 1389 514 1428 Ibi
544 1398 586 1428 ut
618 1390 694 1429 sint
725 1391 858 1430 onmia
888 1400 1021 1442 parata
1051 1392 1196 1442 (plures
1226 1392 1331 1431 enim
1362 1395 1524 1433 fortasse

136 1465 175 1498 15
194 1454 401 1493 nobiscum
423 1463 536 1493 erunt
557 1464 605 1503 et,
628 1464 671 1494 ut
697 1457 871 1504 arbitror,
894 1457 1041 1496 diutius
1068 1458 1122 1496 ibi
1149 1458 1523 1509 commorabimur),

194 1519 344 1558 labrum
371 1519 400 1558 si
426 1520 465 1558 in
491 1521 647 1561 balineo
673 1536 753 1561 non
783 1531 850 1570 est,
874 1531 916 1561 ut
944 1523 1001 1571 sit,
1030 1523 1123 1562 item
1148 1531 1277 1563 cetera
1306 1538 1406 1574 quae
1433 1534 1523 1564 sunt

192 1586 243 1624 ad
275 1586 420 1624 victum
452 1596 489 1626 et
520 1589 570 1627 ad
602 1589 868 1628 valetudinem
900 1589 1129 1628 necessaria.
1189 1591 1297 1629 Vale.
1360 1593 1410 1629 K.
1432 1592 1519 1631 Oct.

193 1651 244 1689 de
264 1651 479 1690 Venusino.

235 1839 345 1874 XXI
422 1837 427 1839 ¹
459 1843 526 1876 Ser.
545 1845 819 1887 Bmmdisr'paulo
831 1850 952 1888 posta.
974 1846 1004 1878 d.
1024 1847 1060 1878 ιἰἵ
1072 1846 1158 1878 Non.
1180 1847 1255 1879 Iun.

136 1911 175 1933 20
751 1912 780 1933 a·
804 1912 862 1941 707
881 1902 962 1943 (47)-

474 1990 666 2023 TVLLIVS
692 1991 961 2023 TERENTIAE
987 1991 1106 2023 SVAE
1132 1992 1166 2023 S.
1199 1992 1237 2023 D.

247 2077 282 2113 S.
306 2090 339 2113 v.
364 2077 398 2115 b.
423 2092 453 2115 c.
478 2092 510 2116 v.
574 2081 634 2117 Da
655 2094 813 2130 operam
836 2089 877 2118 ut
899 2082 1160 2127 convalescas,
1185 2082 1293 2131 quod
1315 2095 1413 2132 opus
1434 2082 1515 2131 erit,

194 2148 234 2178 ut
260 2155 318 2179 res
347 2150 580 2193 tempusque
611 2147 793 2195 postulat,
818 2146 1023 2196 provideas
1055 2155 1172 2197 atque
1202 2146 1450 2186 administres
1480 2157 1519 2187 et

192 2207 242 2244 ad
273 2220 335 2246 me
366 2209 415 2247 de
446 2209 630 2249 omnibus
655 2212 770 2250 rebus
801 2226 919 2262 quam
950 2211 1177 2263 saepissime
1205 2212 1349 2251 litteras
1375 2212 1518 2252 mittas.

136 2278 172 2310 ²5
192 2272 300 2310 Vale.

236 2377 256 2406 6
280 2382 311 2407 et
338 2376 401 2408 iam
427 2377 586 2410 Sclzcller:
620 2381 721 2411 etiam
749 2381 838 2414 codd.
976 2393 1012 2421 14
1040 2382 1086 2414 lbi
1114 2383 1165 2424 ut]
1190 2383 1237 2415 Ibi
1263 2383 1312 2414 fac
1337 2389 1373 2415 ut
1398 2384 1517 2415 Malla

193 2429 234 2458 23
258 2421 437 2459 postulabit
463 2424 540 2454 coni.
566 2423 756 2466 Il'csenbmg
