1791 2796
539 156 650 193 EPP.
685 156 761 193 AD
794 154 1142 193 FAMILIARES
1217 133 1226 142 '
1455 153 1522 189 iv.
1545 150 1593 188 xi

206 290 273 325 XI
486 292 556 325 δαν.
584 293 746 334 Mytilenis
770 304 813 325 m.
844 292 910 325 Oct.
936 303 966 324 a.
990 295 1052 334 708
1076 293 1161 332 (46).

530 370 810 402 MARCELLVS
835 369 1062 401 CICERONI
1091 370 1125 400 S.

218 447 434 486 Plurimum
469 447 635 486 valuisse
664 448 771 497 apud
801 461 864 486 me
895 454 1002 485 tuam
1035 459 1189 496 semper
1223 445 1493 484 auctoritatem
1516 454 1533 481 1

162 527 253 551 cum
283 513 322 551 in
352 512 461 552 omni
488 527 527 551 re
557 521 640 551 tum
670 512 710 550 in
740 513 816 551 hoc
847 511 1015 550 maxime
1046 510 1205 562 negotio
1230 519 1343 562 potes
1373 510 1497 549 existi-

124 588 141 620 5
162 591 277 617 mare.
338 580 440 618 Cum
471 578 566 616 mihi
600 580 642 618 C.
678 579 899 624 Marcellus,
934 579 1048 615 frater
1084 576 1376 615 amantissimus
1406 576 1493 623 mei,

161 657 241 682 non
269 645 395 682 solum
421 643 628 682 consilium
656 644 778 691 daret,
801 644 870 682 sed
896 642 1077 693 precibus
1106 656 1266 692 quoque
1297 656 1360 681 me
1387 643 1496 681 obse-

161 716 292 756 craret,
317 723 397 748 non
428 709 533 760 prius
558 708 653 746 mihi
681 710 916 759 persuadere
948 708 1086 759 potuit,
1111 721 1230 758 quam
1261 707 1337 746 tuis
1362 715 1419 746 est
1446 710 1496 747 ef-

161 775 306 812 fectum
337 773 471 812 litteris
502 782 544 812 ut
574 782 700 812 uterer
725 781 853 813 vestro
884 773 1135 824 potissimum
1167 773 1342 812 consilio.
1414 774 1495 812 Res

159 852 278 889 quem
304 840 355 878 ad
386 840 549 878 modum
582 838 630 877 sit
664 846 761 886 acta,
790 846 940 877 vestrae
975 838 1124 876 litterae
1152 837 1247 876 mihi
1282 839 1491 876 declarant.

101 918 140 941 10
160 904 377 943 Gratulatio
408 913 474 943 tua
504 904 575 943 etsi
605 912 663 943 est
694 903 790 942 mihi
820 903 1106 955 probatissima,
1130 905 1238 954 quod
1265 905 1315 942 ab
1343 904 1495 954 optimo

156 970 200 1007 -fit
230 970 373 1017 animo,
401 978 533 1009 tamen
561 970 637 1009 hoc
666 969 762 1007 mihi
790 971 915 1008 multo
943 969 1153 1008 iucundius
1183 978 1241 1008 est
1271 978 1308 1009 et
1336 970 1491 1020 gratius,

158 1037 266 1086 quod
296 1036 336 1074 in
366 1050 520 1074 summa
547 1035 743 1086 paucitate
769 1035 997 1083 amicorum,
1022 1035 1333 1086 propinquorum
1357 1049 1404 1074 ac
1430 1050 1495 1075 ne—

159 1101 424 1148 cessariorum,
449 1101 516 1152 qui
537 1115 626 1140 vere
648 1115 759 1140 meae
784 1101 898 1139 saluti
921 1103 1103 1147 faverent,
1128 1109 1165 1140 te
1192 1101 1492 1152 cupidissimum

159 1166 233 1205 mei
257 1167 571 1218 singularemque
593 1166 688 1204 mihi
712 1167 1028 1206 benevolentiam
1055 1166 1291 1218 praestitisse
1313 1167 1489 1217 cognovi.

100 1243 136 1275 15
159 1231 326 1282 Reliqua
357 1240 446 1271 sunt
477 1231 559 1271 eius
590 1232 713 1279 modi,
743 1232 886 1282 quibus
917 1245 1000 1282 ego,
1036 1231 1224 1282 quoniam
1257 1233 1353 1271 haec
1383 1241 1491 1272 erant
1511 1243 1535 1270 2

158 1305 345 1348 tempora,
379 1297 491 1336 facile
525 1305 563 1336 et
595 1312 723 1348 aequo
757 1297 890 1337 animo
927 1298 1133 1346 careban13
1176 1299 1251 1337 hoc
1285 1312 1376 1337 vero
1408 1298 1491 1337 eius

158 1362 265 1401 modi
287 1377 371 1401 esse
392 1370 531 1410 statuo,
556 1371 598 1401 ut
619 1362 702 1402 sine
733 1363 869 1401 talium
891 1363 1061 1402 virorum
1079 1371 1116 1402 et
1137 1363 1352 1403 amicorum
1374 1364 1491 1402 bene-

157 1428 321 1467 volentia
356 1443 484 1480 ne-que
516 1428 555 1466 in
585 1429 748 1468 adversa
772 1442 900 1479 neque
931 1428 969 1467 in
1001 1430 1175 1468 secunda
1204 1431 1360 1468 fortuna
1389 1429 1490 1480 quis-

156 1507 274 1543 quam
305 1493 431 1533 vivere
462 1494 595 1545 possit.
658 1495 797 1544 Itaque
822 1494 861 1532 in
889 1495 965 1533 hoc
995 1508 1068 1545 ego
1100 1494 1195 1532 mihi
1223 1496 1418 1545 gratulor3
1447 1502 1488 1533 tu

99 1570 136 1592 20
156 1572 247 1598 vero
267 1568 308 1597 ut
329 1559 530 1611 intellegas
551 1559 702 1598 homini
721 1559 961 1599 amicissimo
982 1567 1019 1598 te
1040 1559 1220 1599 tribuisse
1241 1559 1425 1608 officium,
1447 1574 1493 1600 re

156 1623 225 1663 tibi
246 1626 463 1675 praestabo.
523 1627 631 1664 Vale.

197 1776 289 1812 XII
452 1780 520 1812 Ser.
538 1780 681 1812 Atlzcm's
692 1785 743 1821 pr.
764 1780 806 1812 K.
827 1780 945 1812 Iunias
962 1792 990 1812 α.
1015 1791 1074 1822 709
1094 1781 1175 1823 (45).

434 1849 635 1890 SERVIVS
667 1858 893 1890 CICERONI
927 1859 1024 1890 SAL.
1061 1858 1194 1890 PLVR.

209 1935 291 1974 Etsi
313 1936 393 1975 scio
414 1951 494 1976 non
512 1936 840 1976 iucundissimum
856 1951 919 1975 me
936 1936 1117 1976 nuntium
1134 1936 1246 1976 vobis
1261 1938 1479 1986 allaturum,
1502 1951 1518 1977 1

96 2013 132 2044 25
154 2006 294 2047 tamen,
319 2001 506 2051 quoniam
529 2015 641 2041 casus
668 2009 705 2040 et
734 2009 871 2040 natura
895 2001 934 2039 in
961 2001 1076 2041 nobis
1097 2001 1332 2049 dominatur,
1355 2002 1481 2042 visum

153 2072 210 2103 est
240 2065 474 2114 faciendum,
508 2081 670 2118 quoquo
701 2068 823 2106 modo
850 2081 909 2105 res
934 2081 974 2105 se
1002 2068 1172 2113 haberet,
1200 2081 1269 2106 vos
1299 2068 1481 2107 certiores

151 2131 287 2169 facere.
347 2133 393 2170 A.
424 2133 460 2171 d.
491 2146 513 2169 x
543 2134 591 2170 K.
622 2134 707 2171 Iun.
741 2146 830 2171 cum
862 2133 912 2172 ab
944 2131 1146 2183 Epidauro
1181 2131 1362 2171 Piraeum
1392 2132 1480 2171 navi

193 2244 213 2273 3
238 2234 418 2266 Plurimum
446 2235 583 2267 GRM1-:
622 2236 799 2276 plurimam
818 2237 859 2268 M
877 2242 904 2267 et
923 2237 1027 2269 Index
1048 2238 1121 2269 MR
1254 2248 1273 2278 5
1298 2237 1343 2279 C]
1361 2237 1479 2269 consul

151 2277 236 2309 codd.
364 2289 406 2318 23
431 2289 503 2311 SAL.
527 2290 626 2311 PLVR.
645 2281 775 2311 Baiter:
803 2291 958 2313 SALVTEM
979 2292 1151 2314 PLvavs
1169 2292 1295 2313 vsskssls
1313 2281 1354 2311 Μ
1367 2282 1453 2321 vulg.
1470 2293 1476 2312 :

150 2332 214 2351 om,
246 2321 325 2352 GR:
360 2333 386 2353 s.
406 2333 511 2354 1).—s.
532 2334 563 2355 v,
585 2335 615 2355 13.
633 2333 661 2355 ε.
683 2325 760 2355 coni.
783 2325 884 2355 Orelli
1013 2336 1053 2366 25
1080 2326 1175 2357 nobis
1199 2326 1252 2356 R:
1287 2326 1385 2356 bonis
1408 2324 1479 2356 MG

150 2365 365 2397 dominantur
388 2365 506 2398 Lamb.
697 2370 738 2399 26
763 2369 952 2400 faciendum
971 2394 977 2400 .
999 2394 1005 2400 .
1028 2394 1034 2400 .
1057 2370 1167 2400 facere
1201 2370 1308 2400 codd.:
1353 2369 1476 2399 sacien-

150 2409 399 2482 Zulmzquclquuo
424 2421 464 2441 m.
487 2421 512 2442 r.
531 2422 556 2442 s.
578 2411 620 2451 hi,
641 2416 676 2442 ut
699 2422 728 2442 v.
751 2422 777 2442 c.
804 2412 948 2443 facerem
975 2412 1220 2453 Mamyni-Lag.
1239 2424 1245 2443 ε
1287 2412 1476 2443 faciendum

172 2462 207 2482 e.
259 2463 315 2482 am
339 2477 345 2484 .
