1791 2796
167 156 215 193 VJ
235 156 309 192 xxi
631 157 684 193 M.
719 156 886 214 TVLLI
920 155 1226 194 CICERONIS

255 268 467 307 commoda
483 267 627 315 omnia,
644 280 744 319 quae
758 276 864 318 opto,
880 267 1119 317 contingant,
1138 276 1178 305 ut
1193 268 1444 305 vehementer
1460 266 1594 305 velim!

256 333 426 381 Etenim,
449 347 539 372 eum
561 342 663 373 esset
691 333 814 372 maior
838 341 877 372 et
904 333 1073 372 virorum
1102 341 1140 371 et
1165 332 1309 371 civium
1340 333 1534 372 bonorum
1557 341 1595 372 et

254 398 518 438 iucundorum
547 399 758 438 hominum
788 407 826 438 et
855 399 1075 437 amantium
1103 398 1180 437 mei
1208 398 1332 449 eopia,
1360 406 1493 437 tamen
1513 406 1594 437 erat

253 478 386 513 nemo,
408 465 570 515 quicum
592 479 719 504 essem
740 465 927 504 libentius
941 478 1060 515 quam
1083 472 1226 512 tecum,
1242 473 1279 503 et
1293 464 1422 515 pauci,
1436 464 1594 514 quibus-

252 543 342 568 cum
371 543 498 569 essem
527 543 654 580 aeque
681 530 872 579 libenter,¹
912 531 988 569 hoe
1015 543 1107 568 vero
1134 538 1312 580 tempore
1336 543 1428 568 cum
1454 529 1519 568 alii
1539 529 1594 568 in-
1614 542 1630 573 5

251 594 436 643 terierint‚
459 595 523 633 alii
544 595 685 642 absint,
710 595 775 634 alii
797 595 937 634 mutati
958 596 1160 634 voluntate
1181 594 1268 642 sint,
1292 608 1416 633 unum
1437 595 1592 634 medius

252 660 368 699 fidius
389 668 520 699 tecum
534 661 640 700 diem
654 660 840 699 libentius
854 659 1052 711 posuerim
1067 672 1186 710 quam
1206 660 1283 698 hoe
1296 673 1416 699 omne
1436 667 1592 710 tempus

250 738 341 763 cum
381 725 576 776 plerisque
615 740 762 772 eorum,
805 725 1044 776 quibuscum
1083 724 1172 764 vivo
1205 725 1434 764 necessario.
1497 725 1591 764 Noli

249 790 356 829 enim
372 790 591 830 existimare
609 790 703 828 mihi
726 805 806 829 non
827 790 1082 830 solitudinem
1103 790 1377 830 iucundiorem
1398 804 1496 833 esse.
1512 804 1590 841 qua

249 864 383 894 tamen
400 856 483 907 ipsa
503 856 559 895 uti
580 870 660 895 non
682 856 786 900 licet,
803 870 921 906 quam
939 869 1140 895 sermones
1161 870 1307 903 eorum,
1328 856 1395 906 qui
1411 857 1589 907 frequen·
1611 868 1650 891 10

205 930 229 957 2
250 929 332 959 tant
362 923 527 960 domum
549 935 688 969 meam,
713 930 878 972 excepto
904 935 984 960 uno
1013 929 1079 960 aut
1100 934 1299 960 summum
1321 923 1452 960 altero.
1498 923 1588 960 'Ita-

248 1000 327 1036 que
344 994 431 1025 utor
451 987 593 1025 eodem
615 986 802 1037 perfugio,
820 999 900 1036 quo
921 986 991 1024 tibi
1015 986 1207 1024 utendum
1229 999 1384 1032 censeo,
1408 986 1586 1025 litterulis

249 1052 400 1100 nostris,
436 1060 636 1104 praeterea
667 1052 911 1091 conscientia
943 1051 1061 1090 etiam
1097 1051 1352 1090 consiliorum
1394 1064 1582 1091 meorum.

249 1119 335 1167 Ego
355 1117 460 1156 enim
483 1118 513 1155 is
535 1131 632 1164 sum,
657 1131 775 1167 quem
796 1119 848 1156 ad
873 1118 1037 1156 modum
1063 1124 1104 1155 tu
1126 1116 1308 1156 facillime
1329 1124 1441 1167 potes
1461 1117 1585 1156 existi-

248 1197 364 1230 mare,
388 1183 455 1233 qui
477 1183 573 1221 nihil
604 1196 794 1233 umquam
825 1196 913 1221 mea
940 1182 1071 1233 potius
1099 1195 1217 1233 quam
1240 1195 1418 1221 meorum
1439 1182 1582 1221 civium
1610 1196 1644 1227 15

246 1262 365 1287 causa
395 1249 564 1288 fecerim.
626 1248 702 1287 Cui
732 1248 806 1286 nisi
837 1247 1039 1287 invidisset
1070 1247 1114 1295 is,
1144 1261 1262 1297 quem
1293 1255 1334 1286 tu
1366 1261 1583 1298 numquam

245 1314 384 1352 amasti
420 1315 500 1365 (me
534 1314 639 1353 enim
671 1314 863 1363 amabas),
895 1321 933 1352 et
965 1313 1048 1364 ipse
1080 1313 1218 1352 beatus
1248 1319 1349 1351 esset
1378 1320 1416 1352 et
1445 1326 1584 1352 omnes

247 1379 350 1417 boni.
412 1381 498 1430 Ego
532 1392 634 1427 sum,
667 1379 733 1429 qui
767 1379 911 1417 nullius
941 1378 1021 1417 vim
1052 1380 1140 1429 plus
1171 1379 1297 1416 valere
1329 1377 1434 1416 volui
1464 1391 1581 1429 quam

245 1446 457 1483 honestum
485 1444 610 1483 otium
639 1444 840 1494 idemque,
861 1457 953 1483 cum
974 1444 1040 1482 illa
1063 1443 1147 1494 ipsa
1166 1456 1286 1491 arma,
1307 1457 1408 1494 quae
1428 1456 1582 1495 semper

245 1510 464 1557 timueram,
478 1511 565 1560 plus
586 1523 703 1560 posse
719 1509 822 1548 sensi
843 1522 963 1560 quam
984 1508 1095 1548 illum
1111 1522 1350 1548 eonsensum
1371 1509 1580 1557 bonorum,
1602 1522 1642 1544 20

245 1589 362 1626 quem
398 1589 470 1626 ego
500 1575 606 1614 idem
637 1577 856 1624 effeceram,
886 1574 1022 1626 quavis
1057 1582 1140 1613 tuta
1174 1574 1410 1613 condicione
1441 1588 1579 1625 pacem

243 1640 420 1690 accipere
442 1640 560 1678 malui
583 1654 701 1690 quam
728 1639 996 1694 viribuseum
1024 1638 1237 1677 valentiore
1257 1652 1440 1689 pugnare.
1502 1640 1579 1679 Sed

243 1713 281 1743 et
303 1707 400 1744 haec
421 1713 458 1744 et
480 1707 602 1744 multa
622 1705 698 1743 alia
718 1718 851 1743 eoram
873 1704 980 1743 brevi
1002 1712 1178 1755 tempore
1200 1703 1342 1743 licebit.

199 1780 223 1816 3
298 1772 439 1821 Neque
457 1784 519 1809 me
535 1778 668 1809 tamen
685 1772 763 1809 ulla
779 1783 838 1809 res
859 1769 934 1808 alia
952 1771 1105 1808 Romae
1121 1777 1228 1808 tenet
1244 1768 1318 1807 nisi
1339 1769 1578 1820 exspectatio

243 1850 371 1874 rerum
393 1836 692 1883 AfricanarumJ
720 1835 874 1875 videtur
901 1835 1006 1874 enirn
1035 1834 1131 1873 mihi
1159 1849 1218 1873 res
1243 1834 1282 1873 in
1309 1834 1575 1886 propinquum
1598 1852 1634 1884 25

241 1902 414 1939 adducta
444 1900 665 1940 discrimen.
727 1902 829 1939 Puto
859 1908 990 1939 autem
1022 1913 1110 1944 mea
1139 1913 1220 1938 non
1249 1898 1347 1938 nihil
1377 1899 1573 1947 interesse,

241 1979 481 2016 quamquam
504 1965 543 2004 id
566 1966 704 2016 ipsum,
722 1966 818 2016 quid
841 1965 1000 2012 intersit,
1018 1979 1097 2004 non
1115 1978 1208 2004 sane
1230 1965 1424 2015 intellego,
1440 1979 1574 2003 verum

240 2038 382 2076 tamen,
415 2030 604 2081 quiequid
638 2031 744 2070 illinc
779 2031 1002 2070 nuntiatum
1035 2031 1093 2077 sit,
1127 2044 1207 2069 non
1239 2031 1355 2080 longe
1385 2030 1523 2068 abesse
1551 2043 1573 2068 a

239 2094 411 2133 consiliis
435 2095 662 2134 amicorum.
726 2097 796 2134 Est
825 2096 930 2134 enim
962 2110 1020 2134 res
1051 2095 1127 2134 iam
1159 2096 1197 2133 in
1228 2109 1318 2134 eum
1348 2097 1478 2133 locum
1508 2096 1573 2133 ad—

288 2210 296 2229 ι
326 2200 500 2230 commoda
526 2204 596 2230 vett.
627 2199 704 2239 (vid.
733 2199 778 2231 ed.
811 2199 1030 2230 Graem'anam
1057 2201 1075 2231 i.
1100 2199 1178 2240 295)
1204 2198 1343 2229 Mt'iller:
1380 2199 1569 2230 communia

235 2242 321 2273 codd.
340 2255 346 2273 ;
364 2242 422 2274 del.
443 2242 517 2274 l'ice.
543 2241 750 2283 chscnbmg:
777 2244 965 2274 communia
979 2248 1013 2274 et
1029 2244 1166 2283 propria
1180 2243 1356 2273 commoda
1371 2242 1547 2272 Lehmann
1563 2255 1569 2274 :

236 2290 341 2316 tolum
359 2286 464 2316 losum
483 2287 527 2317 ita
546 2286 628 2317 dunt
646 2287 805 2318 Graevius
823 2286 979 2318 Sclmmlz
996 2286 1163 2326 Streicher‚
1183 2297 1259 2317 esse
1282 2287 1360 2316 mihi
1379 2286 1569 2317 communia

235 2332 358 2366 omnia,
378 2331 423 2360 ita
441 2341 528 2369 quae
547 2336 628 2369 opto
646 2331 846 2369 contingant
980 2341 999 2360 2
1026 2330 1159 2361 Etenim
1178 2329 1295 2360 Lamo.
1316 2341 1324 2361 ς
1348 2334 1384 2359 ut
1402 2329 1489 2359 enim
1508 2328 1568 2361 M:

235 2378 271 2403 tu
289 2375 377 2404 enim
400 2374 447 2404 G:
475 2380 510 2405 ut
529 2380 562 2404 tu
582 2375 672 2404 enim
692 2374 742 2404 R:
772 2374 857 2404 Tum
875 2374 963 2404 enim
983 2374 1082 2404 Klolz
1215 2383 1251 2403 21
1280 2378 1350 2403 tuta
1366 2375 1435 2403 vett.
1457 2383 1462 2402 :
1496 2377 1566 2404 tota

236 2416 320 2447 codd.
337 2430 343 2448 :
368 2419 450 2448 dura
462 2419 539 2448 coni.
557 2416 782 2448 Mcndelssolm
795 2430 800 2449 :
822 2417 989 2454 tolerabili
1002 2418 1080 2448 com'.
1096 2416 1228 2456 ΜιῖΙΙεν,
1241 2416 1305 2447 coll.
1320 2415 1387 2446 Pro
1399 2415 1509 2456 Quint.
1524 2426 1564 2456 97
