1791 2796
167 119 245 157 Vll

229 428 244 453 1

223 1474 246 1511 3

254 118 313 156 .ii
628 117 683 153 M.
716 116 884 154 TVLLI
917 115 1224 155 CICERONIS

306 253 355 288 ῙῙ
572 255 641 286 Scr.
661 255 789 287 Romae
805 257 869 287 circ.
891 255 934 287 ιἰι.
954 267 996 287 m.
1016 254 1107 287 Febr.
1129 265 1182 294 70j
1200 254 1278 295 (51).

606 332 649 364 M.
679 332 854 364 CICERO
879 332 913 364 S.
944 332 984 364 D.
1011 332 1056 363 M.
1084 331 1249 363 MARIO.

321 412 557 451 Mandatum
593 419 703 450 tuum
737 412 883 450 curabo
917 410 1132 461 diligenter.
1194 410 1271 448 Sed
1305 410 1427 449 homo
1458 416 1595 448 acutus

264 477 298 515 ei
332 476 527 516 mandasti
558 476 819 527 potissimum,
853 475 916 514 cui
948 475 1147 526 expediret
1182 474 1277 513 illud
1312 474 1442 513 venire
1477 487 1594 524 quam

264 542 444 592 plurimo.
505 543 583 581 Sed
611 555 660 581 eo
687 542 817 580 vidisti
849 543 1028 588 multum,
1059 541 1167 591 quod
1200 539 1412 591 praefinisti
1438 553 1517 589 quo
1547 553 1596 578 ne

264 607 385 657 pluris
406 621 588 646 emerem.
650 608 771 656 Quod
800 607 831 645 si
859 607 954 645 mihi
983 606 1233 657 permisisses,
1258 605 1324 655 qui
1350 619 1461 643 meus
1487 618 1597 643 amor

264 673 303 711 in
339 681 375 712 te
410 681 478 719 est,
513 672 771 712 confecissem
807 686 897 711 cum
930 671 1216 717 coheredibus:
1255 684 1370 717 nunc,
1408 669 1594 720 quoniam

264 746 374 777 tuum
404 739 571 790 pretium
597 739 699 784 novi,
724 738 996 777 inlicitatorem
1025 737 1155 787 potius
1183 750 1328 787 ponam
1357 748 1475 786 quam
1500 734 1595 773 illud

264 804 425 843 minoris
460 812 609 843 veneat.
684 804 761 842 Sed
793 804 843 842 de
870 803 959 842 ioco
989 802 1080 841 satis
1107 810 1174 841 est.
1234 803 1367 840 Tuum
1394 799 1595 851 negotium

263 883 386 920 agam,
411 869 525 908 sicuti
545 870 685 916 debeo,
709 868 923 919 diligenter.

321 936 381 973 De
418 936 541 973 Bursa
572 942 609 973 te
643 935 812 985 gaudere
845 942 951 973 certo
985 933 1092 975 scio:
1127 933 1196 972 sed
1229 932 1344 970 nimis
1375 923 1596 970 verecunde

265 999 362 1038 mibi
399 1000 628 1050 gratularis;
669 1007 782 1050 putas
815 999 931 1045 enim,
969 1006 1011 1037 ut
1046 998 1191 1044 scribis,
1230 1005 1386 1049 propter
1424 995 1597 1035 hominis

265 1065 390 1103 sordis
421 1065 549 1103 minus
581 1079 642 1104 me
673 1078 855 1115 magnam
886 1064 991 1103 illam
1023 1063 1209 1103 laetitiam
1242 1071 1387 1113 putare.
1448 1062 1596 1101 Credas

264 1130 360 1168 rnilii
385 1130 502 1169 velim
534 1130 656 1180 magis
683 1144 746 1168 me
776 1129 923 1168 iudicio
951 1131 1026 1169 hoc
1053 1142 1171 1179 quam
1200 1135 1324 1167 morte
1352 1126 1498 1166 inimici
1523 1128 1597 1166 lae-

265 1202 399 1233 tatum.
461 1196 635 1234 Primum
670 1195 775 1234 enim
808 1194 955 1235 iudicio
987 1196 1091 1233 malo
1125 1207 1242 1244 quarn
1274 1192 1415 1244 gladio,
1449 1191 1595 1232 deinde

264 1261 385 1311 gloria
409 1261 539 1312 potius
569 1260 686 1299 amici
714 1274 833 1311 quam
863 1259 1112 1307 calamitate5
1140 1258 1179 1298 in
1206 1258 1420 1310 primisque
1444 1271 1508 1297 me
1531 1258 1596 1297 de-

264 1325 420 1364 lectavit
456 1334 608 1365 tantum
643 1325 818 1365 studium
851 1325 1048 1364 bonorum
1075 1324 1115 1362 in
1142 1338 1205 1363 me
1239 1323 1430 1362 exstitisse
1461 1330 1598 1362 contra

265 1391 536 1431 incredibilem
572 1391 867 1430 contentionem
904 1389 1105 1429 clarissimi
1137 1398 1175 1429 et
1205 1388 1467 1441 potentissimi
1500 1387 1598 1435 viri;

265 1465 465 1508 postremo
494 1456 571 1507 (vix
601 1456 679 1494 veri
709 1455 835 1494 simile
865 1457 1027 1494 sortasse
1056 1453 1250 1503 videatur)
1281 1455 1440 1493 oderam
1472 1455 1597 1492 multo

266 1522 376 1573 peius
397 1523 502 1561 hunc
525 1535 643 1572 quam
666 1522 774 1560 illum
797 1521 925 1572 ipsum
949 1520 1146 1561 Clodium.
1209 1522 1325 1559 Illum
1347 1520 1451 1559 enim
1476 1533 1598 1570 oppu-
1619 1535 1633 1556 2

265 1603 435 1640 gnaram,
469 1591 574 1628 hunc
609 1590 890 1636 defenderan1;
924 1596 962 1627 et
996 1588 1069 1635 ille,
1103 1601 1193 1627 cum
1228 1587 1356 1626 omnis
1391 1600 1450 1625 res
1484 1600 1519 1637 p.
1557 1585 1596 1624 in

267 1669 356 1694 meo
395 1654 522 1705 capite
556 1654 766 1693 discrimen
807 1646 907 1693 esset
947 1653 1136 1699 habitura,
1181 1666 1365 1704 magnum
1406 1651 1595 1702 quiddam

266 1720 464 1771 spectavit,
489 1734 562 1759 nec
592 1734 661 1759 sua
685 1728 825 1771 sponte
852 1721 922 1759 sed
950 1733 1083 1759 eorum
1106 1718 1260 1766 auxilio,
1285 1717 1352 1768 qui
1380 1731 1443 1756 me
1470 1724 1597 1756 stante

266 1794 365 1825 stare
396 1799 475 1825 non
506 1793 696 1837 poterant,
721 1785 785 1825 hic
815 1784 992 1825 simiolus
1017 1783 1139 1824 animi
1167 1796 1285 1823 causa
1317 1796 1379 1823 me
1412 1782 1450 1822 in
1477 1796 1596 1834 quem

266 1851 513 1890 inveheretur
533 1852 730 1902 delegerat
755 1858 1077 1902 persuaseratque
1098 1863 1178 1888 non
1200 1848 1316 1889 nullis
1337 1847 1478 1887 invidis
1501 1847 1597 1887 meis

267 1931 306 1955 se
340 1917 376 1954 in
414 1931 475 1955 me
511 1916 753 1955 emissarium
786 1930 939 1966 semper
971 1917 1080 1954 fores
1124 1910 1255 1964 Qu‘am
1288 1915 1339 1953 ob
1371 1927 1451 1952 rem
1483 1914 1597 1952 valde

267 1981 385 2020 iubeo
414 1983 583 2031 gaudere
614 1990 660 2020 te.
735 1983 881 2031 Magna
912 1995 969 2020 res
999 1989 1107 2031 gesta
1136 1988 1204 2019 est.
1270 1981 1498 2029 Numquam
1529 1979 1596 2017 ulli

268 2046 443 2085 fortiores
466 2045 570 2084 cives
592 2047 746 2085 suerunt
768 2060 885 2096 quam
904 2046 970 2096 qui
987 2045 1068 2084 ausi
1091 2053 1181 2084 sunt
1203 2058 1292 2084 eum
1314 2052 1450 2083 contra
1470 2051 1596 2082 tantas

268 2125 363 2161 opes
384 2111 477 2157 eius,
501 2125 523 2149 a
544 2125 624 2160 quo
645 2110 717 2160 ipsi
740 2110 827 2149 lecti
851 2110 1000 2149 iudices
1021 2118 1140 2157 erant,
1165 2111 1431 2149 condemnare
1449 2123 1457 2156 ;
1487 2109 1595 2159 quod

1614 553 1631 586 5
1652 562 1654 564 .

1619 879 1656 901 10

1616 1206 1653 1241 ¹5

223 2191 249 2228 4
270 2176 451 2215 fecissent
479 2189 706 2226 numquam,
731 2175 803 2213 nisi
826 2175 870 2214 iis
892 2175 1016 2214 dolori
1040 2189 1149 2214 meus
1174 2174 1307 2213 suisset
1328 2175 1459 2213 dolor.'
1511 2175 1595 2212 Nos
1617 2187 1656 2218 30

268 2241 332 2281 hic
354 2241 391 2280 in
416 2241 667 2280 multitudine
688 2248 725 2279 et
747 2239 971 2279 celebritate
998 2239 1231 2279 iudiciorum
1255 2247 1291 2278 et
1313 2238 1424 2277 novis
1445 2237 1595 2289 legibus

312 2358 330 2386 5
356 2347 424 2379 Sed
451 2347 483 2377 in
509 2357 550 2377 eo
572 2344 760 2386 llbseubetg
891 2355 932 2375 22
955 2345 1086 2376 aditura
1110 2343 1228 2374 Lamb.
1352 2353 1388 2382 3¹
1417 2342 1595 2373 crebritate

270 2390 386 2421 Lam'r.
