1791 2796
525 142 635 177 EPP.
669 142 746 177 Al)
779 140 1126 177 FAMILIARES
1425 139 1494 176 VI.
1517 138 1564 174 iv

211 255 301 292 Hoc
331 255 419 291 loco
447 252 476 290 si
506 252 640 291 videor
670 265 810 302 augere
842 252 1019 290 dolorem
1052 258 1175 297 tuum,
1199 263 1318 300 quem
1350 262 1485 288 conso·
1504 264 1528 291 2

155 319 272 357 lando
320 320 446 357 levare
494 318 671 364 debeam,
714 318 837 355 fateor
876 330 938 354 me
978 315 1250 355 communium
1292 314 1483 353 malorum

154 383 463 423 consolationem
494 385 639 422 nullam
672 382 845 422 invenire
877 389 1028 432 praeter
1060 381 1176 428 illam,
1207 394 1308 431 quae
1339 388 1481 425 tamen,

153 449 182 487 si
219 449 343 500 possis
375 463 461 488 eam
497 448 703 498 suscipere,
738 447 907 486 maxima
942 454 1012 495 est,
1043 460 1200 497 quaque
1235 460 1308 496 ego
1340 445 1484 484 cotidie

116 525 132 557 5
154 514 275 565 magis
305 522 402 562 utor,
434 514 716 553 conscientiam
748 521 875 552 rectae
904 512 1116 551 voluntatis
1152 511 1361 550 maximam
1395 525 1485 549 con-

153 579 385 619 solationem
429 594 513 618 esse
559 593 686 618 rerum
732 579 1075 618 incommodarum
1120 590 1193 616 nec
1237 591 1321 615 esse
1360 577 1482 614 ullum

154 658 338 695 magnum
370 647 517 684 malum
548 652 699 695 praeter
728 646 896 694 culpam.
957 646 992 681 A
1014 656 1092 694 qua
1117 641 1306 693 quoniam
1331 649 1483 680 tantum

151 711 351 757 absumus,
383 718 425 749 ut
464 710 580 749 etiam
616 710 764 760 optime
803 709 1039 748 senserimus
1078 716 1322 758 eventusque
1361 707 1484 757 magis

153 776 273 814 nostri
308 776 446 816 consili
481 790 599 826 quam
630 775 837 814 consilium
873 774 1193 824 reprehendatur,
1223 781 1261 812 et
1295 771 1483 822 quoniam

94 851 133 875 10
153 841 416 891 praestitimus
448 843 556 892 quod
587 841 811 889 debuimus,
847 842 1048 880 moderate
1083 840 1193 890 quod
1228 838 1358 878 evenit
1392 839 1484 876 fera-

153 920 249 945 mus.
309 909 386 947 Sed
418 909 493 947 boc
526 906 621 945 mihi
656 914 787 945 tamen
823 920 902 945 non
935 919 1059 953 sumo,
1084 912 1126 943 ut
1157 912 1194 944 te
1224 905 1404 943 consoler
1434 904 1483 942 de

152 973 430 1012 communibus
462 972 637 1020 miseriis,
660 986 760 1022 quae
785 973 835 1011 ad
857 972 1145 1011 consolandum
1168 969 1324 1009 maioris
1352 969 1482 1020 ingeni

151 1045 188 1075 et
226 1038 276 1076 ad
317 1039 520 1077 ferendum
561 1037 764 1088 singularis
799 1036 949 1076 virtutis
988 1036 1190 1086 indigent;
1233 1035 1329 1074 illud
1362 1034 1484 1073 cuivis

152 1101 263 1140 facile
303 1111 360 1141 cst
400 1104 541 1142 docere
582 1117 649 1141 cur
687 1102 896 1153 praecipue
936 1109 976 1141 tu
1016 1103 1149 1140 dolere
1189 1099 1284 1138 nihil
1324 1101 1481 1139 debeas.

95 1178 130 1209 15
153 1166 247 1205 Eius
275 1167 393 1209 enim,
419 1168 485 1218 qui
517 1168 662 1207 tardior
687 1168 725 1205 in
754 1176 790 1206 te
816 1168 984 1206 levando
1015 1166 1086 1205 fuit
1116 1179 1235 1217 quam
1266 1167 1346 1204 fore
1377 1173 1484 1215 puta<

151 1246 289 1278 remus,
315 1247 393 1272 non
421 1242 478 1272 est
507 1233 602 1271 mihi
630 1233 751 1272 dubia
777 1234 826 1271 de
855 1241 920 1271 tua
951 1234 1073 1271 salute
1099 1231 1302 1277 sententia,
1332 1232 1382 1270 de
1413 1232 1485 1269 illis

149 1306 281 1337 autem
304 1313 382 1338 non
405 1299 568 1338 arbitror
589 1307 625 1338 te
647 1306 869 1349 exspectare
891 1298 987 1348 quid
1009 1297 1185 1336 sentiam.

207 1364 418 1414 Reliquum
453 1372 509 1403 est
545 1373 586 1402 ut
619 1372 655 1403 te
689 1372 816 1414 angat,
849 1365 956 1414 quod
992 1363 1097 1402 absis
1132 1377 1153 1401 a
1184 1362 1259 1401 tuis
1290 1370 1368 1400 tam
1400 1364 1478 1402 diu.
1501 1373 1525 1410 3

152 1429 231 1467 Res
264 1431 437 1477 molesta,
470 1429 694 1480 praesertim
725 1431 775 1468 ab
806 1429 851 1467 iis
881 1428 1020 1479 pueris,
1053 1428 1197 1479 quibus
1227 1427 1324 1466 nihil
1354 1436 1483 1478 potest

92 1509 130 1530 20
149 1507 233 1533 esse
255 1495 428 1534 festivius
448 1510 455 1542 ;
495 1496 574 1542 sed,
599 1503 640 1533 ut
661 1496 710 1534 ad
733 1502 770 1533 te
798 1494 931 1545 scripsi
962 1502 1087 1541 antea,
1112 1501 1267 1544 tempus
1288 1500 1345 1532 est
1367 1493 1482 1532 huius

150 1559 256 1599 modi
289 1568 329 1598 ut
360 1575 469 1599 suam
501 1561 667 1611 quisque
698 1560 975 1600 condicionem
1007 1559 1262 1598 miserrimam
1294 1566 1404 1610 putet
1431 1567 1478 1605 et,

149 1625 214 1663 ubi
247 1625 413 1676 quisque
442 1626 499 1674 sit,
525 1626 579 1665 ibi
609 1640 693 1665 esse
718 1626 881 1665 minime
911 1625 1012 1665 velit.
1075 1625 1273 1676 Equidem
1299 1639 1381 1672 nos,
1415 1624 1481 1675 qui

151 1691 302 1730 Romae
334 1705 478 1739 sumus,
513 1691 749 1730 miserrimos
780 1706 864 1730 esse
895 1692 1009 1738 duco,
1034 1704 1114 1729 non
1145 1691 1272 1730 solum
1303 1691 1411 1740 quod
1442 1689 1480 1727 in

149 1755 259 1794 malis
287 1757 472 1795 omnibus
496 1756 674 1796 acerbius
703 1764 759 1795 est
790 1756 921 1796 videre
952 1770 1069 1806 quam
1097 1755 1242 1802 audire,
1273 1757 1341 1794 sed
1363 1755 1479 1793 etiam

112 1832 128 1862 5
148 1822 256 1871 quod
278 1823 327 1860 ad
350 1821 478 1860 omnis
500 1836 612 1860 casus
643 1821 861 1861 subitorum
891 1820 1151 1872 periculorum
1183 1820 1305 1871 magis
1336 1820 1479 1859 obiecti

148 1899 281 1924 sumus
317 1900 435 1936 quam
464 1886 495 1925 si
525 1888 762 1926 abessemus.
826 1886 910 1926 Etsi
941 1900 1003 1925 me
1034 1886 1161 1937 ipsum
1190 1887 1478 1925 consolatorem

149 1959 256 1989 tuum
280 1965 361 1990 non
386 1959 537 1990 tantum
569 1952 727 1998 litterae,
757 1951 900 2002 quibus
928 1965 1082 2002 semper
1111 1951 1254 1998 studui,
1287 1959 1477 2002 quantum

148 2016 411 2067 longinquitas
456 2017 642 2068 temporis
686 2017 884 2068 mitigavit.
961 2019 1122 2066 Quanto
1163 2016 1301 2056 fuerim
1343 2018 1522 2065 dolorc4

150 2081 371 2120 meministi.
433 2083 479 2120 In
513 2096 592 2132 quo
625 2082 747 2133 prima
780 2082 844 2121 illa
876 2082 1094 2122 consolatio
1133 2090 1201 2129 est,
1239 2082 1382 2122 vidisse
1416 2097 1479 2121 me

90 2158 131 2189 30
150 2147 235 2195 plus
257 2161 373 2197 quam
389 2155 548 2194 ceteros,
568 2161 658 2186 cum
675 2147 883 2198 cupiebam
900 2147 1078 2198 quamvis
1096 2147 1230 2198 iniqua
1244 2147 1478 2187 condicione

149 2224 312 2261 pacem;
353 2213 461 2263 quod
493 2212 698 2261 etsi-casu,
736 2227 815 2252 non
846 2213 1087 2253 divinatione
1117 2227 1205 2252 mea
1231 2215 1376 2252 factum
1407 2221 1475 2259 est,

149 2284 279 2316 tamen
314 2276 353 2315 in
392 2278 465 2317 hac
504 2277 610 2317 inani
650 2278 880 2329 prudentiae
913 2280 1029 2318 laude
1061 2279 1244 2318 delector.
1308 2277 1474 2325 Deinde,

192 2391 210 2411 2
235 2381 395 2412 debebam
423 2381 540 2413 Lamb.
728 2393 762 2422 ¹5
788 2388 981 2422 putaramus
1008 2382 1125 2414 Lamb.
1226 2384 1263 2413 16
1297 2381 1378 2423 illis]
1404 2381 1478 2413 aliis

148 2422 427 2465 Ernestr'Madvzg
526 2437 566 2464 23
591 2426 798 2458 miserrimos
819 2427 881 2456 GR
899 2426 1058 2467 Madmg:
1084 2438 1117 2457 -ο
1129 2424 1180 2457 Ml
1197 2438 1202 2456 z
1229 2437 1261 2457 -u
1281 2425 1339 2455 Ms
1357 2438 1363 2456 :
1387 2427 1475 2465 quod

151 2467 191 2500 R.
208 2479 247 2507 s.,
264 2469 484 2500 miserrimum
500 2473 568 2501 velt.
663 2472 703 2501 28
721 2470 753 2501 iu
771 2470 887 2502 dolore
903 2470 1022 2502 Lamb.
1113 2480 1154 2509 32
1172 2470 1205 2500 in
1219 2469 1297 2511 liae]
1312 2470 1373 2500 hac
1387 2470 1471 2501 Crat.
