1791 2796
155 530 172 562 5

137 863 172 884 10

138 1188 172 1218 ¹5

135 1515 175 1537 20

567 148 677 184 EPP.
712 148 788 183 AD
821 147 1169 183 FAMILIARES
1480 147 1549 183 VI.
1573 146 1619 183 vi

191 258 401 307 spectant?
449 258 597 295 Rerum
632 257 708 295 hoc
742 264 879 295 natura
911 264 948 295 et
980 256 1152 295 civilium
1186 264 1409 306 temporum
1441 269 1523 294 non

190 321 368 372 patietur,
391 334 464 360 nec
486 334 650 360 manens
672 334 746 360 nec
766 329 915 360 mutata
940 320 1038 360 ratio
1059 322 1164 368 feret,
1189 320 1358 371 primum
1380 328 1422 359 ut
1444 334 1523 359 non

190 387 230 425 in
265 400 382 425 causa
415 387 496 438 pari
532 388 670 426 eadem
703 387 751 425 sit
786 394 823 425 et
857 386 1042 425 condicio
1076 394 1113 425 et
1146 388 1300 424 fortuna
1333 386 1523 433 oninium,

192 452 337 491 deinde
372 460 413 491 ut
442 452 482 490 in
512 466 599 491 eam
629 452 826 491 civitatem
860 452 953 491 boni
986 452 1054 490 viri
1087 460 1124 490 et
1157 451 1252 490 boni
1284 451 1387 490 cives
1420 453 1526 489 nulla

192 518 406 568 ignominia
436 518 560 557 notati
590 531 669 557 non
700 526 949 565 revertantur,
982 518 1022 556 in
1053 531 1171 568 quam
1201 525 1259 555 tot
1290 516 1525 555 nefariorum

191 584 380 622 scelerum
402 583 657 622 condemnati
678 591 928 622 reverterunt.

246 649 384 688 Habes
405 648 610 699 augurium
639 663 799 697 meum;
839 663 930 699 quo,
954 649 984 688 si
1010 649 1106 699 quid
1132 647 1420 694 addubitarem,
1444 660 1523 686 non

190 713 320 764 potius
341 722 468 752 uterer
488 727 607 764 quam
628 714 692 753 illa
708 714 991 762 consolatione,
1010 728 1088 764 qua
1108 713 1221 751 facile
1242 714 1382 751 fortem
1398 713 1523 750 virum

191 787 459 827 sustentarem,
483 788 531 826 te,
556 779 585 818 si
607 781 806 829 explorata
832 779 993 818 victoria
1013 792 1121 817 arma
1141 777 1374 828 sumpsisses
1395 791 1465 828 pro
1486 791 1526 816 re

191 858 226 896 p.
258 845 328 896 (ita
357 843 462 883 enim
490 852 572 883 tum
599 844 794 895 putabas),
822 858 901 883 non
931 844 1046 882 nimis
1072 857 1157 882 esse
1187 844 1441 889 laudandum,
1466 843 1525 881 sin

191 917 350 960 propter
373 908 543 948 incertos
572 909 697 948 exitus
723 918 966 959 eventusque
995 910 1188 948 bellorum
1210 921 1326 959 posse
1346 908 1526 946 accidere

191 983 233 1014 ut
267 976 511 1013 vinceremur
545 983 733 1025 putasses,
771 988 852 1013 non
883 975 1027 1013 debere
1058 982 1095 1012 te
1124 975 1176 1012 ad
1206 974 1423 1012 secundam
1454 974 1526 1011 for-

191 1048 327 1079 tunam
361 1041 464 1079 bene
498 1048 677 1090 paratum
710 1040 838 1087 fuisse,
873 1041 1078 1078 adversam
1118 1040 1215 1077 ferre
1255 1040 1364 1076 nullo
1404 1039 1525 1077 modo

191 1119 317 1156 posse.
379 1105 631 1156 Disputarem
666 1105 783 1144 etiarn
819 1113 968 1155 quanto
998 1104 1146 1143 solacio
1181 1104 1251 1143 tibi
1283 1103 1525 1143 conscientia

192 1171 248 1211 tui
268 1171 371 1219 facti,
394 1179 565 1222 quantae
593 1172 845 1210 delectationi
866 1171 906 1209 in
933 1171 1050 1210 rebus
1074 1170 1247 1209 adversis
1269 1170 1420 1208 litterae
1440 1183 1525 1208 esse

192 1236 410 1283 deberent3
450 1249 801 1274 commemorarem
823 1249 904 1274 non
926 1238 1054 1274 solum
1080 1243 1266 1282 veterum,
1292 1236 1360 1273 sed
1383 1236 1523 1272 horum

193 1301 310 1340 etiam
331 1301 547 1340 recentium
568 1303 628 1340 vel
649 1303 796 1340 ducum
818 1303 878 1340 vel
892 1301 1082 1340 comitum
1105 1308 1260 1339 tuorum
1277 1299 1524 1350 gravissimos

192 1380 305 1405 casus
319 1382 329 1415 ;
377 1366 493 1405 etiam
537 1375 717 1405 externos
762 1368 906 1405 multos
946 1368 1070 1405 claros
1112 1366 1215 1404 viros
1254 1365 1525 1412 nominarem3

193 1433 294 1470 levat
315 1431 419 1470 enim
445 1433 623 1470 dolorem
647 1431 870 1470 communis
899 1431 1009 1482 quasi
1037 1431 1132 1481 legis
1157 1438 1195 1469 et
1216 1432 1414 1468 humanae
1434 1443 1523 1468 con-

194 1497 361 1535 dicionis
382 1497 601 1536 recordatio
617 1512 625 1545 ;
657 1510 893 1547 exponerem
919 1497 1037 1536 etiam
1063 1510 1181 1547 quem
1202 1497 1253 1534 ad
1276 1496 1439 1535 modum
1461 1495 1524 1533 hic

194 1570 232 1601 et
252 1571 399 1613 quanta
419 1563 457 1601 in
479 1564 593 1602 turba
622 1571 849 1613 quantaque
875 1562 915 1600 in
936 1561 1169 1601 confusione
1197 1574 1324 1600 rerum
1346 1560 1524 1599 omnium

192 1627 408 1666 viveremus
424 1643 433 1676 3
473 1641 635 1666 necesse
655 1635 712 1667 est
733 1627 839 1666 enim
861 1627 1011 1666 minore
1038 1626 1234 1666 desiderio
1255 1625 1407 1676 perdita
1426 1638 1465 1663 re
1486 1638 1521 1675 p.

192 1706 322 1731 carere
355 1707 474 1743 quarn
508 1694 623 1732 bona.
683 1694 761 1731 Sed
793 1693 869 1731 hoc
902 1705 1044 1742 genere
1079 1691 1175 1730 nihil
1205 1703 1304 1741 opus
1334 1697 1401 1728 est.
1463 1690 1525 1727 In-

193 1760 389 1797 columem
410 1767 448 1797 te
468 1759 557 1805 cito,
574 1767 616 1797 ut
632 1772 757 1809 spero,
776 1760 836 1797 vel
857 1758 987 1808 potius
1004 1765 1045 1796 ut
1066 1756 1269 1807 perspicio,
1289 1754 1521 1793 videbimus.

248 1826 403 1863 Interea
422 1825 493 1863 tibi
522 1824 675 1863 absenti
706 1833 744 1863 et
773 1824 875 1871 huic,
906 1824 973 1874 qui
1002 1824 1124 1870 adest,
1156 1821 1315 1871 imagini
1343 1820 1465 1859 animi
1486 1827 1524 1858 et

193 1889 366 1940 corporis
386 1889 452 1936 tui,
476 1889 793 1928 constantissimo
814 1896 932 1939 atque
960 1888 1111 1938 optimo
1132 1887 1211 1925 filio
1232 1894 1312 1933 tuo,
1335 1885 1520 1932 studium,

194 1955 379 2003 officium,
407 1968 577 2004 operam,
610 1955 785 1993 laborem
813 1968 945 1993 meum
977 1953 1053 1992 iam
1081 1953 1232 2004 pridem
1260 1960 1297 1990 et
1327 1951 1523 2002 pollicitus

194 2033 280 2058 sum
315 2028 353 2058 et
392 2020 526 2067 detuli,
559 2033 665 2058 nunc
704 2021 780 2058 hoc
818 2019 997 2070 amplius,
1039 2020 1147 2069 quod
1187 2032 1249 2056 me
1288 2016 1523 2055 amicissime

195 2084 339 2123 cotidie
371 2085 492 2135 magis
525 2086 669 2124 Caesar
699 2084 957 2135 amplectitur,
993 2084 1200 2123 familiares
1239 2082 1400 2132 quidem
1439 2081 1523 2119 eius

136 2165 177 2197 30
195 2150 308 2188 sicuti
329 2150 538 2189 neminem.
598 2151 717 2200 Apud
739 2163 857 2200 quem
884 2149 1073 2200 quicquid
1101 2149 1241 2187 valebo
1271 2149 1331 2185 vel
1360 2145 1524 2184 auctori-

194 2223 273 2254 tate
296 2217 356 2253 vel
381 2215 511 2266 gratia,
534 2216 675 2266 valebo
701 2215 782 2253 tibi.
844 2216 906 2253 Tu
931 2228 1023 2253 cura
1043 2222 1084 2252 ut
1106 2227 1196 2251 cum
1219 2211 1458 2250 firmitudine
1485 2218 1523 2248 te

192 2280 312 2318 animi
333 2288 416 2318 tum
437 2279 554 2318 etiam
575 2293 644 2330 spe
664 2279 813 2330 optima
833 2287 1036 2318 sustentes

238 2394 257 2413 2
281 2388 407 2414 mutata
424 2387 494 2414 vett.
513 2395 520 2414 ε
544 2387 636 2413 muta
649 2381 735 2413 codd.
860 2391 898 2420 31
921 2381 1040 2412 valebo
1054 2378 1102 2420 M,
1116 2382 1152 2421 cf
1168 2381 1200 2411 ii.
1221 2390 1267 2411 11.
1286 2391 1324 2418 2;
1349 2379 1419 2412 xiii.
1439 2388 1465 2410 1.
1480 2389 1521 2418 4:

196 2426 378 2457 conciliabo
397 2426 459 2456 GR

240 2493 301 2514 C1c.
322 2494 368 2514 Ao
387 2492 466 2513 FAM.
1396 2478 1434 2507 ll

1544 657 1585 685 12

1544 1510 1587 1546 13
