1791 2796
143 134 214 172 VI.
238 134 299 171 vii
621 134 677 171 M.
710 133 879 171 TVLLI
911 134 1219 173 CICERONIS

294 269 387 305 VII
563 271 632 304 Scr.
655 273 687 304 ιἰι
704 272 816 304 Sicilm
836 273 918 305 med.
940 285 985 305 m.
1010 273 1080 305 Dec.
1103 276 1165 314 708
1182 273 1269 314 (46).

625 349 831 381 CAEcmA
858 337 1086 381 0101110111
1116 350 1150 383 Ρ,
1180 350 1213 382 s.

305 430 425 478 Quod
460 428 530 467 tibi
561 441 640 467 non
672 436 751 466 tam
782 429 957 468 celeriter
991 429 1088 468 liber
1121 437 1180 468 est
1210 429 1396 477 redditus,
1428 429 1587 480 ignosce

249 495 379 533 timori
406 504 540 534 nostro
570 504 608 534 01
639 494 821 533 miserere
851 495 1048 545 temporis.
1110 495 1242 542 Filius,
1274 503 1316 534 ut
1344 495 1474 543 audio,
1506 509 1587 546 per-

249 560 389 607 timuit,
422 574 551 610 neque
590 559 739 606 iniuria,
772 559 803 597 si
835 559 934 598 liber
970 560 1111 599 exisset
1141 560 1347 611 (quoniam
1385 573 1467 599 non
1506 567 1584 599 tam
1607 570 1622 600 5

249 626 409 665 interest
443 640 522 676 quo
552 625 686 664 animo
714 625 905 664 scribatur
932 638 1052 676 quam
1082 639 1162 676 quo
1191 623 1434 676 accipiatur),
1462 639 1512 664 ne
1541 639 1586 664 ea

250 705 308 730 res
334 691 465 742 inepte
493 691 588 729 mihi
617 699 788 738 noceret,
812 704 902 729 cum
929 691 1155 742 praesertim
1183 692 1313 731 adhuc
1340 691 1414 729 stili
1440 704 1586 741 poenas

249 757 353 795 dem.
414 758 503 805 Qua
533 756 695 806 quidem
731 756 771 794 in
801 770 841 795 re
871 755 1056 806 singulari
1085 769 1172 794 sum
1202 757 1293 795 fato.
1364 757 1467 794 Nam
1497 769 1587 793 cum

252 823 442 861 mendum
477 822 690 871 scripturae
719 821 834 860 litura
865 823 1033 869 tollatur,
1065 821 1227 860 stultitia
1256 822 1360 860 fama
1390 823 1587 869 multetur,

251 900 361 926 meus
382 900 486 926 error
506 887 641 926 exsilio
666 886 881 937 corrigitur,
902 886 1012 925 cuius
1034 899 1189 924 summa
1208 886 1380 925 criminis
1401 894 1457 924 cst
1478 887 1586 936 quod

250 960 421 990 armatus
465 951 688 990 adversario
733 953 835 990 male
880 951 968 989 dixi.
1048 953 1180 990 Nemo
1222 959 1398 989 nostrum
1437 959 1507 998 est,
1546 959 1587 989 ut

250 1017 401 1064 opinor,
425 1017 520 1067 quin
544 1025 635 1056 vota
655 1016 855 1055 Victoriae
884 1030 978 1055 suae
1008 1017 1152 1063 fecerit,
1182 1030 1310 1063 nemo,
1334 1016 1439 1066 quin,
1470 1015 1587 1054 ctiam

251 1096 341 1120 cum
363 1083 412 1121 de
432 1082 507 1120 alia
534 1096 574 1120 re
601 1082 832 1129 immolaret,
856 1090 988 1120 tamen
1017 1095 1066 1120 eo
1095 1081 1257 1132 quidem
1288 1081 1373 1132 ipso
1400 1089 1590 1131 tempore,

252 1155 294 1186 ut
317 1161 436 1198 quam
467 1147 637 1197 primum
659 1148 804 1186 Caesar
833 1154 1088 1198 superaretur,
1111 1146 1263 1198 optarit.
1325 1148 1417 1184 Hoc
1447 1146 1479 1184 si
1508 1160 1588 1185 non

251 1212 405 1262 cogitat,
439 1212 624 1251 omnibus
656 1213 774 1251 rebus
805 1211 897 1250 felix
925 1218 1011 1260 est;
1045 1211 1077 1251 si
1106 1211 1179 1250 scit
1210 1219 1248 1250 01
1278 1224 1485 1262 persuasus
1517 1219 1585 1258 est,

252 1277 348 1328 quid
387 1277 562 1315 irascitur
601 1277 636 1315 ei
671 1277 738 1328 qui
772 1276 923 1327 aliquid
953 1276 1106 1328 scripsit
1140 1284 1277 1315 contra
1309 1290 1421 1315 suam
1456 1278 1589 1316 volun-

252 1351 387 1390 tatem,
419 1356 509 1381 cum
541 1342 684 1393 ignorit
714 1342 900 1382 omnibus
930 1342 997 1392 qui
1028 1344 1150 1381 muita
1180 1344 1276 1381 deos
1311 1341 1482 1381 venerati
1513 1342 1589 1380 31111

207 1419 230 1457 3
254 1415 389 1447 contra
419 1408 501 1446 eius
531 1409 733 1446 salutem?
789 1409 867 1447 Sed
898 1415 939 1446 ut
969 1408 1111 1446 eodem
1142 1414 1322 1455 revertar,
1346 1420 1463 1446 causa
1492 1408 1589 1445 haec

254 1473 325 1511 suit
356 1473 532 1518 timoris:
577 1472 721 1523 Scripsi
753 1473 804 1512 de
838 1479 877 1512 te
906 1485 1024 1523 parce
1054 1472 1207 1511 medius
1239 1472 1355 1511 fidius
1385 1480 1422 1511 et
1453 1472 1590 1511 timide

254 1551 334 1576 non
360 1551 547 1576 revocans
576 1552 639 1577 1110
667 1538 749 1588 ipse
780 1538 850 1576 sed
880 1550 1005 1588 paene
1034 1537 1238 1587 refugiens.
1300 1539 1435 1576 Genus
1457 1546 1587 1577 autem

254 1604 330 1642 hoc
369 1602 582 1654 scripturae
621 1617 701 1642 non
749 1604 870 1642 modo
896 1603 1079 1653 >liberum
1118 1604 1188 1642 sed
1228 1603 1431 1642 incitatum
1471 1612 1589 1653 atquc

254 1669 400 1707 clatum
421 1681 506 1707 esse
527 1668 673 1707 debere
693 1668 781 1718 quis
802 1668 985 1718 ignorat?
1042 1669 1223 1706 Solutum
1245 1668 1485 1707 existimatur
1506 1682 1590 1707 esse

253 1733 363 1772 alteri
389 1734 489 1772 male
514 1733 645 1772 dicere
667 1733 816 1784 (tamen
848 1734 1068 1772 cavendum
1099 1740 1157 1772 est
1187 1747 1236 1772 ne
1264 1733 1302 1771 in
1334 1733 1589 1784 petulantiam

255 1798 436 1848 incidas),
464 1798 700 1849 impeditum
731 1812 772 1837 se
802 1798 931 1849 ipsum
962 1800 1134 1846 laudare,
1161 1813 1210 1837 ne
1237 1798 1374 1837 vitium
1404 1800 1591 1849 adrogan-

254 1863 330 1901 tiae
360 1864 634 1913 subsequatur,
664 1865 792 1902 solum
822 1878 914 1902 vero
948 1856 1114 1902 liberum
1144 1866 1307 1903 alterum
1338 1865 1510 1911 laudare,
1540 1865 1590 1903 de

255 1941 334 1978 quo
365 1927 555 1978 quicquid
585 1930 781 1977 detrahas,
811 1942 973 1967 necesse
1005 1935 1069 1967 est
1092 1936 1159 1967 aut
1176 1919 1403 1967 'infirmitati
1437 1936 1504 1967 aut
1538 1928 1591 1967 in-

254 1992 382 2031 vidiae
406 1992 642 2043 adsignetur.
705 1996 764 2032 Ac
795 1994 929 2033 nescio
958 2008 1008 2032 an
1044 1994 1113 2033 tibi
1143 1994 1287 2044 gratius
1315 1994 1590 2045 opportunius-

255 2071 332 2107 que
375 2058 586 2106 acciderit3
625 2073 715 2098 nam
747 2061 855 2109 quod
890 2061 1086 2109 praeclare
1120 2061 1246 2098 facere
1285 2072 1365 2098 non
1400 2067 1590 2110 poteram,

256 2122 424 2173 primum
465 2132 545 2162 erat
585 2138 664 2162 non
704 2124 906 2174 attingere,
941 2125 1160 2163 secundum
1200 2124 1436 2163 beneficium
1471 2138 1590 2174 quam

257 2187 482 2238 parcissime
518 2191 653 2227 facere.
725 2190 803 2227 Sed
837 2197 967 2227 tamen
1003 2203 1076 2238 ego
1110 2189 1271 2238 quidem
1305 2202 1366 2227 me
1401 2189 1626 2238 sustinui32

302 2303 319 2332 7
347 2293 477 2334 inepte}
498 2295 650 2333 impense
673 2293 879 2334 ll'esenltetg:
904 2294 986 2333 sort.
1007 2295 1034 2324 si
1056 2295 1169 2333 inepta
1293 2305 1330 2333 14
1355 2295 1477 2333 optarit
1494 2298 1563 2325 vell.
1584 2307 1590 2325 :

257 2342 324 2367 ·ret
341 2336 428 2368 codd.
572 2348 608 2376 15
634 2348 818 2377 persuasus
844 2342 896 2367 cst
922 2348 986 2367 non
1008 2337 1250 2368 sollicitandum
1373 2347 1408 2375 17
1435 2338 1500 2368 sint
1517 2337 1590 2368 MR

258 2380 484 2453 Mencsslssogm
514 2379 656 2412 Mullcr:
690 2386 769 2412 sunt
800 2380 827 2410 G
854 2380 1044 2422 W'esenbmg
1069 2381 1182 2412 Baiter
1325 2391 1366 2420 29
1390 2381 1589 2412 beneficium

258 2434 323 2454 om.
377 2435 433 2454 am
455 2449 461 2455 .
1268 2451 1271 2453 .

1611 899 1647 920 10

1612 1551 1649 1572 20
