1791 2796
177 133 230 171 II.
249 133 310 169 vii
631 136 686 171 M.
719 135 885 171 TVLLI
919 134 1224 172 CICERONIS

261 243 441 290 scribam,
465 243 606 291 video3
645 243 735 281 novi
765 243 953 290 animum,
983 243 1073 281 novi
1103 243 1311 282 consilium
1341 251 1478 292 tuun13
1512 256 1592 283 non

261 322 395 347 vereor
422 322 471 347 ne
499 308 595 358 quid
617 308 764 354 timide,
788 322 837 346 ne
862 308 958 358 quid
982 310 1098 347 stulte
1118 308 1247 356 facias,
1271 308 1301 347 si
1323 322 1368 347 ea
1389 309 1590 356 defendes,

217 385 240 411 2
261 387 362 423 quae
382 373 465 424 ipse
492 381 597 412 recta
621 387 706 412 esse
733 373 886 411 senties.
948 374 1069 422 Quod
1089 374 1129 411 in
1151 373 1203 412 rei
1231 373 1412 423 publicae
1437 381 1592 424 tempus

260 451 340 476 non
372 438 564 485 incideris,
595 439 665 476 sed
696 437 846 476 veneris
878 437 1041 487 (iudicio
1071 437 1176 476 enim
1207 445 1285 485 tuo,
1319 451 1399 476 non
1429 451 1521 476 casu
1551 435 1590 475 in

259 502 387 553 ipsum
421 503 631 542 discrimen
667 517 794 541 rerum
826 502 1025 543 contulisti
1061 502 1301 541 tribunatum
1334 503 1474 553 tuum),
1509 516 1593 553 pro-

259 568 363 605 fecto
384 566 520 615 vides3
550 575 697 616 quanta
717 566 773 605 vis
800 566 839 604 in
867 581 906 605 re
932 566 1090 616 publica
1120 575 1339 617 temporum
1363 567 1421 614 sit,
1445 575 1591 617 quanta

258 632 421 670 varietas
452 646 591 679 rerum,
621 646 740 683 quam
770 632 907 671 incerti
936 631 1071 679 exitus,
1102 646 1221 683 quam
1251 632 1439 672 flexibiles
1469 633 1592 672 homi-

259 711 352 735 num
374 699 607 745 voluntates
630 697 726 748 quid
753 697 992 745 insidiarum,
1016 697 1111 748 quid
1133 697 1312 736 vanitatis
1339 697 1378 736 in
1399 698 1487 746 vita,
1511 712 1590 737 non

257 762 398 802 dubito
419 763 513 812 quin
535 763 693 813 cogites.
737 765 826 810 Sed,
845 763 988 802 amabo
1010 770 1057 811 te,
1077 777 1168 801 cura
1189 771 1228 802 et
1247 763 1386 814 cogita,
1403 763 1591 811 Curio,—

257 828 354 866 nihil
394 828 496 876 novi,
538 830 608 868 sed
646 829 744 868 illud
782 829 899 876 idem,
941 830 1050 880 quod
1095 828 1206 868 initio
1245 828 1379 879 scripsi
1404 845 1410 867 :
1459 837 1589 868 tecum

257 894 429 944 loquere,
466 901 504 933 te
537 893 684 933 adhibe
720 893 760 932 in
791 893 1011 941 consilium,
1040 902 1077 932 te
1107 894 1210 941 audi,
1245 893 1315 933 tibi
1347 895 1586 946 obtempera.

256 959 378 997 Alteri
401 958 467 1009 qui
490 959 629 998 melius
650 959 860 999 consilium
887 961 980 999 dare
1007 959 1129 1010 possit
1154 974 1272 1010 quam
1301 968 1352 1007 tu,
1376 974 1456 999 non
1478 961 1590 999 facile

256 1023 419 1062 inveniri
441 1032 595 1075 potest3
625 1024 695 1063 tibi
716 1039 807 1064 vero
828 1024 901 1075 ipsi
922 1033 1025 1064 certe
1047 1039 1164 1063 nemo
1187 1024 1324 1063 melius
1346 1024 1465 1064 dabit.
1524 1025 1589 1064 Dii

255 1088 522 1129 immortales!
558 1104 625 1128 cur
654 1104 728 1141 ego
757 1091 898 1129 absum
927 1091 988 1129 vel
1018 1098 1213 1140 spectator
1243 1091 1404 1129 laudum
1435 1098 1586 1130 tuarum

255 1156 315 1193 vel
346 1155 540 1206 particeps
564 1157 625 1194 vel
652 1156 782 1195 socius
809 1157 869 1194 vel
900 1155 1075 1194 minister
1105 1155 1392 1194 consiliorum?
1434 1156 1588 1195 tametsi
1636 1173 1647 1180 ·

254 1220 331 1258 hoc
353 1221 515 1260 minime
536 1221 606 1259 tibi
628 1223 739 1260 deest
754 1236 763 1269 3
793 1223 863 1260 sed
884 1230 1016 1260 tamen
1037 1222 1206 1260 efficeret
1227 1220 1458 1271 magnitudo
1478 1228 1516 1260 et
1532 1221 1589 1260 vis

253 1285 396 1323 amoris
419 1285 506 1333 mei,
526 1285 692 1325 consilio
713 1294 751 1324 te
772 1294 814 1324 ut
834 1299 991 1336 possem
1013 1285 1155 1325 iuvare.

210 1356 234 1393 3
308 1350 484 1389 Scribam
506 1352 557 1390 ad
578 1359 616 1390 te
638 1353 747 1401 plura
773 1351 867 1390 alias
885 1367 894 1400 3
924 1351 1059 1402 paucis
1087 1351 1191 1390 enim
1213 1351 1354 1390 diebus
1375 1364 1478 1390 eram
1501 1351 1589 1390 mis-

252 1430 364 1454 surus
394 1416 634 1456 domesticos
666 1417 897 1464 tabellarios,
930 1424 983 1464 ut,
1015 1416 1202 1467 quoniam
1233 1431 1327 1455 sane
1358 1416 1520 1455 feliciter
1551 1425 1589 1456 et

253 1496 297 1519 ex
321 1496 407 1520 mea
428 1482 622 1520 sententia
643 1497 723 1521 rem
752 1482 951 1532 publicam
979 1482 1180 1531 gessimus,
1204 1481 1290 1520 unis
1312 1482 1447 1520 litteris
1470 1482 1587 1521 totius
1611 1501 1624 1521 ,ν

251 1547 408 1586 aestatis
430 1562 488 1585 res
509 1556 636 1597 gestas
657 1549 707 1587 ad
729 1556 907 1586 senatum
930 1547 1220 1597 perscriberem.
1284 1549 1345 1585 De
1366 1547 1586 1586 sacerdotio

253 1621 319 1650 tuo
358 1621 546 1662 quantam
587 1628 719 1651 curam
759 1613 1007 1651 adhibuerim
1048 1627 1246 1662 ‹eluamque
1286 1611 1433 1650 difficili
1472 1612 1511 1650 in
1547 1627 1585 1650 re

250 1686 368 1728 atque
389 1693 516 1726 causa,
541 1692 757 1728 cognosces
782 1694 827 1716 ex
855 1678 900 1716 iis
929 1678 1074 1725 litteris,
1097 1692 1194 1727 quas
1215 1677 1421 1724 Thrasoni,
1446 1677 1585 1716 liberto

204 1753 230 1790 4
251 1752 330 1790 tuo,
354 1744 456 1783 dedi.
518 1746 586 1791 Te,
612 1743 663 1782 ini
686 1743 818 1791 (jin-io,
843 1757 912 1793 pro
938 1752 1003 1781 tua
1031 1742 1250 1781 incredibili
1272 1742 1310 1780 in
1334 1757 1396 1781 me
1418 1743 1585 1781 believe<

249 1809 368 1847 lentia
391 1824 556 1859 meaque
578 1810 669 1847 item
694 1809 729 1847 in
754 1818 791 1848 tc
812 1809 995 1859 singulari
1017 1822 1111 1859 rogo
1131 1816 1250 1858 atque
1271 1823 1351 1855 oro,
1369 1822 1417 1847 ne
1438 1808 1583 1859 patiare
1607 1827 1642 1846 --

249 1873 460 1924 quicquam
494 1875 585 1912 milii
622 1877 672 1913 ad
703 1876 804 1913 lianc
837 1874 1116 1924 provincialem
1147 1873 1367 1925 molestiam
1398 1874 1583 1925 temporis

249 1939 454 1989 prorogari.
521 1943 705 1979 l‘raesens
742 1949 871 1979 tecum
905 1940 975 1989 egi,
1013 1931 1103 1978 cum
1136 1948 1174 1978 te
1209 1948 1250 1978 tr.
1288 1941 1338 1990 pl.
1373 1939 1447 1978 isto
1478 1953 1583 1978 anno

250 2006 329 2042 sore
351 2019 428 2042 non
453 2014 640 2054 putarem,
665 2005 838 2055 itemque
861 2005 977 2055 petivi
1003 2019 1120 2055 saepe
1142 2019 1209 2055 per
1229 2004 1385 2052 litteras,
1408 2005 1477 2043 scd
1500 2012 1581 2042 tuni

248 2069 357 2119 quasi
379 2084 401 2107 a
423 2074 664 2117 †senatuore,
690 2070 936 2109 nobilissimo
961 2078 1092 2109 tamen
1113 2071 1368 2110 adulescente
1388 2077 1427 2108 et
1445 2069 1582 2120 gratio-

293 2183 311 2202 2
337 2173 468 2214 timide]
491 2179 617 2204 temer(-
640 2175 741 2213 lx'lsjwt
876 2186 894 2213 3
921 2175 952 2205 in
973 2174 1048 2205 add.
1071 2174 1259 2214 IVcscnIng
1407 2184 1430 2213 9
1449 2174 1576 2210 rogita.

248 2217 352 2247 Curio
379 2218 492 2247 Klots:
529 2218 724 2256 cogitationi
759 2222 803 2247 (-e
833 2219 910 2258 (ilx')
938 2218 1050 2249 codsa:
1085 2219 1241 2257 cogitatio
1268 2217 1339 2248 MV:
1365 2217 1446 2256 sorl.
1470 2217 1579 2256 cogita

249 2266 356 2291 tecum
453 2271 483 2289 ιι
514 2267 547 2291 vt
567 2267 598 2290 tre
624 2262 699 2292 adli.
721 2261 806 2292 redd.
901 2272 934 2300 14
961 2263 1078 2293 absum
1099 2261 1242 2293 MUR:
1273 2272 1390 2300 apsum
1410 2258 1479 2289 llll:
1511 2271 1575 2289 non

247 2305 363 2334 adsum
384 2308 450 2334 wll.
468 2316 473 2335 :
489 2307 568 2342 sors.
590 2305 703 2335 absum
723 2304 778 2346 (et
798 2315 864 2335 nou
884 2306 996 2345 potius
1012 2304 1150 2347 adsum)
1167 2306 1216 2336 vel
1227 2305 1332 2336 simile
1347 2303 1430 2343 quid
1537 2313 1577 2333 22

247 2358 410 2386 quamquae·
431 2347 464 2376 Ν
479 2348 563 2386 vulg.
585 2360 589 2377 :
618 2359 818 2387 quamquam
843 2349 927 2379 redd.
1066 2360 1106 2387 27
1134 2354 1171 2379 tr.
1191 2348 1253 2388 pl]
1278 2354 1442 2388 tyrannus
1464 2347 1577 2386 publio

248 2391 394 2421 lentulus
412 2391 518 2422 cufim:
544 2395 578 2430 ‘J·
602 2392 619 2421 i.
641 2403 670 2421 ’.κ
696 2403 703 2420 1
844 2404 886 2432 29
910 2398 1078 2423 sectatore
1096 2393 1253 2423 §lrciclicr
