1791 2796
184 108 255 168 XI.
275 131 288 167 i
607 131 663 168 M.
696 131 864 168 TVLLI
897 131 1204 169 (ficmoNrs

189 253 215 289 4
236 242 377 280 auxilia
418 243 718 281 descendemus.
781 244 986 281 Succurret
1028 245 1189 281 fortasse
1224 244 1300 282 hoc
1334 245 1424 282 loco
1457 243 1575 282 alicui

240 317 410 345 vestrum
439 321 506 345 eur
534 308 793 346 novissimum
822 316 978 358 tempus
1004 316 1276 358 exspectemus
1298 309 1428 359 potius
1457 322 1577 359 quam

238 386 344 411 nunc
373 373 523 423 aliquid
549 373 766 411 moliamur.
830 373 933 422 Quia
967 373 1033 411 ubi
1060 373 1326 412 consistamus
1353 388 1434 412 non
1462 375 1579 413 habe-

240 452 326 476 mus
360 446 511 489 praeter
551 440 635 477 Sex.
672 439 908 489 Pompeium
949 447 986 477 et
1020 441 1186 477 Bassum
1223 439 1469 487 Caecilium,
1509 438 1577 489 qui

238 504 333 542 mihi
355 504 537 543 videntur
564 506 640 542 hoc
662 504 802 543 nuntio
823 506 873 543 de
895 506 1063 544 Caesare
1083 506 1216 543 adlato
1237 505 1426 544 firmiores
1448 504 1575 543 futuri.
1599 520 1616 551 5

239 570 339 607 Satis
375 577 551 619 tempore
583 571 633 607 ad
666 583 734 608 eos
768 571 1016 616 accedemus,
1055 569 1121 608 ubi
1162 569 1258 620 quid
1293 572 1447 609 valeant
1487 570 1580 609 scie-

241 635 371 673 rimus.
433 637 508 673 Pro
537 634 675 673 Cassio
710 642 747 673 et
780 642 817 673 te
850 634 880 672 si
916 634 1011 684 quid
1040 648 1102 673 me
1129 635 1255 673 velitis
1287 635 1458 686 recipere
1489 634 1581 674 reei-

199 701 347 751 5piam
365 715 374 748 3
414 702 586 750 postulat
626 700 731 739 enim
773 701 848 738 11ος
883 700 1038 738 Hirtius
1073 708 1115 738 ut
1149 700 1300 738 faciam.
1362 703 1477 751 Rogo
1510 714 1580 739 vos

243 780 361 816 quam
390 766 559 816 primum
594 765 689 803 mihi
721 766 941 804 rescribatis
973 766 1082 816 (nam
1113 780 1192 804 non
1224 766 1365 805 dubito
1400 766 1495 816 quin
1530 767 1580 805 de

241 832 301 869 his
336 832 452 869 rebus
487 839 579 869 ante
612 832 748 870 horam
785 839 963 881 quartam
1000 831 1154 869 Hirtius
1189 831 1394 870 certiorem
1435 845 1498 870 me
1532 830 1581 869 sit
1603 845 1643 868 10

242 898 457 946 facturus);
497 910 615 946 quem
651 896 691 934 in
731 898 863 935 locum
904 896 1114 935 convenire
1154 896 1361 946 possimus,
1399 910 1479 947 quo
1518 910 1581 935 me

243 962 368 1000 velitis
390 962 521 1000 venire
542 962 752 1000 rescribite.

150 1062 154 1068 .
197 1031 224 1067 6
300 1030 393 1066 Post
425 1028 683 1066 novissimum
707 1028 812 1066 Hirti
842 1041 1065 1066 sermonem
1087 1028 1275 1079 placitum
1304 1036 1361 1066 est
1389 1028 1485 1066 mihi
1515 1041 1581 1078 po-

245 1095 387 1132 stulare
409 1103 448 1132 ut
471 1094 601 1132 liceret
623 1094 738 1132 nobis
757 1095 911 1132 Romae
925 1107 1010 1132 esse
1027 1094 1188 1144 publico
1204 1093 1409 1144 praesidio.
1459 1094 1580 1142 Quod

244 1160 330 1197 illos
358 1159 473 1197 nobis
501 1173 760 1197 concessuros
788 1173 868 1197 non
897 1167 1022 1209 puto,
1051 1172 1233 1209 magnam
1259 1159 1365 1197 enim
1392 1158 1580 1197 invidiam
1604 1172 1640 1205 ¹5

244 1225 289 1261 iis
322 1224 519 1263 faciemus⁸
582 1224 692 1262 Nihil
725 1232 858 1263 tamen
883 1238 964 1262 non
996 1225 1278 1275 postulandum
1309 1224 1442 1274 putavi
1472 1225 1580 1274 quod

243 1303 414 1340 aequum
436 1302 521 1328 esse
546 1297 768 1328 statuerem.

289 1446 337 1481 II
565 1447 634 1478 Ser.
655 1446 797 1478 Lanuvi
806 1458 853 1478 ex.
875 1458 919 1478 m.
942 1446 1023 1478 Mai.
1045 1458 1075 1478 a.
1098 1457 1155 1487 710
1175 1446 1263 1487 (44).

299 1526 479 1557 BRVTVS
506 1525 563 1555 ΕΤ
588 1524 780 1556 CASSIVS
808 1510 1089 1555 PRAiCTORES
1116 1524 1159 1554 M.
1187 1522 1403 1554 ANTONIO
1429 1522 1528 1554 COS.

212 1619 230 1645 1
306 1607 366 1643 De
392 1613 457 1643 tua
485 1605 563 1642 fide
588 1612 626 1642 et
654 1602 931 1650 benevolentia
958 1602 998 1640 in
1027 1616 1098 1640 nos
1126 1602 1199 1640 nisi
1225 1615 1454 1652 persuasum
1482 1609 1583 1640 esset
1605 1615 1646 1638 20

249 1670 374 1716 nobis,
398 1683 479 1708 non
500 1668 791 1719 scripsissemus
811 1670 909 1707 haec
931 1668 1026 1716 tibi,
1056 1682 1157 1718 quae
1184 1669 1371 1718 profecto,
1396 1666 1582 1717 quoniam

247 1736 364 1773 istum
398 1735 574 1773 animum
610 1734 742 1781 habes,
775 1734 814 1771 in
851 1734 1040 1784 optimam
1074 1741 1222 1784 partem
1252 1732 1431 1783 accipies.
1492 1731 1587 1770 Scri-

246 1801 350 1839 bitur
389 1800 503 1838 nobis
544 1813 726 1849 magnam
767 1807 1043 1853 veteranorum
1083 1798 1376 1837 multitudinem
1414 1799 1584 1835 Romam

247 1866 478 1904 convenisse
500 1865 576 1903 iam
598 1874 635 1903 ct
659 1867 710 1903 ad
742 1867 789 1903 K.
816 1867 901 1903 Iun.
927 1866 1095 1902 suturam
1117 1865 1242 1922 multo
1263 1863 1461 1902 maiorem.
1524 1865 1584 1900 De

250 1940 286 1970 te
314 1931 344 1969 si
372 1931 600 1969 dubitemus
627 1940 693 1969 aut
715 1944 926 1977 vereamur,
952 1929 1072 1968 simus
1101 1929 1220 1968 nostri
1250 1928 1484 1973 dissimile53
1515 1928 1583 1966 sed
1605 1941 1643 1973 25

250 2005 364 2042 certe,
401 2010 490 2033 cum
524 1996 595 2046 ipsi
630 1996 668 2033 111
702 2004 767 2034 tua
800 2003 994 2046 potestate
1026 1994 1212 2033 fuerimus
1244 2003 1392 2044 tuoque
1423 1992 1584 2032 adducti

249 2061 415 2099 consilio
433 2061 697 2099 dimiserimus
719 2075 765 2099 ex
788 2061 1011 2111 municipiis
1027 2068 1182 2099 nostros
1200 2058 1439 2098 necessarios
1456 2070 1585 2107 neque

251 2127 377 2163 solum
411 2125 542 2164 edicto
575 2128 643 2164 sed
679 2126 796 2165 etiam
827 2126 963 2164 litteris
995 2126 1034 2164 id
1067 2124 1283 2171 fecerimus,
1312 2123 1418 2173 digni
1450 2136 1585 2173 sumus

251 2204 351 2240 quos
373 2191 518 2229 habeas
540 2191 595 2229 tui
617 2191 754 2230 consili
781 2191 998 2241 participes,
1023 2191 1061 2228 in
1089 2204 1134 2228 ea
1161 2188 1385 2239 praesertim
1417 2185 1456 2226 re
1483 2200 1583 2237 quae

209 2267 233 2293 2
251 2257 301 2294 ad
332 2269 404 2295 nos
434 2257 612 2307 pertinet.
673 2258 763 2305 Qua
790 2269 829 2295 re
856 2256 1026 2305 petimus
1052 2269 1074 2293 a
1101 2263 1138 2293 te
1163 2253 1280 2292 facias
1306 2266 1377 2291 nos
1401 2252 1582 2290 certiores
1603 2265 1645 2296 30

295 2372 330 2392 21
353 2373 421 2393 non
440 2362 698 2402 scripsissemus
714 2359 807 2392 HD:
839 2361 1156 2401 conscrips-issemus
1169 2358 1226 2390 M:
1248 2368 1314 2389 non
1328 2357 1585 2398 conscripsisse-

251 2416 325 2437 mus
343 2411 412 2437 velt.
