1791 2796
242 130 271 166 I.
294 129 323 164 ii
643 128 697 165 M.
730 127 898 164 TVLLI
931 126 1238 165 CICERONIS

271 241 442 286 facturn:
473 238 761 289 perspiciebant
792 238 896 276 enirn
927 238 966 276 in
999 237 1188 276 Hortensi
1217 237 1451 277 sententiam
1473 237 1604 277 multis

271 305 444 355 partibus
476 306 595 354 pluris
626 304 758 351 ituros,
782 317 1022 354 quamquam
1053 311 1185 353 aperte
1217 303 1406 342 Volcacio
1436 304 1604 342 adsenti-

271 378 412 409 rentur.
475 369 592 408 Multi
623 369 869 420 rogabantur,
898 377 1017 418 atque
1047 368 1086 408 id
1117 369 1245 419 ipsum
1277 369 1505 407 consulibus
1530 381 1605 406 mm

227 443 251 480 3
271 435 410 482 invitis,
446 448 536 473 nam
568 434 602 473 ei
640 434 769 472 Bibuli
801 434 1035 472 sententiam
1066 435 1193 472 valere
1224 433 1440 484 cupierunt.
1515 436 1605 473 Hac

269 500 534 539 controversia
564 513 688 550 usque
717 501 768 538 ad
799 507 956 538 noctem
986 500 1106 537 ducta
1132 507 1290 538 senatus
1320 499 1504 538 dimissus
1534 508 1601 538 est.

271 567 356 614 Ego
377 578 425 604 eo
446 565 510 604 die
531 578 624 603 casu
645 565 753 614 apud
778 564 1012 614 Pompeium
1043 563 1179 602 cenavi
1211 571 1429 614 nactusque
1449 572 1605 614 tempus

269 631 345 668 hoc
367 630 488 680 magis
510 629 698 668 idoneum
729 642 848 679 quam
879 642 1067 678 umquam
1097 636 1222 674 antea,
1246 630 1355 678 quod
1384 637 1473 679 post
1493 636 1604 668 tuum

268 694 487 733 discessum
518 694 548 732 is
579 693 663 733 dies
693 692 993 732 honestissimus
1024 692 1138 731 nobis
1166 694 1289 732 fuerat
1314 693 1353 731 in
1381 701 1529 741 senatu,
1552 693 1605 733 ita

269 773 355 798 sum
377 773 467 798 cum
490 759 555 797 illo
585 761 750 806 locutus,
774 767 815 797 ut
846 758 940 796 mihi
968 758 1118 797 viderer
1146 758 1323 796 animum
1353 758 1524 797 hominis
1552 759 1604 797 ab

268 825 376 863 omni
407 825 482 863 alia
512 824 749 875 cogitatione
780 825 830 862 ad
861 832 969 862 tuam
999 823 1229 874 dignitatem
1258 825 1447 862 tuendam
1477 825 1604 862 tradu-

269 903 366 928 cere.
439 890 570 939 Quem
602 902 675 939 ego
710 889 839 940 ipsum
871 902 961 927 cum
996 888 1126 936 audio,
1160 901 1316 939 prorsus
1351 901 1441 927 eum
1481 888 1604 928 libero

268 954 377 992 omni
423 954 648 1005 suspicione
691 953 941 1004 cupiditatis,
984 967 1074 992 cum
1113 961 1245 992 autem
1285 953 1367 992 eius
1406 953 1603 992 familiaris

269 1020 448 1058 omniurn
479 1020 662 1059 ordinum
693 1019 820 1067 video,
857 1019 1062 1070 perspicio,
1103 1019 1144 1058 id
1173 1020 1282 1070 quod
1311 1018 1388 1057 iam
1418 1019 1603 1058 omnibus

269 1094 326 1124 est
347 1093 536 1136 apertum,
556 1094 679 1125 totam
697 1099 776 1124 rern
793 1084 907 1123 istam
924 1085 1002 1123 iam
1024 1084 1176 1135 pridem
1197 1098 1219 1123 a
1239 1084 1353 1124 certis
1374 1084 1602 1124 hominibus

269 1164 348 1189 non
370 1151 492 1189 invito
512 1165 601 1202 rege
622 1151 708 1201 ipso
728 1150 1037 1201 consiliariisque
1058 1150 1140 1189 eius
1161 1163 1246 1189 esse
1267 1158 1501 1201 corruptam.

223 1233 249 1270 4
325 1218 439 1256 Haec
460 1216 595 1267 scripsi
615 1231 648 1255 a.
672 1218 708 1255 d.
733 1229 803 1254 xvi
829 1218 878 1254 K.
904 1215 1133 1255 Februarias
1153 1224 1244 1255 ante
1274 1217 1402 1255 lucem
1422 1230 1431 1264 ;
1460 1229 1508 1254 eo
1537 1215 1602 1255 die

268 1291 426 1321 senatus
465 1290 546 1321 erat
584 1284 746 1321 futurus.
818 1283 903 1320 Nos
942 1281 981 1320 in
1016 1289 1165 1329 senatu,
1199 1295 1318 1332 quem
1351 1282 1402 1320 ad
1437 1282 1600 1320 modum

268 1361 393 1398 spero,
430 1347 660 1397 dignitatem
696 1354 880 1394 nostram,
922 1355 963 1385 ut
1002 1354 1132 1397 potest
1170 1347 1210 1385 in
1248 1355 1356 1386 tanta
1394 1347 1601 1385 hominum

269 1412 431 1462 perfidia
470 1421 507 1451 et
547 1412 763 1462 iniquitate,
805 1412 1084 1460 retinebi1nus3
1132 1414 1240 1462 quod
1279 1414 1330 1451 ad
1370 1413 1600 1463 popularem

269 1477 461 1516 rationem
490 1477 639 1524 attinet,
673 1479 749 1516 hoc
779 1477 959 1516 videmur
988 1491 1073 1516 esse
1102 1477 1316 1525 consecuti,
1352 1485 1394 1516 ut
1425 1491 1474 1516 ne
1504 1477 1600 1528 quid

267 1542 329 1593 agi
359 1556 449 1581 curn
480 1544 628 1592 populo
659 1549 726 1580 aut
757 1541 872 1580 salvis
901 1540 1086 1592 auspiciis
1114 1550 1181 1580 aut
1211 1541 1325 1580 salvis
1355 1541 1505 1592 legibus
1533 1550 1600 1580 aut

267 1608 440 1658 denique
475 1608 558 1646 sine
588 1607 625 1646 vi
654 1615 797 1658 posset.
859 1609 920 1660 I)e
954 1606 1014 1645 his
1048 1607 1164 1646 rebus
1194 1607 1329 1658 pridie,
1360 1620 1478 1657 quam
1503 1608 1600 1645 haec

268 1673 414 1724 scripsi,
438 1682 596 1712 senatus
626 1673 836 1712 auctoritas
870 1672 1096 1723 gravissima
1126 1672 1353 1720 intercessit,
1385 1672 1447 1711 cui
1478 1686 1599 1723 quom

268 1739 370 1777 Cato
391 1746 428 1776 et
450 1738 641 1777 Caninius
662 1737 983 1785 intercessissent,
1007 1746 1139 1776 tamen
1163 1746 1220 1776 est
1247 1737 1483 1788 perscripta;
1512 1751 1598 1776 eam

266 1804 316 1841 ad
338 1811 375 1841 te
398 1803 555 1841 missam
577 1817 662 1842 esse
681 1803 855 1841 arbitror.
917 1805 978 1841 De
1008 1802 1145 1841 ceteris
1175 1803 1290 1841 rebus
1320 1802 1508 1852 quicquid
1529 1802 1599 1842 erit

266 1875 410 1915 actum,
434 1869 601 1907 scribam
622 1870 673 1907 ad
695 1876 732 1907 te
753 1876 801 1915 et,
826 1876 867 1906 ut
892 1881 1011 1918 quarn
1042 1860 1255 1907 rectissime
1283 1875 1450 1918 agantur
1466 1867 1599 1907 omnia

268 1945 355 1970 mea
375 1945 477 1979 cura,
501 1946 629 1983 opera,
653 1933 864 1982 diligentia,
887 1933 1007 1982 gratia
1027 1922 1254 1983 providebo.

311 2047 331 2075 3
358 2046 423 2066 non
442 2035 516 2066 add.
543 2034 731 2076 chscnbetg
886 2048 903 2075 4
930 2037 1108 2075 cupierunt
1128 2035 1218 2067 MR:
1247 2036 1420 2075 cupierant
1438 2033 1596 2076 Madin'g:

267 2079 449 2118 cupiebant
470 2078 598 2118 G.so›·!.
620 2083 695 2110 recle
822 2079 896 2109 Hac
917 2080 1024 2111 Cra!.:
1052 2080 1134 2110 hacc
1150 2078 1238 2110 codd.
1354 2089 1373 2117 5
1398 2084 1449 2109 cst
1471 2079 1596 2109 Wesen-

267 2123 359 2162 betg:
386 2128 419 2152 et
437 2121 524 2153 codd.
636 2133 677 2153 22
702 2129 816 2162 posset
836 2122 896 2153 M:
921 2123 977 2153 -sit
998 2122 1060 2152 GR
1164 2132 1205 2160 23
1229 2133 1329 2161 quom
1348 2121 1597 2153 Mendelssohn:

267 2176 366 2204 quam
385 2164 453 2195 Ml:
481 2175 555 2195 cum
573 2164 697 2196 M‘GR
838 2167 881 2195 26
905 2171 1049 2204 agantur
1067 2165 1118 2195 R:
1145 2170 1263 2204 agatur
1280 2164 1351 2196 MG
1453 2165 1595 2207 omnia]

269 2209 359 2239 omni
380 2208 455 2240 Vict.
474 2209 562 2250 vulg.
580 2221 587 2240 :
615 2208 730 2240 omnia
747 2218 837 2239 omni
855 2208 944 2239 Koch

1624 515 1641 545 5

1625 839 1665 861 10

1622 1494 1657 1516 20

1620 1820 1657 1853 ²5

1780 567 1791 674 „us->nr
1780 120 1791 549 ψῌ
