1791 2796
152 860 189 882 10

569 145 681 183 EPP.
714 145 791 182 AD
827 145 1174 182 FAMILIARES
1501 143 1531 182 Ι.
1549 143 1594 181 ἰΧ

209 256 374 295 stantiae
407 255 501 294 mihi
533 255 898 306 pertimescendam,
931 254 961 293 si
996 255 1235 306 quibusdam
1265 255 1305 294 in
1336 255 1538 294 sententiis

209 323 370 371 paulum
407 336 470 360 me
501 320 756 359 inmutassem
791 334 1002 370 meamque
1030 322 1273 359 voluntatem
1309 321 1359 359 ad
1395 316 1538 359 summi

208 385 276 424 viri
301 388 351 425 de
377 400 520 436 meque
544 385 693 436 optime
717 385 843 424 meriti
868 385 1098 436 dignitatem
1125 386 1409 436 adgregassem.

263 452 310 489 In
350 452 423 489 hac
462 450 656 490 sententia
694 451 1019 501 complectendus
1059 458 1139 489 erat
1174 450 1269 488 mihi
1306 452 1459 497 Caesar,
1497 458 1537 489 ut
1557 464 1600 492 12

207 516 327 563 vides,
361 516 401 554 in
435 516 647 555 coniuncta
685 523 722 554 et
757 529 875 554 causa
913 523 951 554 et
986 515 1185 566 dignitate.
1252 515 1331 554 Hic
1371 518 1537 554 multum

207 581 326 620 valuit
360 596 450 620 curn
485 590 595 620 vetus
629 581 811 628 amicitia,
846 595 963 632 quam
997 590 1038 619 tu
1073 595 1153 620 non
1186 581 1338 632 ignoras
1374 581 1469 619 mibi
1501 589 1539 620 et

209 647 360 696 Quinto
390 646 494 685 fratri
524 661 614 685 cum
647 649 815 687 Caesare
846 647 975 694 fuisse,
1009 654 1091 685 tum
1124 646 1346 685 humanitas
1381 646 1463 685 eius
1493 660 1538 685 ac

208 711 416 750 liberalitas
441 711 548 751 brevi
569 720 745 762 tempore
766 720 804 750 et
824 711 959 750 litteris
984 720 1022 750 et
1043 711 1179 750 officiis
1201 720 1404 762 perspecta
1425 711 1539 750 nobis

209 784 246 814 et
273 776 438 827 cognita.
498 778 765 815 Vehementer
792 776 909 815 etiam
937 790 996 814 res
1024 776 1107 827 ipsa
1131 777 1290 827 publica
1317 790 1380 815 me
1404 777 1537 823 movit,

209 856 309 893 quae
357 842 453 881 mihi
491 843 697 881 videbatur
739 842 1048 889 contentionem,
1089 842 1316 893 praesertim
1361 842 1539 881 maximis

208 907 323 946 rebus
360 922 383 946 a
418 909 585 947 Caesare
623 907 751 958 gestis,
788 921 878 945 cum
918 907 991 945 illis
1026 907 1114 945 viris
1154 909 1259 946 nolle
1291 907 1371 945 fieri
1404 916 1452 953 et,
1489 922 1539 946 ne

207 973 326 1019 fieret,
350 974 603 1011 vehementer
632 986 820 1011 recusare.
883 971 1120 1011 Gravissime
1148 981 1280 1011 autem
1311 986 1373 1010 me
1398 972 1436 1010 in
1465 974 1538 1011 hac

208 1046 339 1077 mente
372 1038 526 1089 impulit
560 1046 599 1077 et
628 1037 793 1088 Pompei
828 1039 936 1084 fideS,
965 1052 1082 1088 quam
1114 1039 1163 1076 de
1194 1052 1256 1076 me
1288 1037 1442 1078 Caesari
1474 1039 1539 1076 de-

208 1105 326 1151 derat,
364 1111 401 1142 et
440 1103 563 1142 fratris
611 1104 698 1151 mei,
740 1118 858 1154 quam
904 1104 1106 1154 Pompeio.
1180 1105 1300 1141 Erant
1341 1112 1539 1154 praeterea

208 1169 305 1207 haec
333 1168 682 1208 animadvertenda
706 1169 745 1207 in
771 1169 936 1216 civitate,
961 1183 1061 1219 quae
1089 1177 1179 1207 sunt
1203 1170 1309 1218 apud
1334 1171 1537 1207 Platonem

208 1241 384 1272 nostrum
433 1234 575 1284 scripta
622 1234 819 1280 divinitus,
871 1235 1007 1284 quales
1055 1234 1093 1271 in
1143 1248 1182 1272 re
1233 1233 1391 1284 publica
1440 1233 1538 1283 prin-

207 1297 314 1348 cipes
360 1307 501 1345 essent,
543 1298 628 1337 talis
667 1298 837 1349 reliquos
876 1300 1001 1337 solere
1040 1312 1124 1337 esse
1163 1298 1267 1336 civis.
1332 1299 1536 1337 Tenebam

207 1363 397 1402 memoria
434 1364 549 1403 nobis
587 1364 816 1403 consulibus
857 1378 903 1403 ea
941 1365 1200 1403 fundamenta
1237 1363 1338 1402 iacta
1375 1363 1451 1402 iam
1491 1378 1537 1402 ex

209 1430 258 1466 K.
307 1429 496 1467 Ianuariis
544 1429 804 1469 confirmandi
851 1437 1019 1476 senatus,
1071 1437 1112 1467 ut
1160 1428 1359 1467 neminem
1409 1428 1536 1467 mirari

150 1509 164 1529 2
207 1501 402 1543 oporteret
433 1493 559 1532 Nonis
592 1495 799 1532 Decembr.
829 1502 981 1532 tantum
1011 1495 1072 1532 vel
1103 1493 1224 1532 animi
1254 1493 1371 1532 fuisse
1400 1493 1439 1532 in
1470 1493 1536 1532 illo

207 1558 344 1597 ordine
370 1560 431 1597 vel
460 1558 710 1606 auctoritatis,
734 1559 921 1609 idemque
950 1558 1206 1597 memineram
1238 1558 1352 1596 nobis
1378 1558 1536 1609 privatis

206 1636 330 1673 usque
362 1625 414 1663 ad
442 1625 650 1663 Caesarem
682 1632 720 1662 et
753 1623 939 1663 Bibulum
974 1625 1167 1670 consules,
1197 1637 1287 1661 cum
1319 1623 1536 1662 sententiae

206 1696 361 1727 nostrae
395 1703 580 1739 magnum
619 1689 658 1727 in
698 1698 835 1728 senatu
869 1690 1026 1739 pondus
1065 1690 1266 1735 haberent,
1301 1702 1422 1726 unum
1457 1690 1536 1727 fere

206 1767 365 1792 sensum
395 1753 513 1792 fuisse
543 1755 739 1793 bonorum
769 1754 957 1793 omnium.
1020 1756 1171 1799 Postea,
1202 1767 1292 1791 cum
1322 1762 1363 1791 tu
1393 1753 1535 1803 Hispa-

206 1818 311 1857 niam
343 1818 561 1858 citeriorem
597 1833 687 1858 cum
715 1818 879 1869 imperio
909 1818 1107 1857 obtineres
1134 1832 1263 1868 neque
1291 1832 1350 1856 res
1377 1817 1533 1869 publica

206 1885 386 1921 consules
408 1884 579 1930 haberet,
596 1885 665 1922 sed
688 1891 920 1922 mercatores
937 1883 1224 1934 provinciarum
1242 1891 1279 1921 et
1295 1882 1534 1922 seditionum

205 1962 336 1987 servos
365 1962 410 1986 ac
439 1948 646 1995 ministros,
669 1948 759 1987 iecit
786 1947 947 1998 quidam
977 1961 1091 1985 casus
1119 1956 1237 1997 caput
1265 1962 1396 1986 meum
1424 1947 1535 1998 quasi

205 2013 426 2053 certaminis
454 2028 572 2053 causa
592 2014 631 2052 in
657 2013 828 2053 mediam
849 2014 1145 2053 contentionem
1167 2014 1536 2064 dissensionemque

205 2078 369 2117 civilem.
430 2080 521 2127 Quo
543 2078 581 2116 in
603 2078 828 2117 discrimine
852 2092 941 2117 cum
968 2078 1153 2117 mirificus
1180 2088 1348 2125 senatus,
1373 2079 1536 2118 incredi-

149 2157 162 2169 0
205 2142 292 2181 bilis
314 2142 450 2182 Italiae
470 2143 600 2190 totius,
619 2143 821 2194 singularis
842 2143 1020 2182 omnium
1041 2145 1236 2183 bonorum
1258 2157 1473 2182 consensus
1494 2143 1534 2182 in

247 2249 268 2278 6
293 2253 326 2279 et
343 2248 470 2287 Quinto
486 2248 593 2289 vulg:
620 2253 653 2279 et
671 2259 734 2287 quc
753 2247 810 2278 M:
835 2254 935 2288 atquc
953 2249 1014 2280 GR
1149 2259 1187 2279 12
1213 2249 1298 2280 hanc
1317 2254 1461 2280 mentem
1478 2249 1534 2279 Μ’)

208 2292 246 2321 18
271 2292 355 2322 iacta
372 2292 436 2322 iam
452 2292 584 2323 Baitcr:
611 2293 764 2324 iactatam
783 2291 842 2322 ill:
868 2294 987 2323 iactata
1007 2292 1069 2323 GR
1085 2305 1091 2323 :
1116 2292 1200 2323 iacta
1218 2293 1271 2322 ,w
1390 2304 1430 2323 22
1454 2304 1532 2323 con-

204 2335 296 2365 sules
313 2334 386 2364 M’·:
413 2336 587 2366 consulem
605 2335 689 2367 codd.
782 2346 824 2376 29
848 2337 1009 2367 mirificus
1023 2337 1177 2376 senatus]
1194 2337 1369 2367 Gran-sm:
1395 2336 1532 2366 mirifica

203 2383 342 2409 senatus
358 2378 417 2409 M:
442 2379 601 2411 mirificus
619 2385 652 2411 ct
672 2379 735 2411 GR
833 2390 878 2419 30
902 2391 1089 2411 consensus
1106 2380 1193 2410 codd.
1208 2392 1213 2411 :
1239 2380 1420 2410 consensio
1438 2383 1531 2420 (cum

206 2421 354 2459 mirificass
376 2422 413 2452 N
427 2422 526 2453 Orelli

1555 1765 1597 1801 13
