1791 2796
528 155 638 192 EPP.
673 155 750 191 Al)
782 154 1128 191 FAMILIARES
1446 152 1562 190 XLii

163 272 254 303 tuae
277 265 487 303 voluntatis
514 265 551 303 111
583 279 664 311 nos,
696 273 860 315 putesne
886 278 957 302 nos
986 272 1089 302 tutos
1118 266 1198 302 sore
1226 264 1264 302 in
1296 271 1401 302 tanta
1428 265 1495 302 sre-

163 330 323 380 quentia
354 331 519 369 militum
543 339 826 377 veterant‘num,
850 345 949 380 quos
972 330 1088 368 etiam
1111 331 1160 368 de
1183 331 1409 380 reponenda
1431 343 1495 367 ara

163 395 333 445 cogitare
371 396 578 443 audimus;
621 397 729 446 quod
770 398 868 434 velle
908 403 945 434 et
986 397 1150 445 probare
1185 396 1246 433 vix
1286 395 1495 445 quisquam

163 474 279 511 posse
311 461 463 499 videtur
497 461 565 511 qui
596 474 668 499 nos
705 463 831 499 salvos
866 469 903 499 et
937 463 1125 499 honestos
1156 461 1257 499 velit.
1319 462 1403 498 Nos
1444 460 1496 498 ab

126 540 143 571 5
164 526 276 564 initio
308 534 504 576 spectasse
535 526 659 564 otium
694 540 767 565 nec
799 526 1012 576 quicquam
1042 526 1145 565 aliud
1180 526 1358 565 libertate
1392 539 1497 563 com-

166 591 274 629 muni
309 591 507 641 quaesisse
539 592 662 630 exitus
696 593 878 630 declarat.
940 593 1088 630 Fallere
1118 606 1236 630 nemo
1266 605 1337 629 nos
1367 598 1496 641 potest

166 656 241 694 nisi
270 664 322 704 tu,
347 658 454 706 quod
485 664 588 695 certe
617 657 727 696 abest
757 657 807 695 ab
835 665 901 695 tua
928 657 1068 695 virtute
1095 665 1132 695 et
1166 658 1266 705 fide3
1302 658 1371 695 sed
1397 656 1495 694 alius

167 735 285 760 nemo
312 723 535 760 facultatem
558 722 675 761 habet
697 721 921 772 decipiendi
943 736 1014 760 nos
1031 737 1039 769 3
1071 722 1139 760 tibi
1162 722 1266 760 enim
1288 722 1355 760 uni
1376 721 1496 759 credi-

167 787 297 825 dimus
327 794 365 825 et
395 786 576 825 credituri
607 800 752 825 sumus.
814 786 991 824 Maximo
1021 786 1160 825 timore
1187 788 1237 825 de
1262 786 1376 824 nobis
1403 787 1496 824 adfi-
1516 790 1540 827 3

109 865 148 889 10
168 852 323 890 ciuntur
355 852 471 890 amici
506 852 650 900 nostri;
695 852 838 903 quibus
870 852 941 890 etsi
971 860 1037 890 tua
1068 853 1164 890 fides
1195 854 1392 902 explorata
1426 859 1495 898 est,

168 926 300 956 tamen
334 917 430 956 illud
466 917 504 955 in
541 925 713 956 mentem
750 917 866 965 venit,
902 917 1193 956 multitudinem
1226 925 1498 955 veteranorum

168 983 317 1021 facilius
347 982 493 1033 impelli
524 983 574 1021 ab
604 983 687 1021 aliis
719 983 895 1033 quolibet
927 996 1044 1032 quam
1072 996 1095 1020 a
1124 990 1161 1021 te
1188 982 1342 1021 retineri
1371 996 1497 1032 posse.

171 1047 378 1086 Rcscribas
409 1048 522 1086 nobis
547 1049 598 1087 ad
624 1048 757 1086 onmia
799 1062 979 1098 rogamus
996 1063 1005 1095 ‚3
1035 1061 1125 1086 nam
1152 1047 1247 1086 illud
1275 1048 1387 1086 valde
1417 1049 1500 1085 leve

170 1122 227 1151 est
254 1127 298 1151 ac
326 1113 584 1163 nugatorium,
609 1128 654 1152 ea
686 1128 724 1152 re
757 1114 1033 1152 denuntiatum
1062 1127 1146 1152 6556
1167 1113 1368 1160 veteranis,
1393 1114 1500 1163 quod

112 1190 150 1223 15
172 1181 221 1217 de
255 1178 476 1217 commodis
508 1192 643 1217 eorum
678 1192 812 1217 mense
849 1179 965 1217 Iunio
1004 1180 1150 1216 laturus
1184 1191 1299 1217 esses.
1371 1180 1500 1227 Quem

171 1244 275 1282 enim
298 1243 582 1293 impedimento
604 1245 776 1282 futurum
798 1251 922 1294 putas,
947 1257 1036 1281 cum
1065 1244 1114 1281 de
1139 1243 1253 1281 nobis
1278 1251 1426 1281 certum
1455 1243 1502 1281 sit

171 1324 243 1348 nos
286 1309 519 1359 quieturos?
587 1311 679 1347 Non
720 1310 912 1348 debemus
953 1309 1136 1358 cuiquam
1176 1308 1297 1347 videri
1336 1309 1501 1346 nimium

171 1375 303 1425 cupidi
334 1374 445 1422 vitae,
469 1388 559 1412 cum
590 1374 768 1413 accidere
797 1374 912 1413 nobis
940 1373 1036 1412 nihil
1064 1373 1185 1424 possit
1218 1373 1300 1412 siue
1330 1374 1502 1424 pernicie

172 1448 209 1478 et
230 1439 462 1478 confusione
487 1439 665 1478 omnium
688 1453 825 1478 rerum.

115 1622 156 1645 20
216 1608 289 1642 III
464 1610 533 1642 Ser.
556 1610 695 1651 Neapoli
703 1609 789 1650 prid.
810 1608 896 1639 Non.
916 1607 1005 1638 Sext.
1027 1618 1056 1638 a.
1081 1618 1137 1646 710
1155 1606 1241 1648 (44).

300 1688 480 1719 BRVTVS
506 1688 563 1719 ET
588 1687 778 1719 CASSIVS
806 1686 874 1716 PR.
905 1685 938 1716 S.
969 1685 1008 1715 D.
1035 1684 1248 1714 ANTONIO
1273 1684 1370 1715 COS.

227 1768 263 1804 S.
287 1780 319 1804 v.
344 1767 379 1804 b.
442 1766 606 1804 Litteras
634 1773 720 1804 tuas
747 1764 911 1814 legimus
934 1762 1149 1801 simillimas
1176 1762 1294 1800 edicti
1321 1762 1387 1809 tui,
1412 1776 1501 1800 con-
1520 1774 1536 1801 1

174 1832 411 1878 tumeliosas,
437 1831 618 1877 minacis,
652 1830 814 1869 minime
840 1830 978 1880 dignas
1000 1842 1101 1878 quae
1125 1842 1147 1866 a
1174 1835 1212 1865 te
1236 1828 1350 1866 nobis
1378 1828 1503 1866 mitte-

176 1905 317 1935 rentur.
378 1898 473 1941 Nos,
506 1896 665 1943 Antoni,
704 1904 741 1934 te
776 1897 882 1933 nulla
922 1893 1163 1932 lacessiimus
1198 1892 1336 1931 iniuria
1375 1906 1504 1942 neque

118 1976 156 2007 25
178 1962 405 1999 miraturum
426 1961 675 2008 credidimus,
699 1960 730 1998 si
751 1968 947 2011 praetores
976 1968 1013 1997 et
1039 1972 1084 1997 ea
1112 1958 1300 2008 dignitate
1325 1958 1505 1996 homines

176 2027 324 2077 aliquid
346 2026 476 2064 edicto
498 2028 805 2076 postulassemus
826 2039 847 2063 a
865 2026 1036 2063 consule.
1099 2024 1219 2073 Quod
1242 2022 1271 2061 si
1293 2022 1505 2072 indignaris

176 2105 291 2130 ausos
326 2104 410 2129 esse
445 2090 484 2129 id
519 2093 655 2138 facere,
688 2092 864 2129 concede
897 2090 1011 2128 nobis
1042 2098 1083 2128 ut
1116 2090 1320 2127 doleamus
1350 2102 1399 2126 ne
1429 2089 1505 2125 1106

177 2157 338 2206 quidem
362 2157 432 2194 abs
454 2165 491 2194 te
514 2158 636 2194 Bruto
663 2164 700 2194 et
728 2156 866 2196 Cassio
894 2155 1021 2194 tribui.
1084 2156 1187 2193 Nam
1217 2155 1267 2192 de
1297 2152 1505 2192 dilectibus
1524 2162 1548 2189 2

178 2222 321 2260 habitis
342 2230 380 2260 et
401 2220 805 2272 pecuniishnperatis,
825 2220 1056 2259 exercitibus
1075 2218 1290 2258 sollicitatis
1306 2226 1344 2257 et
1360 2217 1506 2255 nuntiis

120 2299 161 2331 30
179 2294 283 2325 trans
305 2300 410 2324 mare
431 2286 557 2324 missis
585 2287 692 2336 quod
718 2294 755 2324 te
779 2294 961 2336 questum
983 2299 1067 2324 esse
1094 2298 1223 2334 negas,
1246 2297 1319 2322 nos
1346 2283 1506 2333 quidem

180 2352 251 2390 tibi
284 2352 480 2391 credimus
512 2351 664 2401 optimo
697 2351 830 2389 animo
860 2359 898 2389 te
928 2351 1076 2397 fecisse,
1112 2351 1181 2388 sed
1215 2357 1346 2387 tamen
1380 2361 1508 2397 neque

457 2462 460 2463 ’
487 2466 526 2494 24
553 2455 760 2486 lacessiimus
777 2458 848 2486 velt.
866 2466 872 2485 :
900 2455 1092 2486 lacessimus
1109 2453 1197 2484 codd.
1362 2495 1424 2525 21*
