1791 2796
120 158 239 196 XIII.

218 448 235 474 1

261 169 322 196 xv
629 159 684 197 M.
717 159 885 209 TVLLI
918 158 1225 196 CICERONIS

299 282 383 317 XV
571 285 642 318 Scr.
666 285 796 316 Romae
812 297 859 318 cx.
882 296 928 318 m.
948 285 1049 318 [llari.
1067 296 1096 318 a.
1118 296 1176 327 709
1196 285 1276 328 (45).

632 363 806 395 CICERO
833 363 1038 395 CAESARI
1067 363 1159 396 IMP.
1186 363 1220 396 S.

312 442 520 481 Precilium
569 441 639 480 tibi
694 443 936 481 commendo
984 442 1110 490 unice,
1156 441 1212 480 tui
1261 441 1465 490 necessari,
1515 442 1592 482 mei

255 508 554 556 familiarissimi,
577 508 647 547 viri
674 509 812 559 optimi
835 509 969 548 filium.
1030 511 1162 559 Quem
1184 523 1274 548 cum
1296 510 1591 549 adulescentem

255 574 385 624 ipsum
420 582 580 625 propter
612 575 695 613 eius
728 575 976 622 modestiam,
1011 575 1308 623 humanitatem,
1343 574 1519 613 animum
1554 584 1592 614 et

255 654 430 678 amorem
452 654 542 691 erga
563 654 626 679 me
647 641 883 691 singularem
906 641 1067 679 mirifice
1084 641 1215 691 diligo,
1234 649 1317 679 tum
1338 649 1488 691 patrem
1510 641 1592 680 eius

255 720 295 744 re
316 707 459 744 doctus
481 705 653 744 intellexi
669 714 706 745 et
727 706 848 746 didici
871 706 966 744 mihi
987 707 1106 746 fuisse
1123 720 1277 757 semper
1297 706 1590 746 amicissimum.

257 774 333 810 Em
348 771 410 810 hic
425 771 488 810 ille
510 779 568 810 est
591 769 657 824 [de
671 770 774 824 illis],
795 772 963 811 maxime
985 772 1051 823 qui
1073 772 1241 811 inridere
1254 779 1372 823 atque
1389 772 1594 823 obiurgare

257 851 320 876 me
341 837 477 875 solitus
499 845 568 884 est,
592 839 701 887 quod
731 852 793 876 me
824 851 903 876 non
931 846 1076 885 tecum,
1100 837 1327 888 praesertim
1353 851 1443 877 cum
1464 839 1534 878 abs
1555 847 1593 877 te

257 902 659 942 honorificentissime
682 903 874 951 invitarer,
897 903 1205 954 coniungerem,

391 970 476 1007 ἀλλ’
506 970 595 1019 ἐμὸν
623 971 665 1007 οὔ
694 987 783 1008 ποτε
814 970 930 1019 θυμὸν
959 970 1010 1008 ἐνὶ
1039 970 1248 1020 στήθεσσιν
1277 969 1429 1008 ἔπειθεν.

258 1034 483 1074 Audiebam
506 1034 611 1073 enim
634 1043 787 1073 nostros
809 1049 990 1086 proceres
1011 1035 1246 1074 clamitantis
1264 1051 1270 1074 :

445 1102 602 1151 ἄλκιμος
631 1101 724 1146 ἕσσ’,
757 1102 813 1139 ἵνα
842 1103 895 1143 τίς
925 1120 968 1140 σε
999 1103 1059 1140 καὶ
1087 1103 1269 1154 ὀψιγόνων
1298 1103 1335 1140 ἐὺ
1365 1102 1459 1152 εἴπῃ.

445 1167 492 1208 ὣς
521 1168 630 1215 φάτο,
660 1168 724 1205 τὸν
753 1168 782 1205 δ’
812 1169 920 1219 ἄχεος
950 1169 1089 1218 νεφέλη
1119 1169 1279 1218 ἐκάλυψε
1307 1168 1476 1218 μέλαινα.

216 1237 240 1265 2
259 1232 338 1271 Sed
360 1239 491 1271 tamen
513 1234 618 1271 ldem
637 1247 699 1272 me
719 1235 974 1272 consolantur
994 1234 1111 1272 etiam
1129 1249 1138 1282 3
1169 1233 1371 1272 hominem
1393 1241 1593 1284 perustum

221 1963 244 1999 3

259 1298 475 1337 etiamnum
496 1298 618 1349 gloria
638 1300 775 1337 volunt
796 1298 1008 1338 incendere
1028 1307 1146 1349 atque
1167 1298 1220 1337 ita
1240 1300 1477 1349 loquuntur:

446 1365 498 1414 μὴ
527 1366 601 1414 μὰν
630 1365 793 1403 ἀσπουδί
818 1382 861 1417 γε
891 1365 950 1403 καὶ
980 1367 1132 1406 ἀκλειῶς
1161 1366 1382 1415 ἀπολοίμην,
1412 1364 1414 1367 ’

448 1432 546 1468 ἀλλὰ
574 1431 667 1483 μέγα
697 1432 804 1481 ῥέξας
832 1449 867 1470 τι
898 1432 957 1469 καὶ
987 1432 1228 1481 ἐσσομένοισι
1257 1431 1453 1470 πυθέσθαι.

258 1496 337 1534 Sed
363 1508 425 1534 me
455 1495 585 1534 minus
616 1496 693 1534 iam
725 1506 896 1544 movent,
921 1504 962 1535 ut
992 1496 1111 1536 vides.
1174 1498 1314 1547 Itaque
1343 1497 1394 1535 ab
1426 1495 1593 1535 Homeri

260 1561 595 1612 magniloquentia
615 1563 776 1600 confero
798 1576 860 1600 mc
881 1563 931 1601 ad
953 1576 1041 1601 vera
1062 1570 1270 1613 praccepta
1290 1562 1488 1612 Εὐριπίδου
1505 1576 1511 1600 ;

500 1631 599 1677 μισῶ
629 1629 831 1678 σοφιστήν,
862 1628 965 1669 ὅστις
994 1631 1063 1679 οὐχ
1092 1630 1189 1679 αὑτῷ
1218 1629 1350 1676 σοφός,

259 1707 378 1744 quem
413 1707 567 1732 versum
600 1706 719 1732 senex
755 1693 942 1733 Precilius
977 1695 1110 1733 laudat
1145 1693 1295 1744 egregie
1330 1701 1368 1732 et
1397 1693 1449 1731 ait
1479 1705 1595 1743 posse

260 1761 431 1799 eundem
453 1767 492 1799 et
517 1749 598 1810 Αἅμα
628 1761 786 1810 πρόσσω
819 1760 877 1798 καὶ
909 1761 1056 1799 ὀπίσσω
1077 1759 1208 1798 videre
1240 1768 1277 1798 et
1312 1767 1443 1798 tamen
1472 1758 1595 1796 nihilo

263 1826 391 1864 minus

451 1894 526 1931 αἰὲν
554 1893 758 1943 ἀριστεύειν
787 1893 845 1930 καὶ
874 1894 1070 1945 ὑπείροχον
1099 1893 1248 1942 ἔμμεναι
1278 1893 1414 1930 ἄλλων.

318 1958 395 1996 Sed
418 1966 459 1996 ut
475 1959 632 1997 redeam
649 1959 700 1997 ad
722 1958 761 1996 id
783 1960 889 1997 unde
910 1958 1034 2009 coepi,
1054 1959 1306 1996 vehementer
1327 1956 1422 1995 mihi
1443 1963 1593 2006 gratum

264 2022 410 2069 feceris,
447 2024 475 2060 si
517 2025 623 2061 hunc
661 2025 956 2062 adulescentem
998 2023 1241 2062 humanitate
1280 2031 1356 2070 tua,
1398 2035 1499 2072 quac
1537 2028 1594 2060 est

262 2088 476 2137 singularis,
493 2089 839 2138 comprehenderis
854 2090 954 2127 etad
970 2088 1020 2136 id,
1037 2090 1145 2138 quod
1159 2088 1331 2138 ipsorum
1344 2086 1594 2125 Preciliorum

262 2167 379 2191 causa
401 2162 437 2191 te
459 2155 556 2191 velle
577 2154 752 2201 arbitror,
775 2154 974 2193 addideris
1004 2155 1206 2192 cumulum
1237 2150 1594 2191 commendationis

265 2232 384 2256 meae.
445 2221 599 2257 (Jenere
628 2232 731 2257 novo
761 2232 846 2257 sum
876 2219 1087 2257 litterarum
1118 2220 1168 2257 ad
1196 2226 1233 2257 te
1261 2232 1363 2265 usus,
1388 2225 1428 2255 ut
1450 2216 1595 2254 intelle-

263 2298 372 2334 geres
393 2298 472 2322 non
496 2286 692 2334 vulgarem
716 2298 800 2322 esse
823 2284 1223 2323 commendationem.

304 2392 324 2421 8
351 2390 411 2421 Em
439 2390 496 2420 M:
534 2400 598 2420 0111.
629 2388 722 2419 HD:
763 2399 804 2418 en
832 2393 903 2420 vrtf.
1072 2390 1114 2419 (lc
1143 2389 1207 2419 illis
1235 2400 1300 2420 om.
1333 2387 1425 2418 HD:
1465 2387 1507 2417 de
1530 2387 1594 2418 tuis

267 2434 454 2473 llzvsmtmg
563 2445 584 2473 9
610 2433 696 2463 soliti
715 2438 791 2464 sunt
810 2431 930 2464 Lamb.
1063 2444 1098 2472 ¹9
1123 2443 1175 2462 me
1193 2433 1301 2463 minus
1318 2431 1411 2463 HD:
1437 2430 1594 2462 miminus

267 2479 321 2507 ‚111
350 2478 459 2509 minus
477 2478 607 2509 Ernesti

1612 586 1630 618 5

1616 920 1655 943 10

1617 1249 1653 1282 15

1614 1575 1656 1598 20

1616 2228 1655 2259 30
