1791 2796
516 154 628 192 EPP.
661 155 739 191 AD
771 154 1124 192 FAMILIARES
1445 154 1587 193 111.ix

144 265 287 313 statim,
309 272 352 304 ut
371 266 590 317 appellatus
619 265 830 316 imperator
858 265 943 313 sim,
972 266 1043 304 sed
1072 264 1156 304 aliis
1186 265 1302 304 rebus
1333 266 1477 304 additis

143 330 379 381 aestivisque
400 330 589 369 confectis
606 330 751 369 litteras
769 330 951 368 miserim.
1004 331 1118 368 Haec
1140 330 1254 380 igitur
1274 330 1345 369 tibi
1367 338 1478 369 erunt

143 410 268 445 curae,
292 410 411 447 quem
437 398 488 435 ad
513 397 677 435 modum
705 396 891 443 ostendis,
923 409 1066 447 meque
1095 404 1222 435 totum
1253 404 1291 434 et
1323 410 1409 435 mea
1439 404 1477 435 et

146 476 254 502 meos
286 463 586 502 commendatos
616 462 790 501 habebis.

105 633 122 665 5
187 625 230 662 X
451 628 518 660 Ser.
548 627 727 659 Laudiceae
750 640 794 660 m.
820 628 925 670 April.
954 639 984 661 a.
1008 639 1069 669 704
1088 629 1172 670 (50).

484 705 660 737 CICERO
686 705 828 736 APPIO
855 705 1079 737 PVLCHRO
1106 706 1141 739 S.

198 786 302 825 Cum
333 793 390 824 est
419 786 470 824 ad
500 798 572 824 nos
602 786 776 824 adlatum
806 787 857 824 de
886 786 1105 824 temeritate
1135 799 1285 834 eorum,
1311 787 1377 837 qui
1408 787 1477 826 tibi
1500 798 1516 826 1

143 851 344 901 negotium
373 852 617 897 facesserent,
641 850 712 889 etsi
738 850 903 901 graviter
933 850 1059 901 primo
1087 850 1227 890 nuntio
1254 860 1477 891 commotus

144 930 241 963 sum,
283 917 391 966 quod
430 915 526 954 nihil
564 924 643 954 tam
683 924 835 966 praeter
868 916 1098 966 opinionem
1134 930 1264 956 meam
1298 918 1477 957 accidere

87 1000 125 1022 10
144 981 284 1032 potuit,
305 989 450 1029 tamen,
471 989 512 1019 ut
534 994 597 1019 me
618 981 785 1031 conlegi,
800 988 927 1020 cetera
949 981 1002 1020 mi
1023 982 1208 1020 facillima
1228 982 1477 1031 videbantur,

143 1048 252 1097 quod
291 1055 328 1085 et
367 1047 406 1084 in
446 1054 483 1085 te
522 1047 607 1097 ipso
646 1046 856 1086 maximam
896 1060 1006 1098 spem
1042 1055 1079 1086 et
1111 1048 1150 1085 in
1185 1048 1261 1086 tuis
1294 1062 1476 1099 magnam

143 1112 351 1159 habebam,
384 1113 586 1161 multaque
617 1112 711 1149 mihi
742 1111 952 1151 veniebant
984 1113 1024 1150 in
1057 1120 1245 1161 mentem,
1276 1127 1394 1163 quam
1425 1114 1478 1152 ob

143 1191 224 1216 rem
256 1177 374 1215 istum
406 1177 581 1216 laborem
613 1177 684 1215 tibi
714 1177 832 1216 etiam
864 1178 1005 1216 honori
1034 1185 1212 1228 putarem
1244 1180 1325 1217 fore
1342 1194 1352 1227 3
1382 1179 1478 1218 illud

143 1244 259 1292 plane
312 1244 476 1281 moleste
528 1243 608 1290 tuli,
659 1244 768 1293 quod
821 1243 1081 1282 certissimum
1135 1252 1173 1283 et
1220 1244 1477 1284 iustissimum

88 1322 123 1353 15
144 1308 385 1358 triumphum
416 1309 492 1346 hoc
521 1308 744 1347 invidorum
770 1308 935 1347 consilio
960 1322 1045 1348 esse
1073 1309 1145 1348 tibi
1173 1318 1350 1360 ereptum
1375 1310 1478 1349 vide-

144 1373 245 1411 bam.
307 1374 427 1421 Quod
457 1381 498 1411 tu
528 1373 560 1411 si
590 1373 687 1412 tanti
717 1373 848 1422 facies,
870 1374 1005 1424 quanti
1033 1388 1106 1424 ego
1134 1388 1288 1425 semper
1309 1375 1477 1414 iudicavi

144 1438 367 1476 ‚faciendum
385 1451 482 1486 esse,
498 1438 616 1477 facies
637 1438 833 1489 sapienter
853 1447 891 1478 et
911 1453 1001 1489 ages
1023 1439 1146 1478 victor
1166 1454 1213 1479 ex
1228 1440 1478 1479 inimicorum

143 1505 279 1542 dolore
318 1503 560 1554 triumphum
599 1504 866 1543 iustissimum.
939 1507 1024 1555 Ego
1063 1506 1168 1544 enim
1208 1507 1324 1556 plane
1362 1506 1479 1544 video

144 1571 225 1608 fore
256 1569 394 1617 nervis,
425 1570 580 1620 opibus,
611 1570 802 1621 sapientia
832 1579 911 1617 tua,
941 1572 1195 1610 vehementer
1225 1579 1267 1610 ut
1298 1571 1477 1610 inimicos

87 1653 126 1675 20
145 1643 232 1674 tuos
264 1635 460 1686 paeniteat
493 1636 816 1686 intemperantiae
851 1650 953 1675 suae.
1016 1639 1077 1676 De
1109 1651 1172 1677 me
1203 1637 1274 1676 tibi
1304 1637 1359 1676 sic
1389 1650 1480 1676 con-

144 1709 290 1739 testans
322 1701 450 1740 omnis
483 1702 578 1740 deos
613 1701 801 1752 promitto
832 1710 951 1752 atque
982 1703 1186 1750 confirmo,
1219 1716 1282 1741 me
1312 1716 1382 1752 pro
1412 1710 1478 1741 tua

144 1767 333 1817 dignitate
353 1766 475 1818 (malo
506 1768 610 1806 enim
640 1768 770 1806 dicere
793 1781 911 1818 quam
933 1771 942 1788 ‘
958 1781 1028 1818 pro
1055 1769 1179 1807 salute
1193 1768 1217 1819 ’)
1239 1768 1279 1806 in
1300 1769 1373 1807 hac
1394 1781 1479 1818 pro-

144 1832 284 1880 vincia,
318 1832 381 1871 cui
412 1840 454 1871 tu
486 1833 698 1883 praefuisti,
731 1834 908 1883 rogando
943 1833 1219 1883 deprecatoris,
1260 1833 1477 1871 laborando

145 1896 366 1947 propinqui,
388 1897 618 1936 auctoritate
639 1897 716 1936 cari
738 1898 923 1946 hominis,
945 1906 986 1936 ut
1014 1911 1142 1948 spero,
1162 1898 1269 1948 apud
1290 1898 1477 1945 civitates,

90 1981 102 2001 2
109 1981 124 2011 5
145 1961 330 2011 gravitate
344 1961 586 2012 imperatoris
603 1971 875 2013 suscepturum
890 1963 1018 2002 officia
1033 1970 1152 2013 atque
1165 1962 1294 2013 partis.
1332 1963 1478 2002 Omnia

145 2028 235 2065 volo
251 2039 273 2065 a
290 2040 352 2065 me
368 2034 406 2065 et
426 2028 600 2077 postules
622 2036 660 2066 et
681 2036 881 2078 exspectes
897 2043 906 2076 3
934 2028 1088 2067 vincam
1111 2028 1207 2067 meis
1224 2028 1360 2066 officiis
1378 2028 1478 2078 cogi-

147 2091 314 2130 tationes
336 2100 431 2130 tuas,

201 2158 249 2205 Q.
286 2157 469 2196 Servilius
501 2158 698 2208 perbrevis
730 2159 826 2197 mihi
859 2173 882 2198 a
915 2168 953 2198 te
987 2160 1132 2199 litteras
1162 2159 1346 2207 reddidit,
1376 2173 1477 2209 quae
1496 2174 1519 2201 2

147 2221 243 2259 mihi
275 2230 406 2261 tamen
441 2222 556 2261 nimis
576 2224 730 2274 ,longae
759 2224 865 2263 visae
893 2232 983 2263 sunt
999 2240 1008 2272 3
1037 2224 1218 2263 iniuriam
1248 2224 1354 2263 enim
1381 2223 1475 2261 mihi

90 2303 128 2334 30
148 2286 229 2324 fieri
250 2287 451 2336 putabam,
473 2301 563 2326 cum
589 2290 761 2339 rogabar.
823 2291 982 2329 Nollem
1009 2290 1218 2329 accidisset
1247 2298 1416 2340 tempus,
1437 2288 1477 2326 in

148 2363 228 2401 quo
257 2351 475 2403 perspicere
504 2366 652 2404 posses,
679 2354 815 2404 quanti
844 2362 896 2403 te,
922 2355 1059 2405 quanti
1089 2354 1337 2406 Pompeium,
1358 2365 1477 2405 quem

645 2467 687 2487 22
711 2457 756 2488 ita
774 2458 861 2489 malo
881 2458 978 2489 Orelli
