1791 2796
175 135 306 174 V11.i
640 136 696 172 M.
728 135 896 172 TVLLI
928 133 1234 173 CICERONIS

261 247 367 286 enim
392 247 493 287 facio
522 248 572 287 de
600 261 699 286 meo.
762 248 866 285 Nam
894 246 1064 297 primum
1089 245 1250 284 honoris
1279 259 1397 283 causa
1427 244 1466 283 in
1497 258 1598 282 scae-

262 327 353 352 nam
375 313 570 352 redierant
587 312 622 359 ii,
642 326 742 363 quos
763 326 836 363 ego
852 311 1013 350 honoris
1029 324 1148 349 causa
1163 313 1213 350 de
1226 324 1369 349 scaena
1384 309 1598 349 decessisse

261 378 485 417 arbitrabar.
549 377 725 417 Deliciae
752 392 844 417 vero
869 386 970 424 tuae,
999 385 1132 416 noster
1162 378 1355 426 Aesopus,
1382 375 1466 414 eius
1491 374 1599 414 modi

263 443 334 482 fuit
364 452 405 482 ut
438 443 473 482 ei
506 443 685 482 desinere
718 457 785 493 per
823 442 953 482 omnis
990 442 1172 481 homines
1204 441 1345 479 liceret.
1408 442 1447 479 Is
1477 440 1600 478 iurare

264 523 354 548 cum
390 509 595 560 coepisset,
629 523 704 548 vox
735 522 826 547 eum
861 507 1005 547 defecit
1039 507 1079 545 in
1114 507 1181 546 illo
1215 508 1329 545 loco:
1378 505 1442 544 ‘Si
1473 505 1600 544 sciens

264 576 380 614 fallo.y
449 575 558 624 Quid
593 574 662 613 tibi
702 589 776 625 ego
813 573 890 612 alia
924 575 1109 611 narrem?
1151 571 1254 611 nosti
1289 571 1395 610 enim
1430 571 1601 621 reliquos

264 642 404 687 ludos;
439 640 505 691 qui
538 655 587 679 ne
619 640 658 679 id
693 640 855 690 quidem
888 639 1030 689 leporis
1060 639 1293 684 habuerunt,
1331 638 1440 687 quod
1475 638 1602 675 solent

266 706 485 746 mediocres
514 706 607 745 ludi.
668 708 890 756 Apparatus
911 705 1016 744 enim
1039 704 1229 755 spectatio
1249 704 1412 742 tollebat
1441 716 1600 741 omnem

266 772 510 818 hilaritatem,
541 786 621 822 quo
648 771 809 822 quidem
841 779 1030 822 apparatu
1060 784 1141 809 non
1172 769 1312 808 dubito
1344 768 1439 819 quin
1468 767 1602 806 animo

266 837 504 888 aequissimo
532 837 709 876 carueris.
771 836 879 886 Quid
913 836 1018 876 enim
1049 835 1322 875 delectationis
1351 834 1499 873 habent
1528 847 1603 872 ses-

266 903 370 942 centi
413 903 508 942 muli
556 903 595 941 in
643 904 971 953 ‘Clytaemestra'
1018 910 1085 941 aut
1132 902 1171 940 in
1222 903 1362 951 ‘liquo
1409 900 1604 940 'I'roiano'

267 978 520 1009 creterrarum
542 969 612 1007 tria
638 969 744 1007 milia
771 977 838 1007 aut
862 977 1057 1007 armatura
1084 967 1187 1006 varia
1210 966 1408 1018 peditatus
1432 974 1470 1005 et
1499 965 1605 1016 equi-

269 1044 370 1074 tatus
411 1035 449 1073 in
495 1035 626 1085 aliqua
664 1037 827 1086 pugna?
874 1048 974 1084 quae
1020 1035 1251 1084 popularem
1301 1032 1603 1071 admirationem

225 1115 249 1152 3
269 1102 500 1148 habuerunt,
524 1100 828 1139 delectationem
857 1099 928 1138 tibi
958 1101 1106 1138 nullam
1136 1098 1366 1137 attulissent.
1427 1099 1548 1147 Quod
1572 1096 1604 1136 si

270 1176 310 1206 tu
341 1181 409 1218 per
439 1181 506 1206 eos
537 1167 621 1206 dies
648 1180 808 1217 operam
836 1165 979 1205 dedisti
1013 1164 1222 1215 Protogeni
1253 1173 1332 1212 tuo,
1355 1165 1450 1204 dum
1482 1165 1604 1204 modo

270 1232 301 1271 is
333 1232 402 1270 tibi
435 1231 591 1282 quidvis
622 1231 753 1282 potius
786 1245 903 1281 quam
940 1230 1136 1269 orationes
1168 1244 1275 1268 meas
1306 1229 1450 1280 legerit,
1483 1243 1532 1267 ne
1563 1237 1604 1268 tu

271 1298 376 1336 haud
416 1299 535 1348 paulo
573 1299 661 1347 plus
700 1311 819 1347 quam
863 1296 1071 1347 quisquam
1116 1303 1293 1334 nostrum
1333 1294 1605 1333 delectationis

271 1362 452 1401 habuisti.
525 1364 618 1401 Non
657 1362 763 1400 enim
803 1370 840 1400 te
879 1370 976 1412 puto
1015 1363 1187 1399 Graecos
1226 1368 1292 1398 aut
1327 1354 1453 1398 Oscos
1492 1361 1607 1398 ludos

271 1427 526 1474 desiderasse,
561 1427 789 1477 praesertim
830 1441 920 1465 cum
961 1427 1089 1465 Oscos
1123 1427 1183 1464 vel
1224 1425 1263 1463 in
1303 1433 1439 1463 senatu
1480 1432 1607 1463 vestro

273 1502 449 1545 spectare
489 1493 624 1544 possis,
663 1495 836 1531 Graecos
876 1492 928 1531 ita
968 1506 1047 1531 non
1087 1505 1195 1530 ames
1234 1499 1275 1529 ut
1311 1505 1360 1529 ne
1394 1491 1443 1529 ad
1476 1489 1605 1528 villam

273 1559 435 1612 quidem
469 1567 576 1597 tuam
610 1558 672 1596 via
707 1560 858 1597 Graeca
896 1557 949 1596 ire
989 1559 1125 1596 soleas.
1198 1558 1300 1595 Nam
1337 1555 1431 1606 quid
1464 1569 1536 1605 ego
1572 1563 1608 1593 te

274 1626 441 1664 athletas
462 1632 596 1675 putem
618 1622 851 1669 desiderare,
875 1622 941 1673 qui
963 1621 1197 1672 gladiatores
1218 1620 1531 1670 contempseris?
1570 1619 1608 1657 in

275 1690 419 1741 quibus
451 1689 533 1740 ipse
574 1688 786 1739 Pompeius
826 1689 1034 1727 confitetur
1068 1701 1109 1726 se
1143 1695 1180 1726 et
1215 1700 1373 1737 operam
1409 1694 1446 1724 et
1478 1687 1609 1724 oleum

276 1755 502 1806 perdidisse.
564 1754 756 1804 Reliquae
784 1761 874 1792 sunt
899 1752 1128 1792 venationes
1156 1751 1272 1791 binae
1297 1765 1365 1801 per
1388 1751 1473 1789 dies
1500 1749 1610 1800 quin-

277 1835 364 1872 que,
394 1819 635 1871 magnificae,
664 1833 783 1858 nemo
813 1827 929 1870 negat
945 1833 954 1867 ;
984 1819 1054 1857 sed
1079 1831 1180 1868 quae
1204 1825 1333 1868 potest
1353 1815 1504 1856 homini
1525 1829 1610 1855 esse
1652 1833 1667 1863 ,-

278 1886 401 1936 polito
431 1884 650 1930 delectatio,
678 1899 768 1924 cum
798 1893 865 1924 aut
894 1886 1016 1924 homo
1046 1883 1266 1927 imbecillus
1295 1896 1317 1921 a
1346 1881 1612 1921 valentissima

279 1951 403 1990 bestia
416 1951 583 1989 laniatur
595 1959 662 1989 aut
679 1952 874 2001 praeclara
895 1950 1020 1989 bestia
1041 1950 1238 1988 venabulo
1253 1947 1612 1987 transverberatur?

283 2019 397 2066 Quae
419 2025 561 2063 tamen,
586 2016 616 2054 si
638 2016 810 2056 videnda
831 2024 930 2062 sunt,
955 2030 1072 2066 saepe
1099 2014 1228 2053 vidisti
1248 2029 1259 2062 ς
1286 2027 1416 2064 neque
1440 2026 1522 2058 nos,
1546 2010 1613 2061 qui

281 2085 378 2122 haec
413 2092 645 2133 spectamus,
681 2083 891 2133 quicquam
926 2083 1015 2122 novi
1051 2082 1232 2121 vidimus.
1304 2082 1510 2118 Extremus
1541 2079 1613 2116 ele-

282 2150 517 2199 phantorum
544 2148 628 2187 dies
650 2148 730 2186 fuit.
792 2150 838 2186 In
867 2162 947 2198 quo
973 2147 1181 2186 admiratio
1206 2159 1347 2196 magna
1367 2143 1470 2194 vulgi
1495 2151 1613 2192 atque
1634 2158 1649 2187 .'

284 2214 430 2260 turbae,
465 2212 674 2252 delectatio
715 2214 821 2251 nulla
859 2212 1028 2252 exstitit:
1071 2211 1166 2261 quin
1201 2210 1317 2249 etiam
1351 2207 1616 2248 misericordia

330 2329 348 2348 2
374 2316 565 2348 decessisse
583 2321 652 2348 vctl.
673 2328 679 2347 :
711 2317 810 2346 dis-c·
829 2316 861 2346 R
881 2315 1043 2347 scessissc
1065 2314 1147 2345 GR:
1174 2315 1315 2344 dccessc
1334 2312 1373 2343 st!
1389 2311 1615 2342 Mmdclssolm

293 2372 298 2390 ι
314 2373 321 2391 ι
352 2362 594 2402 clytaemestra
612 2361 669 2390 M:
696 2359 899 2390 clitcmestra
918 2359 971 2390 R:
998 2358 1227 2389 clitemenstra
1248 2357 1275 2388 G
1392 2366 1428 2386 12
1454 2360 1615 2386 creterra-

289 2415 359 2436 rum
378 2405 479 2443 codd,
498 2405 536 2444 qs.
555 2403 705 2435 Nonium
719 2410 752 2444 p.
772 2413 834 2443 547
851 2415 856 2433 τ
884 2408 1085 2434 craterarum
1111 2402 1198 2442 vulg.
1335 2410 1375 2439 23
1399 2399 1509 2430 oleum
1528 2398 1613 2438 MR,

302 2450 324 2485 s.
344 2449 414 2480 Art.
436 2450 465 2479 ii.
488 2459 535 2487 ¹7-
561 2459 573 2479 1
592 2459 599 2478 :
625 2447 800 2479 consilium
820 2448 847 2478 G
981 2457 1022 2486 29
1045 2445 1271 2485 spectavimus
1289 2444 1418 2474 Ernesti

1627 851 1663 871 10

1630 1506 1668 1526 20
