1791 2796
139 888 177 909 10

135 1540 174 1561 20

564 174 675 212 EPP.
709 174 786 210 AD
819 173 1166 210 FAMILIARES
1472 173 1543 211 VI.
1567 172 1628 209 vii

199 287 320 325 multa
359 285 496 333 minui,
531 287 652 324 multa
691 286 842 333 sustuli,
877 286 1080 336 complura
1119 299 1168 324 ne
1203 285 1317 337 posui
1357 284 1529 336 quidem.

198 352 328 400 Quem
360 352 411 390 ad
444 353 607 390 modum
642 351 768 401 igitur,
803 352 993 389 scalarum
1031 352 1173 402 gradus
1209 352 1239 389 si
1275 350 1371 389 alios
1406 352 1532 397 tollas,

196 416 293 456 alios
323 416 486 463 incidas,
518 430 598 455 non
630 418 758 455 nullos
794 418 894 455 male
926 416 1121 455 haerentis
1157 416 1366 466 relinquaS,
1398 416 1532 455 ruinae

197 482 412 533 periculum
445 490 580 530 struaS,
613 496 694 520 non
728 495 934 520 ascensum
970 495 1094 532 pareS,
1124 481 1179 520 sic
1210 489 1266 520 tot
1302 481 1413 520 malis
1447 488 1530 519 turn

196 547 370 586 vinctum
418 555 501 586 turn
547 548 712 586 fractum
758 547 933 586 studium
979 547 1176 586 scribendi
1223 546 1319 597 quid
1365 546 1530 597 dignum

195 613 352 652 auribus
382 621 448 651 aut
479 613 682 664 probabile
712 620 840 664 potest
866 614 1047 652 adferre?

250 678 353 717 Cum
383 692 474 717 vero
503 679 553 717 ad
584 678 705 729 ipsius
736 678 912 718 Caesaris
944 692 1089 717 nomen
1120 678 1219 725 veni,
1252 686 1337 717 toto
1367 690 1530 728 corpore
1548 689 1573 725 4

195 750 466 782 contremesco
495 757 575 782 non
610 757 762 794 poenae
796 751 917 791 metu,
946 745 1015 782 sed
1049 743 1151 782 illius
1191 742 1322 782 iudici.
1381 744 1529 782 Totum

194 809 301 848 enim
323 810 532 848 Caesarem
562 822 642 848 non
673 809 774 848 novi.
836 810 967 858 Quem
997 816 1110 859 putas
1140 808 1317 847 animum
1343 821 1441 855 esse,
1463 808 1530 847 ubi

196 887 329 913 secum
358 874 556 924 loquitur?
613 875 730 913 ‘Hoc
760 874 956 925 probabit,
977 876 1053 913 hoc
1074 874 1237 912 verbum
1268 872 1530 924 suspiciosum

195 947 262 978 est.
334 939 455 988 Quid,
485 939 516 977 si
547 941 622 978 hoc
653 942 795 978 muto?
850 942 903 977 At
933 953 1067 978 vereor
1097 952 1146 977 ne
1181 938 1292 989 peius
1327 937 1385 976 sit.
1446 939 1530 988 Age

194 1017 298 1052 vero,
323 1005 440 1042 laudo
470 1004 640 1054 aliquem
657 1019 666 1052 3
704 1017 785 1043 non
815 1006 1007 1044 offendo?
1064 1005 1167 1043 Cum
1196 1017 1311 1054 porro
1336 1003 1530 1054 reprendo

193 1070 378 1120 aliquem,
410 1068 520 1120 quid,
554 1069 585 1107 si
618 1083 699 1108 non
734 1071 847 1108 vult?
904 1069 1053 1108 Armati
1087 1070 1219 1108 stilum
1254 1068 1527 1120 persequitur3

194 1134 286 1173 victi
306 1143 344 1173 et
364 1135 543 1173 nondum
566 1134 730 1173 restituti
752 1135 847 1185 quid
869 1134 984 1173 faciet
1000 1137 1036 1173 ?'

248 1202 379 1250 Auges
400 1199 517 1238 etiam
539 1208 580 1238 tu
602 1199 697 1238 mihi
725 1199 917 1247 timorem,
941 1199 1007 1250 qui
1029 1200 1068 1237 in
1093 1203 1101 1219 ‘
1115 1200 1303 1238 Oratore’
1325 1206 1393 1237 tuo
1415 1213 1528 1238 caves

193 1265 263 1303 tibi
290 1278 358 1315 per
380 1266 543 1303 Brutum
572 1272 609 1303 et
637 1266 687 1303 ad
717 1265 1009 1303 excusationem
1040 1264 1190 1303 socium
1221 1264 1384 1314 quaeris.
1446 1264 1529 1304 Ubi

193 1332 269 1369 hoc
299 1330 477 1369 omnium
509 1337 695 1381 patronus
725 1330 829 1378 facit,
856 1330 952 1380 quid
983 1343 1059 1377 me,
1080 1337 1250 1368 veterem
1276 1337 1401 1377 tuum,
1422 1343 1528 1367 nunc

193 1395 371 1434 omnium
393 1395 590 1443 clientem,
611 1395 754 1434 sentire
778 1397 964 1445 oportet?
1022 1396 1068 1433 In
1099 1396 1172 1433 hac
1198 1394 1312 1444 igitur
1332 1394 1528 1432 calumnia

193 1460 341 1500 timoris
380 1468 418 1499 et
457 1474 596 1499 caecae
635 1459 868 1511 suspicionis
907 1467 1114 1506 tormento,
1149 1473 1240 1497 cum
1279 1458 1446 1509 plurima
1476 1461 1527 1497 ad

191 1526 308 1565 alieni
332 1539 468 1565 sensus
496 1525 775 1572 coniecturam,
803 1539 883 1563 non
912 1526 962 1564 ad
993 1538 1107 1563 suum
1138 1523 1327 1563 iudicium
1357 1523 1527 1562 scriban-

192 1600 262 1640 tur,
290 1605 408 1642 quam
438 1591 596 1630 difficile
626 1590 674 1629 sit
703 1591 879 1638 evadere,
906 1590 937 1628 si
967 1589 1096 1628 minus
1127 1596 1307 1639 expertus
1337 1603 1391 1636 es,
1416 1591 1525 1639 quod

191 1665 229 1696 te
257 1659 308 1696 ad
338 1656 472 1696 onmia
505 1669 703 1695 summum
736 1662 855 1706 atque
889 1657 1082 1694 excellens
1116 1654 1316 1704 ingenium
1348 1655 1525 1702 armavit,

190 1736 262 1762 nos
296 1722 496 1761 sentimus
557 1723 634 1760 Sed
669 1728 801 1760 tamen
833 1734 906 1771 ego
940 1720 1021 1758 filio
1054 1720 1238 1766 dixeram,
1276 1719 1418 1757 librum
1454 1719 1524 1758 tibi

190 1789 332 1838 legeret
362 1796 400 1826 et
428 1789 595 1826 auferret
623 1794 691 1825 aut
720 1800 766 1825 ea
795 1785 1031 1824 condicione
1061 1786 1180 1831 daret,
1208 1784 1239 1822 si
1265 1784 1456 1834 reciperes
1486 1792 1523 1822 te

155 1871 170 1901 5
190 1851 467 1899 correcturum,
488 1854 564 1891 hoc
585 1860 643 1891 est
663 1851 694 1890 si
715 1858 842 1890 totum
863 1850 982 1889 alium
1004 1851 1160 1888 faceres.

246 1921 307 1957 De
327 1917 502 1956 Asiatico
523 1917 673 1964 itinere,
695 1929 935 1967 quamquam
967 1928 1121 1953 summa
1145 1914 1355 1954 necessitas
1377 1927 1523 1965 preme-
1542 1919 1566 1957 5

189 1984 270 2032 bat,
290 1991 332 2022 ut
352 1983 563 2034 imperasti,
584 1982 668 2021 feci.

242 2053 302 2089 Te
340 2065 410 2101 pro
449 2064 512 2089 me
550 2050 646 2100 quid
685 2051 846 2087 horter?
902 2048 1024 2087 Vides
1056 2055 1211 2097 tempus
1244 2045 1410 2093 venisse,
1442 2059 1522 2096 quo

189 2129 349 2155 necesse
376 2115 423 2153 sit
453 2116 503 2153 de
533 2114 647 2153 nobis
677 2113 872 2153 constitui.
933 2112 1041 2151 Nihil
1072 2120 1142 2160 est,
1164 2111 1217 2150 mi
1239 2111 1389 2157 Cicero,
1413 2111 1522 2160 quod

134 2195 147 2225 ς
190 2180 312 2219 filium
334 2194 466 2219 meum
488 2187 699 2230 exspectes.
758 2179 1005 2217 Adulescens
1026 2185 1084 2216 est
1102 2192 1112 2224 3
1149 2176 1283 2215 omnia
1303 2175 1521 2226 excogitare

189 2248 249 2285 vel
270 2246 401 2285 studio
421 2247 481 2284 vel
502 2252 628 2284 aetate
648 2246 709 2283 vel
730 2252 837 2283 metu
858 2258 938 2282 non
959 2252 1098 2294 potest.
1148 2245 1296 2282 Totum
1318 2241 1520 2293 negotium

237 2360 274 2380 12
299 2361 367 2381 non
395 2350 423 2380 G
451 2348 659 2390 lVesenbm-g:
695 2359 772 2378 num
792 2347 864 2377 MR
955 2348 1123 2387 reprendo
1141 2347 1286 2386 aliquem
1310 2344 1520 2386 lVesenberg:

190 2393 358 2424 offendam
376 2392 462 2423 codd.
616 2394 654 2424 18
678 2391 805 2423 sentire
823 2402 887 2423 om.
909 2391 1043 2422 Ernesti
1176 2401 1216 2429 24
1243 2389 1292 2430 et]
1312 2394 1345 2420 et
1363 2393 1420 2420 aut
1437 2398 1515 2419 com.

190 2436 304 2467 Baiter
433 2438 475 2466 26
498 2446 626 2467 summa
643 2446 698 2466 1116
716 2435 832 2466 Lamb.

1374 2488 1433 2518 11*-
