1791 2796
560 160 671 198 EPP.
704 160 781 197 AD
814 160 1161 198 FAMILIARES
1479 161 1526 198 X.
1546 156 1655 197 xxxi

237 295 390 331 XXXI
487 299 557 331 Sc».
578 298 744 330 Cordubae
759 299 828 329 xvii
842 299 884 330 K.
904 299 988 340 Apr.
1009 310 1039 330 a.
1064 308 1118 338 711
1135 298 1217 340 (4j).

439 378 475 408 C.
502 377 690 410 ASINIVS
717 376 889 407 POLLIO
915 376 1144 407 CICERONI
1172 377 1205 407 S.
1236 376 1275 406 D.

248 455 416 494 Minime
450 454 591 494 mirum
621 453 692 493 tibi
722 454 841 494 debet
867 453 989 493 videri
1019 453 1115 492 nihil
1147 468 1210 492 me
1245 452 1444 503 scripsisse
1474 453 1524 492 de
1543 461 1559 487 1

192 534 232 559 re
253 534 301 571 p.‚
318 528 454 571 postea
474 533 593 570 quam
622 519 718 558 itum
740 527 798 557 est
818 520 869 558 ad
895 532 1013 557 arma.
1074 520 1178 557 Nam
1207 519 1326 557 saltus
1348 518 1525 557 Castulo-

155 585 334 633 5nensis‚
372 585 439 636 qui
478 599 633 635 semper
672 584 796 623 tenuit
835 592 989 623 nostros
1032 584 1265 631 tabellarios,
1307 582 1378 621 etsi
1418 596 1525 621 nunc

192 651 521 702 frequentioribus
548 650 761 690 latrociniis
787 650 962 689 infestior
983 651 1108 688 factus
1136 658 1204 696 est,
1229 658 1360 687 tamen
1381 662 1525 698 nequa-

192 730 310 768 quam
333 724 441 755 tanta
460 716 499 755 in
525 730 634 755 mora
657 724 726 763 est,
749 724 896 766 quanta
917 715 982 766 qui
1008 715 1103 753 locis
1131 714 1317 753 omnibus
1344 712 1523 764 dispositi

192 784 242 822 ab
264 791 426 833 utraque
447 790 555 833 parte
582 789 801 820 scrutantur
826 780 1048 820 tabellarios
1077 788 1114 819 et
1143 779 1322 819 retinent.
1384 780 1524 828 Itaque

195 848 267 887 nisi
301 862 400 886 nave
438 848 608 897 perlatae
645 846 795 885 litterae
833 854 974 893 essent,
1007 845 1172 884 omnino
1206 843 1397 884 nescirem
1427 842 1523 893 quid

138 927 175 950 10
195 913 280 952 istic
319 915 436 952 fieret.
502 914 620 951 Nunc
652 926 742 951 vero
774 919 911 950 nactus
941 910 1204 957 occasionem,
1238 917 1376 960 postea
1403 922 1521 960 quam

193 978 363 1029 navigari
410 985 594 1028 coeptum
638 985 705 1023 est,
752 976 1006 1027 cupidissime
1045 984 1083 1015 et
1126 989 1245 1026 quam
1289 974 1523 1014 creberrime

191 1052 328 1095 potero
355 1043 522 1083 scribam
549 1044 600 1082 ad
627 1051 675 1081 te.
736 1044 797 1081 Ne
825 1056 982 1081 movear
1009 1042 1092 1081 eius
1120 1041 1379 1086 sermonibus,
1403 1054 1521 1091 quem
1541 1048 1565 1075 2

191 1109 346 1149 tametsi
375 1123 493 1148 nemo
523 1117 581 1147 est
608 1108 674 1158 qui
701 1108 833 1147 videre
862 1107 963 1154 velit,
995 1115 1126 1146 tamen
1157 1120 1407 1157 nequaquam
1440 1119 1524 1155 pro-

192 1174 284 1214 inde
315 1189 361 1213 ac
395 1174 536 1224 dignus
575 1181 632 1212 est
667 1175 835 1212 oderunt
864 1172 1056 1219 homines,
1085 1172 1301 1222 periculum
1333 1185 1411 1209 non
1443 1178 1525 1218 est,

191 1241 293 1279 adeo
320 1248 377 1278 est
405 1239 509 1278 enim
540 1238 687 1277 invisus
715 1238 821 1285 mihi,
849 1246 891 1276 ut
926 1237 1021 1276 nihil
1051 1251 1130 1276 non
1161 1237 1347 1276 acerbum
1376 1244 1522 1286 putem,

192 1307 300 1356 quod
322 1318 534 1344 commune
560 1318 650 1343 cum
679 1304 744 1342 illo
770 1303 828 1342 sit.
889 1305 1039 1342 Natura
1065 1310 1197 1340 autem
1226 1315 1314 1340 mea
1337 1309 1375 1339 et
1397 1300 1527 1339 studia

193 1372 351 1410 trahunt
372 1384 435 1409 me
455 1371 505 1409 ad
526 1369 633 1420 pacis
660 1377 698 1408 et
722 1368 910 1408 libertatis
937 1367 1205 1419 cupiditatem.
1267 1368 1407 1416 Itaque
1429 1365 1525 1404 illud

191 1426 345 1474 ini-tium
379 1434 502 1474 civilis
537 1433 629 1473 belli
664 1432 980 1485 saepe-‚deflevss
1020 1446 1111 1471 cum
1146 1445 1237 1470 vero
1277 1445 1357 1469 non
1392 1429 1525 1469 liceret

191 1490 294 1539 mihi*
319 1501 462 1539 nullius
494 1500 612 1551 partis
647 1514 742 1546 esse,
775 1499 867 1550 quia
898 1497 1110 1549 utrubique
1145 1510 1308 1547 magnos
1343 1494 1523 1533 inimicos

133 1584 173 1606 20
191 1567 399 1612 habebam,
433 1580 479 1604 ea
512 1573 636 1604 castra
675 1564 763 1615 fugi,
797 1564 836 1602 in
876 1564 1019 1614 quibus
1058 1565 1174 1613 plane
1213 1570 1339 1599 tutum
1376 1574 1439 1598 me
1473 1560 1522 1598 ab

191 1631 342 1670 insidiis
371 1631 518 1670 inimici
550 1631 722 1670 sciebam
754 1644 834 1668 non
866 1632 1063 1677 futurum,
1104 1629 1332 1678 compulsus
1362 1640 1410 1664 eo
1442 1639 1522 1675 quo

191 1696 352 1734 minime
373 1696 565 1742 volebam,
589 1710 638 1734 ne
666 1695 704 1733 in
732 1694 913 1734 extremis
940 1708 1077 1740 essem,
1102 1694 1217 1743 plane
1244 1691 1416 1742 pericula
1440 1704 1519 1728 non

190 1761 528 1812 dubitanter-adii.
589 1762 927 1814 Caesarem-vero,
951 1760 1059 1809 quod
1084 1772 1147 1796 me
1174 1757 1213 1795 in
1235 1764 1342 1794 tanta
1366 1757 1521 1794 fortuna
1540 1759 1563 1795 3

193 1827 313 1865 modo
347 1825 547 1876 cognitum
581 1824 932 1879 vetustissimorum
967 1813 1337 1861 familiariumloco
1372 1815 1520 1866 habuit,

133 1908 169 1930 2·
193 1891 309 1930 dilexi
344 1905 498 1929 summa
531 1904 621 1929 cum
654 1890 879 1944 pietatesset
910 1891 998 1928 fide.
1060 1890 1173 1937 Quae
1209 1880 1296 1925 mea
1330 1880 1524 1924 sententia

191 1969 322 2006 gerere
362 1954 457 1992 mihi
495 1954 613 2001 licuit,
656 1954 708 1992 ita
746 1943 900 1993 fecirut
938 1942 1110 2004 optimus
1150 1952 1315 2003 quisque
1355 1950 1523 1988 maxime

191 2019 387 2070 probarit3
421 2021 529 2070 quod
562 2019 688 2057 iussus
719 2033 815 2066 sum,
849 2034 896 2058 eo
928 2027 1105 2069 tempore
1134 2026 1252 2067 atque
1291 2016 1343 2054 ita
1372 2015 1445 2054 feci
1481 2024 1523 2053 ut

191 2092 393 2135 appareret
423 2084 544 2123 invito
574 2084 808 2134 imperatum
839 2098 933 2122 esse.
994 2083 1117 2123 Cuius
1148 2081 1238 2121 facti
1268 2079 1522 2119 iniustissima

192 2149 337 2188 invidia
367 2149 519 2188 erudire
550 2162 612 2187 me
642 2148 769 2198 potuit
796 2163 914 2198 quam
942 2148 1116 2187 iucunda
1145 2148 1302 2186 libertas
1332 2153 1369 2184 et
1400 2159 1517 2195 quam

134 2232 174 2262 30
193 2214 332 2253 misera
369 2215 442 2253 sub
481 2214 752 2257 dominatione
786 2214 864 2252 vita
902 2222 1012 2252 esset.
1074 2215 1136 2251 Ita
1167 2212 1196 2251 si
1236 2212 1275 2250 id
1314 2210 1439 2260 agitur
1477 2219 1519 2247 ut

192 2293 321 2318 rursus
351 2279 390 2317 in
420 2287 613 2330 potestate
643 2279 775 2317 omnia
806 2279 920 2317 unius
950 2278 1037 2325 sint,
1064 2278 1303 2328 quicumque
1331 2276 1361 2313 is
1389 2283 1456 2320 est,
1484 2274 1518 2313 ei

242 2404 279 2434 19
303 2395 480 2434 utrubique
504 2393 565 2424 M:
598 2394 774 2433 utrobique
800 2392 872 2423 HD
1015 2404 1055 2423 22
1080 2401 1191 2423 essem
1225 2390 1334 2429 plane,
1370 2388 1520 2429 pericula

196 2438 395 2470 Lehmann:
419 2449 483 2469 om.
505 2438 604 2477 plane
626 2436 813 2478 chscnbctg
