1791 2796
161 144 208 181 X.
228 143 304 179 viii
625 142 679 178 M.
713 141 881 177 TVLLI
915 139 1222 179 CICERONIS

257 255 403 292 veniret
434 252 715 303 praecepimus.
777 253 835 290 Ex
865 265 945 302 quo
972 250 1143 301 intellegi
1170 258 1299 301 potest
1326 264 1458 290 curam
1480 250 1533 290 rei
1554 263 1590 302 p.

257 332 435 357 summae
455 318 731 357 defendendae
753 316 828 355 iam
851 316 1002 367 pridem
1023 317 1130 367 apud
1151 329 1223 355 nos
1244 316 1446 355 excubare.

211 383 239 420 6
312 385 430 422 Nunc
462 397 553 422 cum
583 385 702 423 deum
738 381 979 433 benignitate
1013 382 1063 419 ab
1098 381 1205 420 omni
1241 395 1280 420 re
1315 394 1451 420 sumus
1490 394 1597 432 para-

258 449 385 497 tiores,
428 463 507 489 non
547 450 676 488 solum
715 449 817 487 bene
863 461 1016 497 sperare
1056 447 1105 485 de
1151 446 1266 485 nobis
1306 446 1487 485 homines
1526 447 1597 486 sed

257 516 455 565 explorate
485 514 658 553 iudicare
682 515 874 552 volumus.
936 512 1130 563 Legiones
1158 513 1287 551 liabeo
1317 511 1493 562 quinque
1523 512 1597 550 sub
1616 527 1633 559 5

258 580 376 631 signis
398 588 435 619 et
456 594 526 619 sua
554 581 632 619 fide
652 579 872 629 virtuteque
903 578 955 617 rei
984 592 1020 629 p.
1044 577 1386 617 coniunctissimas
1407 585 1445 616 et
1466 585 1599 616 nostra

258 646 488 685 liberalitate
522 645 637 685 nobis
671 643 937 695 obsequentis,
975 643 1216 694 provinciam
1256 642 1434 681 omnium
1468 641 1598 681 civita-

259 712 356 750 tium
373 726 569 752 consensu
590 709 874 762 paratissimam
895 717 933 748 et
954 722 1109 748 summa
1129 707 1384 747 contentione
1403 709 1454 747 ad
1471 707 1599 746 officia

259 786 486 825 certantem,
520 777 716 828 equitatus
755 775 1068 825 auxiliorumque
1103 782 1229 813 tantas
1269 773 1402 824 copias
1432 781 1598 824 quantas

260 844 334 882 hae
365 851 501 893 gentes
535 843 586 881 ad
617 842 911 881 defendendam
946 853 1055 879 suam
1092 841 1258 878 salutem
1297 838 1598 889 libertatemque
1622 857 1660 880 10

261 909 455 948 conficere
476 916 641 959 possunt
659 923 667 955 3
707 907 790 958 ipse
820 907 872 945 ita
902 919 988 945 sum
1018 905 1152 944 animo
1179 912 1347 955 paratus,
1370 911 1412 942 ut
1433 905 1493 942 vel
1515 917 1599 954 pro-

260 974 429 1014 vinciam
450 974 549 1013 tueri
569 975 629 1013 vel
651 973 704 1012 ire
729 987 808 1024 quo
835 986 894 1011 res
921 986 956 1023 p.
981 978 1094 1011 vocet
1115 972 1175 1009 vel
1197 971 1348 1009 tradere
1373 969 1596 1016 exercitum,

259 1039 400 1078 auxilia
427 1039 748 1090 provinciamque
770 1039 828 1076 vel
851 1051 1010 1077 omnem
1039 1036 1230 1087 impetum
1253 1035 1344 1075 belli
1365 1035 1404 1073 in
1427 1048 1489 1074 me
1511 1048 1600 1074 con-

260 1113 407 1144 vertere
446 1118 527 1144 non
562 1117 749 1150 recusem,
784 1102 814 1141 si
855 1103 976 1141 modo
1016 1115 1105 1140 meo
1140 1114 1231 1140 casu
1267 1108 1334 1139 aut
1368 1100 1600 1139 confirmare

262 1170 408 1221 patriae
430 1172 595 1208 salutem
616 1177 683 1207 aut
704 1167 920 1219 periculum
942 1166 1089 1218 possim
1113 1165 1263 1205 morari.
1623 1179 1659 1212 ¹5

220 1241 244 1281 7
318 1238 432 1274 Haec
452 1235 484 1274 si
509 1236 585 1274 iam
614 1233 805 1286 expeditis
832 1233 1017 1273 omnibus
1047 1233 1163 1272 rebus
1188 1230 1477 1283 tranquilloque
1498 1237 1600 1270 statu

262 1301 427 1341 civitatis
458 1301 656 1352 polliceor,
689 1300 727 1338 in
758 1301 906 1339 damno
937 1313 1046 1338 meae
1078 1297 1205 1337 laudis
1235 1297 1286 1336 rei
1318 1312 1353 1348 p.
1386 1297 1601 1336 commodo

261 1368 463 1414 laetabor-3
493 1367 550 1405 sin
576 1368 627 1406 ad
657 1366 885 1406 societatem
917 1364 1253 1416 integerrimorum
1282 1371 1319 1402 et
1342 1354 1600 1401 maximorum

262 1433 523 1483 periculorum
572 1432 771 1478 accedam,
813 1430 977 1470 consilia
1016 1443 1103 1468 mea
1141 1428 1276 1479 aequis
1316 1427 1512 1467 iudicibus
1550 1427 1600 1466 ab

260 1498 548 1537 obtrectatione
596 1497 819 1536 invidorum
867 1496 1119 1535 defendenda
1168 1494 1418 1533 commendo.
1499 1491 1600 1531 Mihi
1623 1507 1662 1528 20

262 1563 423 1614 quidem
452 1563 525 1614 ipsi
553 1564 699 1602 fructus
731 1561 956 1601 meritorum
989 1574 1165 1599 meorum
1194 1559 1233 1597 in
1261 1559 1313 1598 rei
1339 1573 1374 1609 p.
1399 1557 1601 1597 incolumi-

264 1637 340 1667 tate
366 1629 458 1667 satis
483 1641 647 1680 magnus
677 1634 735 1666 est
765 1634 921 1678 paratus
939 1640 946 1671 ;
985 1639 1052 1664 eos
1073 1638 1176 1671 vero,
1199 1623 1267 1674 qui
1289 1636 1417 1661 meam
1439 1622 1601 1661 auctori-

264 1703 382 1733 tatem
416 1702 454 1733 et
486 1695 611 1732 multo
650 1692 773 1743 magis
805 1699 971 1730 vestram
1005 1690 1123 1729 fidem
1159 1687 1283 1727 secuti
1315 1702 1388 1726 nec
1420 1689 1498 1725 ulla
1533 1702 1602 1739 spe

264 1759 393 1810 decipi
428 1773 501 1798 nec
536 1760 616 1797 ullo
656 1765 761 1796 metu
803 1755 933 1796 terreri
968 1761 1191 1806 potuerunt,
1225 1760 1267 1792 ut
1301 1753 1602 1792 commendatos

264 1824 375 1864 vobis
397 1823 573 1864 habeatis
595 1823 811 1874 petendum
832 1821 995 1860 videtur.
1623 1833 1661 1865 25

309 1983 376 2019 IX
422 1986 491 2018 διν.
513 1986 547 2017 in
566 1985 674 2018 Gallia
690 1982 902 2015 Narbonensi
916 1982 950 2014 vi
963 1985 1023 2014 aut
1038 1992 1056 2013 v
1073 1980 1115 2012 Κ.
1137 1980 1218 2012 Μαί.
1238 1991 1268 2012 α.
1292 1990 1346 2020 711
1365 1979 1446 2021 (45).

670 2061 883 2093 PLANCVS
907 2057 1134 2092 CICERONI
1162 2059 1197 2090 S.

235 2159 251 2186 1
324 2142 431 2181 Nihil
455 2156 516 2180 me
539 2140 606 2179 tibi
629 2149 774 2179 temere
794 2148 861 2178 aut
883 2148 919 2178 te
939 2138 1077 2177 ceteris
1097 2139 1147 2177 de
1169 2151 1231 2176 me
1253 2138 1389 2174 frustra
1410 2133 1601 2185 recepisse

269 2211 390 2247 laetor
411 2223 417 2253 3
447 2216 549 2246 certe
571 2207 646 2244 hoc
667 2205 793 2244 maius
814 2205 935 2243 habes
957 2202 1224 2243 testimonium
1246 2200 1389 2240 amoris
1411 2199 1498 2246 mei,
1521 2213 1601 2250 quo

270 2273 456 2312 maturius
489 2271 559 2311 tibi
594 2284 711 2321 quam
751 2269 889 2308 ceteris
928 2268 1091 2307 consilia
1124 2281 1210 2306 mea
1241 2265 1345 2305 volui
1376 2278 1460 2304 esse
1495 2272 1598 2304 nota.
1621 2279 1662 2311 30

316 2388 348 2408 11
379 2383 414 2407 ut
432 2376 483 2406 vel
502 2400 508 2406 .
530 2400 536 2406 .
561 2400 566 2406 .
587 2375 638 2405 vel
659 2373 808 2412 omnem]
828 2373 900 2403 Ill)
917 2372 1058 2402 Mrillcr:
1084 2371 1135 2401 vel
1154 2394 1160 2401 .
1183 2394 1190 2401 .
1211 2394 1217 2400 .
1239 2370 1290 2400 vul
1309 2379 1443 2399 omnem
1463 2368 1521 2399 M:
1547 2368 1599 2398 vel

297 2446 303 2453 .
322 2446 329 2453 .
351 2427 387 2452 ut
404 2420 455 2452 vel
473 2430 608 2451 omnem
625 2419 757 2450 Erncslc'
775 2417 982 2457 chsmchg:
1008 2415 1060 2446 vel
1078 2438 1085 2446 .
1107 2438 1114 2447 .
1133 2438 1140 2446 .
1163 2419 1197 2446 ut
1214 2423 1347 2445 omnem
1365 2412 1410 2444 H.
1427 2412 1463 2452 J.
1481 2411 1604 2443 Mallcr
