1791 2796
134 144 204 181 XI.

188 468 204 495 1

223 142 300 179 viii
592 142 648 179 M.
681 142 849 179 TVLLI
881 142 1188 182 CICERONIS

265 286 382 321 VIII
511 288 579 320 Scr.
601 287 732 320 Romae
748 289 814 320 circ.
835 289 869 319 ix
885 289 927 320 K.
950 289 1038 320 Febr.
1060 300 1089 319 a.
1113 299 1167 329 711
1185 288 1266 331 (45).

361 372 404 402 M.
433 372 608 403 CICERO
635 372 668 403 S.
699 372 738 403 D.
770 373 808 403 D.
838 372 994 404 BRVTO
1022 372 1112 403 IMP.
1141 373 1240 404 COS.
1270 373 1418 405 DESIG-

280 458 340 494 Eo
373 464 548 506 tempore
586 457 695 495 Polla
734 463 801 494 tua
840 455 944 494 misit
984 464 1025 494 ut
1065 457 1115 495 ad
1151 464 1188 495 te
1227 456 1258 495 si
1290 456 1386 507 quid
1417 457 1559 495 vellem

225 522 359 560 darem
403 521 631 568 litterarum,
679 535 770 559 cum
810 521 907 571 quid
955 521 1165 560 scriberem
1211 535 1292 560 non
1338 522 1534 561 habebam
1551 536 1561 569 ;

227 586 359 625 onmia
393 586 499 625 enim
534 594 643 625 erant
677 600 869 636 suspensa
900 594 1059 637 propter
1092 586 1427 637 exspectationem
1461 588 1562 638 lega-

227 659 366 699 torum,
409 651 476 702 qui
522 651 618 701 quid
665 650 835 701 egissent
875 651 1070 691 nihildum
1110 651 1374 691 nuntiabatur.
1446 654 1561 691 Haec

228 725 359 756 tamen
390 716 599 756 scribenda
626 716 857 763 existimavi,
884 716 1053 767 primum
1085 725 1265 756 senatum
1289 718 1562 768 populumque

229 784 276 820 R.
299 783 350 821 de
378 790 416 821 tc
442 782 618 821 laborare
643 795 723 820 non
752 783 880 820 solum
905 781 1043 821 salutis
1071 796 1164 821 suae
1192 796 1310 821 causa
1344 783 1415 821 sed
1443 782 1559 821 etiam

226 847 426 898 dignitatis
449 856 548 886 tuae.
610 846 866 886 Admirabilis
888 847 993 886 enim
1016 855 1073 886 est
1095 849 1290 898 quaedam
1313 847 1368 887 tui
1390 848 1561 887 nominis

226 912 365 952 caritas
391 927 581 964 amorque
611 912 650 951 in
681 920 719 952 te
749 913 953 964 singularis
975 913 1152 952 omnium
1175 913 1344 962 civium3
1373 913 1426 952 ita
1455 913 1561 953 enim

227 986 385 1029 sperant
404 986 524 1029 atque
538 979 756 1026 confidunt,
772 986 814 1017 ut
830 986 946 1018 antea
962 992 1050 1029 rege
1071 978 1126 1017 sic
1147 979 1224 1017 hoc
1245 986 1421 1029 tempore
1442 992 1562 1029 regno

150 1065 155 1070 ·
184 1054 210 1082 2
230 1052 266 1083 te
298 1059 378 1084 rem
411 1059 446 1095 p.
481 1044 746 1084 liberaturum.
808 1046 963 1083 Romae
997 1044 1164 1083 dilectus
1203 1044 1370 1083 habetur
1402 1052 1563 1096 totaque

193 1966 210 1993 1

229 1109 352 1157 Italia,
377 1110 407 1148 si
435 1110 499 1149 hic
527 1110 693 1149 dilectus
718 1110 979 1160 appellandus
1005 1117 1072 1157 est,
1097 1123 1188 1148 cum
1210 1111 1311 1148 ultro
1331 1124 1373 1149 se
1394 1111 1562 1149 offerunt

227 1189 390 1223 omnes3
421 1183 551 1214 tantus
578 1177 693 1214 ardor
719 1174 873 1213 animos
902 1174 1109 1213 hominum
1138 1174 1346 1225 occupavit
1366 1175 1562 1215 desiderio

227 1240 415 1279 libertatis
454 1240 628 1291 odioque
666 1240 842 1279 diutinae
882 1239 1087 1279 servitutis.
1150 1242 1211 1278 De
1249 1239 1407 1291 reliquis
1446 1241 1562 1280 rebus

227 1320 248 1343 a
279 1313 316 1344 te
346 1305 422 1344 iam
454 1315 679 1355 exspectare
709 1305 854 1343 litteras
886 1305 1080 1344 debemus
1109 1305 1204 1355 quid
1234 1305 1317 1355 ipse
1341 1319 1443 1356 agas,
1466 1306 1562 1356 quid

227 1379 359 1410 noster
383 1370 546 1418 Hirtius,
564 1371 660 1421 quid
677 1372 821 1411 Caesar
839 1384 949 1410 meus
966 1386 974 1419 3
1006 1385 1105 1422 quos
1128 1384 1241 1421 spero
1263 1370 1370 1409 brevi
1387 1379 1563 1422 tempore

227 1436 414 1475 societate
434 1436 618 1475 victoriae
646 1444 777 1474 tecum
806 1438 1011 1487 copulatos
1041 1438 1132 1475 fore.
1195 1436 1409 1487 Reliquum
1437 1445 1495 1475 est
1522 1445 1564 1475 ut

227 1502 278 1540 de
309 1515 371 1539 me
401 1500 441 1539 id
471 1500 649 1547 scribam,
675 1502 783 1551 quod
816 1508 853 1539 te
885 1516 931 1539 cx
962 1509 1123 1539 tuorum
1148 1500 1283 1540 litteris
1311 1509 1349 1540 et
1377 1516 1490 1552 spero
1525 1509 1562 1541 et

229 1568 332 1604 malo
353 1580 601 1616 cognoscere,
627 1580 689 1605 me
711 1580 841 1617 neque
865 1567 1002 1606 deesse
1025 1567 1103 1605 ulla
1118 1566 1156 1605 in
1175 1581 1214 1605 re
1229 1580 1358 1617 neque
1372 1580 1561 1618 umquam

228 1632 453 1670 defuturum
475 1631 655 1682 dignitati
677 1639 776 1671 tuae.

271 1794 337 1830 IX
488 1798 557 1830 Ser.
579 1799 611 1829 1'11
629 1800 739 1830 castris
758 1799 841 1841 Regi
857 1800 893 1830 1'1'1'
908 1800 948 1831 K.
973 1800 1052 1831 Mai.
1074 1811 1103 1831 (ι.
1128 1810 1181 1840 711
1208 1802 1281 1841 45).

536 1877 575 1906 D.
605 1876 786 1907 BRVTVS
813 1878 845 1908 S.
878 1878 916 1908 D.
947 1877 988 1908 M.
1019 1877 1254 1927 CICERONI.

286 1954 411 1990 Pansa
431 1952 576 1992 amisso
598 1962 789 2004 quantum
812 1954 1035 1994 detrimenti
1058 1969 1117 1994 res
1139 1969 1173 2005 p.
1197 1954 1391 2006 acceperit
1418 1969 1497 1994 non
1527 1963 1563 1993 te

229 2017 419 2066 praeterit.
495 2020 613 2057 Nunc
652 2020 884 2059 auctoritate
924 2029 961 2059 et
1000 2020 1208 2071 prudentia
1246 2029 1311 2059 tua
1350 2019 1598 2071 prospiciasz

229 2090 393 2132 oportet,
431 2096 481 2121 ne
520 2083 669 2123 inimici
706 2085 825 2124 nostri
862 2085 1091 2124 consulibus
1131 2085 1293 2124 sublatis
1328 2093 1484 2135 sperent
1522 2099 1563 2123 se

230 2149 502 2186 convalescere
543 2162 667 2198 posse.
744 2152 829 2200 Ego
869 2164 918 2189 ne
957 2150 1170 2190 consistere
1212 2150 1333 2202 possit
1372 2150 1411 2188 in
1449 2149 1565 2189 Italia

231 2213 429 2252 Antonius
446 2215 552 2253 dabo
574 2229 758 2264 operam;
789 2230 929 2266 sequar
953 2230 1043 2255 eum
1061 2215 1278 2255 confestim.
1340 2217 1564 2265 Utrumque

232 2292 295 2317 me
333 2286 616 2329 praestaturum
665 2294 789 2330 spero,
832 2295 880 2319 ne
926 2289 992 2319 aut
1032 2281 1243 2320 Ventidius
1281 2281 1457 2320 elabatur
1496 2287 1562 2318 aut

1581 605 1599 635 5

1585 931 1623 953 10

1586 1260 1622 1291 ¹5

1585 1586 1624 1608 20

233 2344 430 2383 Antonius
452 2344 490 2382 in
510 2344 623 2383 Italia
644 2353 824 2384 moretur.
892 2347 938 2383 In
961 2345 1094 2396 primis
1116 2360 1209 2397 rogo
1231 2353 1267 2385 te
1287 2347 1337 2385 ad
1359 2345 1560 2385 hominem
1582 2360 1624 2393 30

232 2409 560 2457 ventosissimum‚
589 2410 794 2461 Lepidum,
820 2410 960 2458 mittas,
991 2425 1041 2450 nc
1071 2411 1218 2451 bellum
1251 2410 1366 2451 nobis
1396 2411 1562 2451 redinte-
