1791 2796
165 142 246 178 XII
280 150 340 176 xv
656 139 710 175 M.
743 139 910 179 TvLLI
943 139 1251 177 CICERONIS

285 250 377 288 ditis
407 250 651 300 celeriusque
681 250 775 288 Asia
805 250 1032 289 excessisset
1068 264 1186 301 quam
1215 264 1262 289 eo
1290 250 1526 302 praesidium
1556 253 1621 291 ad—

286 315 377 354 duci
400 307 600 365 potuisset,
620 315 766 354 diutius
789 316 927 354 morari
949 324 1015 354 aut
1036 324 1262 367 exspectare
1282 316 1519 367 praesidium
1542 331 1621 356 non

287 394 448 418 necesse
478 380 598 419 habui
630 388 668 419 et
695 394 813 431 quam
848 381 1017 431 primum
1050 383 1101 421 ad
1136 395 1268 420 meum
1300 382 1471 420 officium
1502 396 1623 421 rever-

289 447 453 484 tendum
487 445 581 483 mihi
614 460 699 484 esse
733 446 961 494 existimavi,
995 454 1036 485 ut
1068 454 1105 485 et
1138 446 1287 497 reliqua
1318 447 1520 497 vectigalia
1549 447 1624 486 exi-

288 525 418 562 gerem
444 519 481 549 et
513 525 631 561 quam
657 511 822 561 deposui
854 512 1063 561 pecuniam
1091 511 1340 562 conligerem,
1363 512 1552 563 quicquid
1577 526 1623 551 ex
1643 523 1660 555 5

290 591 335 616 ea
365 585 587 627 correptum
618 584 720 615 esset
750 585 817 615 aut
845 590 1012 627 quorum
1041 577 1081 616 id
1108 578 1224 627 culpa
1248 577 1454 617 accidisset
1482 591 1623 628 cogno-

291 656 439 681 scerem
462 655 580 692 quam
602 641 771 692 primum
793 650 831 680 et
851 656 921 681 vos
942 644 992 681 de
1012 642 1121 681 omni
1143 657 1182 681 re
1204 644 1370 681 facerem
1392 643 1584 682 certiores.

248 715 271 742 2
347 707 509 746 Interim
537 721 627 745 cum
653 721 721 758 per
745 707 891 746 insulas
918 708 957 746 in
983 708 1119 746 Asiam
1141 708 1336 758 naviganti
1359 708 1452 746 mihi
1474 708 1624 747 nuntia-

291 783 374 812 tum
414 781 515 812 esset
554 774 719 811 classem
756 774 987 812 Dolabellae
1019 773 1057 811 in
1092 773 1210 823 Lycia
1243 787 1328 812 esse
1364 773 1624 824 Rhodiosque

292 839 398 877 navis
429 838 641 888 compluris
667 838 873 877 instructas
894 846 932 877 et
962 846 1114 889 paratas
1145 838 1183 876 in
1213 852 1316 889 aqua
1345 839 1499 886 habere,
1533 852 1623 877 cum
1647 855 1684 876 ιο

292 904 336 941 iis
367 904 542 951 navibus,
567 917 663 954 quas
688 911 754 942 aut
786 917 941 942 mecum
971 905 1212 942 adduxeram
1239 912 1306 942 aut
1332 912 1623 954 comparaverat

296 969 468 1007 Patiscus
502 982 624 1019 proq.,
662 970 784 1007 homo
823 968 918 1006 mihi
958 983 1047 1007 cum
1088 968 1346 1007 familiaritate
1384 977 1467 1007 tum
1506 969 1624 1008 etiam

292 1034 472 1073 sensibus
500 1034 538 1071 in
567 1048 606 1072 re
631 1047 664 1084 p.
689 1033 1046 1081 coniunctissimus,
1073 1035 1262 1072 Rhodum
1284 1034 1431 1072 deverti
1453 1035 1625 1072 confisus

292 1099 523 1138 auctoritate
545 1107 670 1138 vestra
701 1107 939 1149 senatusque
958 1101 1142 1138 consulto
1164 1113 1243 1149 quo
1265 1101 1419 1138 hostem
1444 1101 1625 1138 Dolabel-

294 1167 369 1204 lam
402 1165 635 1212 iudicaratis‚
659 1166 817 1203 foedere
838 1179 998 1216 quoque
1020 1167 1127 1215 quod
1149 1179 1239 1203 cum
1270 1165 1314 1202 iis
1342 1167 1396 1203 M.
1423 1167 1622 1212 Marcello,
1649 1180 1683 1212 ¹5

294 1234 370 1268 Ser.
403 1230 577 1280 Sulpicio
610 1243 695 1268 coss.
731 1238 961 1268 renovatum
990 1239 1081 1277 erat,
1110 1244 1189 1280 quo
1222 1230 1440 1268 iuraverant
1478 1230 1626 1269 Rhodii

292 1297 455 1335 eosdem
507 1296 629 1334 hostis
677 1310 718 1335 se
767 1296 969 1335 habituros
1023 1311 1123 1347 quos
1171 1304 1330 1336 senatus
1378 1298 1626 1347 populusque

296 1364 341 1400 R.
399 1364 512 1410 Quae
547 1375 605 1400 res
638 1376 710 1401 nos
737 1363 992 1401 vehementer
1024 1363 1182 1410 fefellit3
1215 1371 1365 1401 tantum
1400 1355 1503 1401 enim
1532 1362 1626 1401 afuit

294 1435 335 1466 ut
361 1427 514 1466 illorum
542 1427 737 1478 praesidio
762 1436 934 1466 nostram
964 1429 1207 1467 firmaremus
1237 1430 1414 1475 classem,
1439 1436 1479 1466 ut
1509 1428 1626 1466 etiam

293 1507 315 1530 a
340 1492 507 1531 Rhodiis
534 1494 640 1539 urbe,
665 1501 790 1543 portu,
815 1493 983 1531 statione
1013 1507 1114 1543 quae
1141 1502 1247 1531 extra
1275 1493 1410 1531 urbem
1433 1501 1501 1539 est,
1524 1506 1628 1531 com-
1650 1507 1689 1528 20

296 1566 438 1604 meatu,
469 1572 571 1608 aqua
601 1558 773 1608 denique
801 1559 1100 1608 prohiberentur
1131 1558 1251 1596 nostri
1280 1557 1435 1605 milites,
1465 1571 1536 1596 nos
1566 1557 1629 1595 vix

296 1623 366 1672 ipsi
403 1622 564 1672 singulis
599 1637 688 1661 cum
722 1623 925 1673 navigiolis
959 1623 1228 1673 reciperemur.
1301 1625 1431 1672 Quam
1465 1622 1629 1673 indigni-

297 1697 414 1726 tatem
438 1688 834 1738 deminutionemque
858 1693 876 1728 †
887 1688 1098 1727 maiestatis
1124 1702 1203 1727 non
1232 1690 1358 1727 solum
1392 1688 1482 1726 iuris
1507 1687 1627 1726 nostri

298 1754 366 1791 sed
397 1753 515 1791 etiam
540 1752 676 1803 imperi
705 1753 920 1803 populique
948 1753 1115 1791 Romani
1147 1753 1293 1792 idcirco
1319 1754 1489 1800 tulimus,
1520 1754 1628 1803 quod

299 1818 521 1868 interceptis
544 1817 678 1856 litteris
699 1831 960 1868 cognoramus
985 1820 1246 1861 Dolabellam,
1263 1819 1293 1857 si
1315 1820 1557 1869 desperasset
1579 1819 1628 1857 de
1651 1831 1688 1863 ²5

299 1884 405 1934 Syria
440 1886 710 1933 Aegyptoque,
744 1885 852 1933 quod
885 1898 1045 1923 necesse
1070 1893 1159 1928 *erat
1180 1885 1294 1932 ·fieri‚
1324 1885 1362 1922 in
1398 1885 1505 1922 navis
1539 1898 1628 1922 cum

299 1949 484 1986 omnibus
516 1949 594 1986 suis
629 1949 844 1988 latronibus
875 1958 994 2000 atque
1025 1951 1132 1989 omni
1166 1951 1333 2001 pecunia
1364 1950 1630 1988 conscendere

300 2028 384 2051 esse
414 2022 590 2063 paratum
626 2014 860 2065 Italiamque
894 2024 1049 2066 petere;
1079 2016 1225 2054 idcirco
1255 2016 1371 2055 etiam
1404 2015 1511 2053 navis
1541 2028 1630 2052 one-

301 2078 427 2124 rarias,
451 2092 614 2128 quarum
648 2079 774 2118 minor
805 2082 911 2119 nulla
941 2090 1020 2120 erat
1051 2083 1173 2119 duum
1201 2081 1350 2119 milium
1381 2081 1627 2130 amphorum,

256 2152 519 2194 3contractas
559 2144 595 2180 in
640 2145 757 2194 Lycia
798 2160 819 2184 a
862 2148 984 2185 classe
1023 2147 1106 2185 eius
1145 2146 1326 2185 obsideri.
1407 2145 1538 2183 Huius
1576 2144 1628 2183 rei
1649 2158 1692 2190 30

301 2209 450 2254 timore,
485 2222 520 2258 p.
553 2223 597 2254 c.‚
633 2210 802 2259 percitus
838 2211 995 2249 iniurias
1025 2211 1173 2261 perpeti
1204 2219 1242 2249 et
1272 2224 1360 2249 cum
1392 2209 1630 2248 contumelia

346 2324 364 2352 5
388 2313 564 2354 quicquid]
585 2314 732 2353 quidque
754 2313 942 2363 lls2*3st'11be›g
1103 2316 1139 2344 16
1162 2325 1248 2345 coss.
1268 2313 1343 2345 add.
1363 2318 1429 2344 vell.
1590 2322 1631 2350 23

303 2358 639 2397 deminutionemque
668 2368 732 2388 non
760 2368 786 2387 s.
813 2368 830 2388 1.
859 2368 888 2388 n.
916 2368 940 2388 s.
966 2368 994 2388 c.
1022 2358 1206 2388 maiestatis
1233 2358 1421 2396 imperique
1447 2356 1560 2397 populi
1588 2356 1627 2387 R.

304 2401 438 2432 Ernesti.
492 2401 630 2432 Texlmn
649 2401 761 2432 retinet
778 2400 879 2432 Orelli
891 2400 950 2432 sed
963 2401 1177 2442 populi[quej
1196 2401 1305 2431 scribit
