1791 2796
96 126 211 163 VIII.
233 127 323 162 xvii
615 127 728 164 EPP.
761 128 839 165 AD
870 128 1218 167 FAMILIARES

246 238 433 288 paulatim
466 238 506 276 in
541 239 645 277 hanc
674 239 871 289 perditam
904 252 1063 278 causam
1103 239 1290 291 imposuit
1307 255 1318 288 3
1358 253 1450 279 nam
1485 241 1582 281 mihi

246 303 372 342 sentio
408 303 555 342 bonam
587 312 763 343 mentem
793 304 997 344 iracundia
1027 312 1066 344 et
1096 318 1231 344 amore
1261 305 1444 345 ablatam.
1504 307 1581 355 Tu,

246 377 287 408 tu
307 382 436 420 porro,
457 383 548 409 cum
569 372 620 409 ad
641 378 679 410 te
698 372 951 422 proficiscens
972 371 1195 410 Ariminum
1225 380 1345 410 noctu
1372 371 1577 421 venissem,

246 436 341 474 dum
382 436 478 474 mihi
512 436 620 487 pacis
654 438 842 476 mandata
875 438 946 475 das
977 438 1028 475 ad
1061 438 1270 476 Caesarem
1303 445 1342 476 et
1373 437 1580 478 mirificum

245 500 372 540 civem
391 502 487 552 agis,
507 502 625 541 amici
655 503 830 541 officium
859 502 1062 553 neglexisti
1092 516 1222 553 neque
1252 502 1306 541 mi
1335 503 1577 542 consuluisti.
1599 518 1617 550 5

246 568 390 617 Neque
419 569 518 608 haec
552 568 644 607 dico
683 569 793 619 quod
828 568 1005 608 diffidam
1037 568 1129 607 huic
1160 581 1312 616 causae,
1347 570 1428 616 sed,
1464 570 1580 608 crede

200 639 225 667 2
245 632 351 681 mihi,
385 633 510 684 perire
541 634 662 673 satius
693 643 752 673 est
781 647 901 685 quam
935 635 1008 673 hos
1041 634 1185 673 videre.
1250 635 1372 684 Quod
1402 633 1434 673 si
1464 635 1580 675 timor

243 707 394 738 vestrae
420 699 661 738 crudelitatis
689 714 770 738 non
795 708 910 747 esset,
931 699 1044 739 eiecti
1072 699 1149 738 iam
1179 699 1331 750 pridem
1359 699 1453 739 hine
1481 714 1581 740 esse-

244 777 355 813 musg
385 778 477 803 nam
507 765 571 804 hic
597 779 703 804 nunc
728 774 880 816 praeter
909 767 1170 805 faeneratores
1195 779 1342 817 paucos
1363 780 1436 805 nec
1457 767 1579 806 homo

243 844 317 870 nec
351 831 449 870 ordo
484 831 692 882 quisquam
732 838 790 870 est
822 831 896 869 nisi
928 830 1204 882 Pompeianus.
1271 831 1469 882 Equidem
1501 832 1578 870 iam
1600 846 1638 869 10

242 896 354 936 effeci
384 905 425 935 ut
455 896 625 936 maxime
657 897 768 947 plebs
803 905 851 944 et,
884 897 952 947 qui
985 906 1102 936 antea
1132 907 1266 936 noster
1294 897 1376 944 fuit,
1408 898 1578 948 populus

242 971 368 1001 vester
402 971 513 1001 esset.
582 966 591 982 ‘⁷
612 963 692 1002 Cur
721 964 850 1002 hoe?'
890 962 1030 1013 inquis.
1101 963 1234 1001 Immo
1267 962 1417 1013 reliqua
1447 975 1579 1013 exspe-

241 1036 344 1068 ctate
360 1044 369 1077 3
398 1042 467 1067 vos
489 1028 631 1067 invitos
651 1028 807 1068 vincere
828 1043 1005 1080 coegero.
1063 1031 1357 1069 †Arruntanum
1378 1041 1442 1067 me
1463 1029 1579 1068 Cato-

242 1108 333 1133 nem
350 1109 359 1141 3
388 1107 457 1133 vos
471 1093 650 1133 dormitis
664 1108 737 1134 nee
758 1096 856 1134 haec
876 1095 1008 1133 adhuc
1024 1093 1121 1133 mihi
1133 1093 1324 1133 videmini
1339 1093 1577 1144 intellegere,

242 1173 320 1211 qua
339 1173 412 1198 nos
432 1168 637 1211 pateamus
659 1168 697 1199 et
717 1174 795 1211 qua
811 1160 932 1199 simus
948 1160 1147 1199 imbecilli.
1187 1161 1321 1210 Atque
1333 1161 1412 1199 hoc
1431 1158 1576 1198 nullius
1597 1174 1635 1207 15

242 1225 391 1276 praemi
429 1239 499 1276 spe
537 1225 678 1264 faciam
718 1227 799 1273 sed,
834 1226 943 1276 quod
981 1227 1089 1276 apud
1127 1238 1192 1264 me
1224 1224 1440 1276 plurimum
1477 1226 1577 1264 solet

242 1292 379 1338 valere,
403 1291 550 1330 doloris
576 1299 696 1342 atque
722 1290 966 1342 indignitatis
995 1304 1122 1330 causa.
1184 1290 1294 1340 Quid
1314 1290 1400 1329 istic
1419 1290 1577 1329 facitis?

242 1356 433 1407 proelium
481 1357 725 1408 exspectatis,
767 1358 876 1417 qu04d
924 1356 1191 1395 firmissimum
1229 1357 1385 1397 macc?
1412 1364 1576 1395 'vestras

241 1423 376 1473 copias
415 1436 495 1462 non
530 1422 621 1462 novi
638 1437 648 1470 ;
685 1421 807 1461 nostri
839 1423 954 1461 valde
985 1423 1211 1473 depugnare
1242 1430 1281 1461 et
1312 1421 1424 1461 facile
1447 1424 1575 1473 algere

242 1496 280 1527 et
310 1488 455 1528 esurire
484 1497 734 1528 consuerunt.
1595 1502 1634 1524 20

285 1604 305 1634 3
328 1594 520 1625 Ariminum
532 1593 726 1635 Sternkopf:
751 1594 882 1625 arimini
901 1592 962 1625 M:
985 1604 1019 1625 -o
1033 1592 1203 1625 Benedici:
1227 1593 1358 1634 Arpino
1375 1592 1572 1633 Grotaejsmnd,

232 1638 312 1678 sort.
335 1642 411 1669 recte
543 1648 561 1677 5
588 1639 631 1669 mi
650 1638 744 1669 Man.
765 1650 772 1669 ε
797 1648 849 1669 me
868 1638 909 1668 241
1042 1648 1080 1677 ¹3
1105 1638 1337 1669 Arruntanum
1360 1648 1430 1668 me»
1451 1637 1574 1668 Geram

242 1682 385 1713 alterum
403 1692 455 1712 me
475 1681 594 1713 Orelli:
617 1682 671 1712 An
688 1682 852 1713 miramini
872 1681 904 1712 C.
921 1681 958 1713 F.
979 1681 1157 1713 Hermann
1296 1681 1333 1711 18
1358 1681 1454 1723 haec)
1474 1681 1575 1712 habet

244 1723 364 1757 Orelli:
388 1725 450 1757 hac
468 1724 608 1757 Becher:
631 1726 709 1756 huic
728 1724 956 1756 Mendelssohn
