1791 2796
538 172 648 209 EPP.
682 171 758 208 AD
792 170 1138 207 FAMILIARES
1422 166 1492 202 XI.
1513 161 1653 200 xxviii

175 283 396 335 persuaderi
429 282 611 334 potuisse,
645 281 869 333 praesertim
903 281 941 320 in
972 296 1090 332 quem
1126 294 1213 320 mea
1242 291 1437 331 propensa
1466 284 1505 315 et

174 357 362 400 perpetua
382 349 516 388 fuisset
539 356 657 398 atque
687 355 788 387 esset
818 346 1103 386 benevolentia.
1164 347 1285 395 Quod
1316 343 1504 395 quoniam

174 423 217 453 ut
247 414 352 453 volui
387 414 468 454 scio
502 428 596 462 esse,
629 413 879 464 respondebo
913 411 1153 459 criminibus,
1185 411 1329 462 quibus
1364 417 1404 447 tu
1435 423 1505 459 pro

175 493 248 527 me,
285 488 327 518 ut
360 494 429 530 par
460 487 540 518 erat
574 487 640 518 tua
673 478 855 529 singulari
886 477 1062 516 bonitate
1091 485 1129 516 et
1159 475 1331 516 amicitia
1360 482 1502 521 nostra,

136 557 153 589 5
173 559 290 595 saepe
310 544 490 584 restitisti.

229 612 336 649 Nota
362 609 467 649 enim
493 608 588 648 mihi
613 616 703 647 sunt
730 622 831 659 quae
859 608 897 646 in
928 622 990 647 me
1018 615 1107 658 post
1133 606 1310 647 Caesaris
1338 612 1503 644 mortem
1522 613 1547 640 2

177 675 423 715 contulerint.
482 674 589 713 Vitio
614 674 710 712 mihi
738 676 833 713 dant
857 675 966 724 quod
994 681 1159 711 mortem
1182 671 1353 711 hominis
1375 684 1507 709 neces-

177 741 248 779 sari
276 740 440 791 graviter
469 741 550 779 fero
577 747 694 790 atque
719 753 809 778 eum
838 752 956 789 quern
984 738 1102 778 dilexi
1126 738 1271 789 perisse
1298 736 1507 787 indignor3

176 806 285 844 aiunt
315 805 420 844 enim
451 804 613 855 patriam
642 804 835 843 amicitiae
862 805 1183 854 praeponendam
1215 817 1311 850 esse,
1343 801 1509 852 proinde

120 880 158 902 10
176 885 222 909 ac
257 870 287 909 si
322 870 399 910 iam
434 869 593 908 vicerint
626 869 778 908 obitum
810 869 892 908 eius
923 869 975 908 rei
1007 883 1042 920 p.
1076 869 1194 907 fuisse
1224 868 1370 907 utilem.
1430 867 1509 905 Sed

176 951 256 975 non
288 950 400 986 agam
432 943 583 979 astute;
624 936 747 974 fateor
776 949 838 973 me
872 936 923 973 ad
954 934 1070 973 istum
1100 935 1265 985 gradum
1296 931 1510 983 sapientiae

176 1016 255 1040 non
277 989 498 1052 pervenisse
514 1015 523 1048 ;
564 1014 693 1051 neque
715 1000 820 1039 enim
844 1001 1052 1040 Caesarem
1081 1000 1121 1038 in
1142 999 1387 1039 dissensione
1408 998 1510 1037 civili

176 1082 262 1106 sum
284 1075 440 1107 secutus
468 1067 537 1105 sed
565 1066 736 1105 amicum
753 1081 762 1114 3
792 1080 1032 1116 quamquam
1055 1080 1095 1104 re
1116 1065 1355 1112 offendebar‚
1379 1073 1511 1103 tamen

178 1147 257 1171 non
278 1132 443 1179 deserui,
462 1145 592 1182 neque
613 1133 760 1171 bellum
782 1146 971 1183 umquam
994 1131 1106 1171 civile
1127 1139 1192 1170 aut
1214 1131 1329 1170 etiam
1353 1144 1511 1169 causam

120 1207 158 1241 15
178 1198 432 1237 dissensionis
447 1197 619 1248 probavi,
630 1211 748 1247 quam
764 1197 881 1236 etiam
904 1205 1132 1236 nascentem
1149 1196 1341 1247 exstingui
1358 1210 1512 1235 summe

178 1263 321 1302 studui.
382 1264 521 1312 Itaque
546 1261 584 1299 in
606 1261 767 1300 victoria
792 1261 962 1301 hominis
987 1262 1181 1301 necessari
1201 1276 1330 1312 neque
1352 1261 1511 1301 honoris

178 1342 307 1379 neque
327 1327 518 1378 pecuniae
539 1327 749 1366 dulcedine
771 1342 856 1366 sum
878 1336 1026 1378 captus,
1050 1328 1193 1378 quibus
1220 1327 1400 1378 praemiis
1431 1327 1513 1366 reli-

179 1393 256 1444 qui,
281 1393 409 1432 minus
430 1395 535 1444 apud
567 1408 657 1432 eum
684 1408 801 1444 quam
834 1408 907 1445 ego
937 1408 1027 1434 cum
1052 1402 1223 1445 possent,
1255 1394 1512 1433 immoderate

180 1466 269 1496 sunt
290 1458 412 1497 abusi.
453 1461 585 1509 Atque
607 1458 724 1498 etiam
746 1473 805 1498 res
823 1458 1020 1497 familiaris
1041 1473 1129 1498 mea
1149 1461 1233 1509 lege
1250 1458 1427 1499 Caesaris
1448 1461 1513 1498 de-

123 1537 162 1559 20
181 1524 331 1562 minuta
355 1532 422 1572 est,
447 1524 557 1563 cuius
579 1524 772 1564 beneficio
795 1525 981 1576 plerique,
1006 1525 1073 1575 qui
1095 1525 1272 1565 Caesaris
1294 1533 1418 1564 morte
1439 1527 1513 1564 lae-

181 1598 310 1629 tantur
330 1598 609 1638 remanserunt,
633 1590 673 1628 in
694 1590 859 1630 civitate.
913 1590 1077 1631 Civibus
1098 1590 1208 1630 victis
1229 1598 1271 1629 ut
1292 1599 1512 1642 parceretur

180 1669 305 1706 aeque
325 1669 371 1694 ac
392 1669 461 1706 pro
483 1669 570 1695 mea
592 1657 715 1696 salute
737 1656 920 1696 laboravi.

236 1723 401 1760 Possum
431 1721 544 1772 igitur
569 1721 635 1773 qui
666 1722 794 1760 omnis
815 1721 1005 1761 voluerim
1033 1721 1241 1762 incolumis
1266 1736 1356 1761 eum
1383 1736 1404 1760 a
1432 1736 1511 1773 quo
1531 1731 1555 1770 3

182 1785 221 1825 id
251 1786 501 1837 impetratum
531 1794 588 1826 est
617 1787 761 1838 perisse
789 1801 869 1826 non
898 1787 1122 1837 indignari?
1168 1801 1258 1826 cum
1286 1788 1512 1838 praesertim

125 1860 163 1892 ²5
183 1851 288 1891 idem
313 1846 493 1891 homines
524 1853 576 1891 illi
607 1861 644 1892 et
674 1853 844 1893 invidiae
875 1861 912 1892 et
942 1853 1059 1892 exitio
1090 1853 1241 1892 fuerint.
1304 1853 1513 1892 ‘Flecteris

183 1931 273 1968 ergo
290 1919 297 1935 ²
314 1917 500 1969 ‘inquiunt
530 1919 739 1969 ‘quoniam
764 1921 910 1958 factum
933 1927 1109 1958 nostrum
1126 1919 1347 1970 improbare
1367 1921 1514 1959 audes.'

184 1984 220 2022 O
252 1983 475 2034 superbiam
506 1984 723 2024 inauditam
754 1985 849 2023 alios
880 1985 918 2023 in
950 1985 1120 2024 facinore
1151 1985 1315 2035 gloriari,
1348 1985 1432 2023 aliis
1464 1999 1514 2024 ne

185 2050 320 2087 dolere
340 2049 500 2099 quidem
515 2049 706 2101 impunite
727 2050 842 2090 licere
860 2054 865 2089 ἒ
907 2053 959 2089 At
975 2052 1072 2090 haec
1089 2050 1205 2090 etiam
1222 2051 1340 2090 servis
1361 2065 1515 2102 semper

185 2113 305 2153 libera
334 2116 498 2162 fuerunt,
531 2120 576 2153 ut
602 2115 793 2162 timerent,
825 2117 1049 2167 gauderent,
1082 2118 1261 2156 dolerent
1289 2130 1360 2155 suo
1384 2117 1513 2167 potius

128 2193 167 2224 30
186 2193 304 2230 quam
325 2179 481 2219 alterius
502 2179 660 2219 arbitrio
680 2196 687 2228 3
728 2195 828 2232 quae
849 2195 965 2229 nunc,
989 2190 1031 2221 ut
1053 2182 1214 2233 quidem
1237 2182 1298 2221 isti
1319 2182 1511 2230 dictitant,

190 2245 399 2284 ‘libertatis
419 2249 619 2285 auctores⁷
644 2254 751 2285 metu
778 2247 893 2286 nobis
920 2256 1149 2298 extorquere
1174 2256 1376 2287 conantur.
1436 2249 1513 2287 Sed
1532 2255 1559 2295 4

187 2310 283 2348 nibil
309 2320 455 2361 agunt,
498 2311 642 2350 nullius
670 2318 857 2363 umquam
886 2313 1047 2364 periculi
1072 2313 1281 2353 terroribus
1312 2314 1362 2352 ab
1386 2313 1515 2352 officio

232 2424 248 2452 4
268 2425 328 2453 pro
342 2420 396 2445 tua
410 2414 571 2446 DLamh.
664 2426 703 2455 27
722 2415 874 2458 gloriari]
890 2417 1051 2457 singulari
1064 2417 1097 2448 D
1186 2429 1226 2456 29
1245 2424 1278 2448 ut
1293 2418 1367 2449 add.
1383 2418 1496 2448 [jafar
1510 2430 1516 2448 :

190 2462 225 2488 'ut
243 2463 420 2497 sperarent
438 2459 512 2489 add.
534 2459 711 2490 Ldzmann
1015 2478 1020 2479 ν
