1791 2796
113 123 210 159 ΥΙΙ.
236 123 312 159 Χίν
600 124 656 162 M.
689 124 858 162 TVLLI
891 124 1201 163 CICERONIS

236 242 274 272 et
304 242 372 272 tuo
399 248 506 272 more
531 242 567 273 et
599 249 678 273 non
704 235 799 273 nihil
825 235 942 274 etiam
968 244 1112 274 nostro.
1172 237 1231 273 Te
1252 236 1365 274 valde
1391 248 1568 274 amamus

237 312 389 349 nosque
408 313 431 337 a
452 308 489 337 te
509 300 629 339 amari
650 315 740 339 cum
762 302 944 340 volumus
966 308 1049 339 tum
1071 300 1190 339 etiam
1210 300 1457 340 confidimus

277 451 361 485 XV
595 453 663 487 Scr.
685 455 815 486 Romae
832 466 875 487 m.
896 454 971 486 Iun.
993 466 1021 487 a.
1045 465 1103 496 701
1122 455 1202 498 (Εἴ.

673 532 849 564 CICERO
874 532 1123 564 TREBATIO.

197 625 213 651 1
288 612 420 660 Quam
447 611 524 651 sint
551 611 696 651 morosi
717 611 784 662 qui
805 620 952 659 amant,
973 613 1033 650 vel
1055 626 1100 650 ex
1127 613 1203 651 hoc
1224 610 1395 662 intellegi
1415 618 1544 663 potest
1561 627 1568 652 :
1588 625 1605 656 5

234 678 404 715 Moleste
436 678 608 716 ferebam
643 685 759 715 antea
790 685 828 715 te
863 677 1027 715 invitum
1060 676 1146 715 istic
1177 690 1290 725 esse3
1332 676 1471 728 pungit
1505 690 1569 715 me

231 755 375 790 rursus,
395 743 504 792 quod
525 742 659 781 scribis
681 755 765 780 esse
786 750 824 780 te
845 741 930 780 istic
955 741 1131 781 libenter.
1191 743 1334 793 Neque
1353 742 1459 781 enim
1481 756 1567 781 mea

231 807 579 846 commendatione
613 816 650 846 te
686 821 765 846 non
805 806 989 846 delectari
1025 807 1137 846 facile
1175 807 1351 858 patiebar
1384 816 1422 846 et
1461 821 1567 846 nunc

230 886 352 923 angor
383 873 595 923 quicquam
630 872 699 911 tibi
735 872 819 911 sine
854 886 917 911 me
955 886 1041 912 esse
1079 872 1308 911 iucundum.
1379 874 1457 912 Sed
1491 875 1567 912 hoc

230 947 363 977 tamen
403 940 507 976 malo
545 939 642 977 ferre
680 951 752 976 nos
787 938 1027 977 desiderium
1057 951 1177 988 quam
1207 946 1245 976 te
1275 951 1356 976 non
1390 952 1435 977 ea
1466 952 1567 988 quae
1590 961 1627 981 10

186 1015 210 1042 2
230 1017 344 1055 spero
378 1003 578 1054 consequi.
640 1004 773 1053 Quom
795 1017 886 1043 vero
913 1003 953 1042 in
976 1005 1019 1043 C.
1045 1003 1158 1051 Mati,
1180 1003 1397 1042 suavissimi
1425 1003 1567 1042 doctis-

161 1061 165 1067 *
229 1069 397 1120 simique
440 1069 629 1117 hominis,
667 1068 967 1108 familiaritatem
1007 1068 1161 1117 venisti,
1204 1082 1284 1107 non
1324 1068 1402 1107 dici
1437 1077 1565 1119 potest

228 1148 348 1184 quam
369 1135 483 1174 valde
502 1136 706 1185 gaudeam.
768 1134 848 1183 Qui
870 1135 930 1172 sac
957 1142 998 1172 ut
1023 1142 1061 1173 te
1088 1147 1206 1184 quam
1230 1133 1397 1172 maxime
1418 1134 1562 1185 diligat.

231 1200 332 1238 Mihi
354 1201 483 1248 crede,
504 1199 599 1238 nihil
621 1214 667 1238 ex
688 1199 760 1238 ista
780 1199 980 1250 provincia
1002 1207 1114 1250 potes
1142 1200 1251 1250 quod
1279 1199 1488 1238 iucundius
1518 1199 1565 1237 sit

229 1267 446 1316 deportare.
506 1266 610 1305 Cura
631 1272 672 1304 ut
694 1266 833 1304 valeas.
1591 1286 1625 1316 15

274 1416 383 1452 XVI
553 1418 622 1450 Scr.
645 1419 773 1450 Romae
790 1429 834 1450 ex.
858 1430 902 1450 m.
923 1418 1005 1450 Nov.
1027 1429 1056 1450 a.
1080 1429 1139 1458 70⁰
1159 1419 1243 1461 (54).

566 1496 609 1527 M.
639 1496 813 1527 CICERO
840 1496 874 1527 S.
904 1497 944 1527 D.
973 1496 1225 1528 TREBATIO.

194 1592 211 1620 1
285 1578 331 1614 In
357 1577 499 1626 ‘Equo
525 1575 719 1614 Troiano'
751 1575 825 1614 scis
854 1589 938 1614 esse
966 1575 1005 1613 in
1036 1583 1210 1614 extremo
1240 1577 1249 1595 ‘
1267 1588 1353 1614 sero
1383 1574 1563 1625 sapiunt.’

228 1643 290 1679 'I'u
322 1650 468 1689 tamen,
503 1641 554 1679 mi
590 1642 732 1689 vetule,
766 1654 846 1679 non
878 1649 974 1679 sero.
1046 1640 1195 1678 Primas
1227 1640 1310 1679 illas
1349 1640 1563 1679 rabiosulas

228 1716 285 1745 sat
319 1708 445 1745 fatuas
483 1706 654 1752 dedisti;
696 1705 842 1745 deinde
876 1707 985 1756 quod
1024 1705 1062 1744 in
1100 1705 1301 1744 Britannia
1334 1720 1414 1744 non
1447 1705 1562 1743 nimis
1585 1722 1624 1744 20

229 1773 458 1822 φιλοθέωρον
495 1780 533 1810 te
573 1771 799 1822 praebuisti,
838 1773 954 1822 plane
994 1786 1074 1811 non
1114 1771 1370 1821 reprehendo.
1444 1771 1562 1808 Nunc

228 1852 318 1876 vero
339 1838 379 1875 in
400 1836 573 1875 hibernis
601 1836 766 1875 iniectus
797 1836 891 1874 mihi
914 1836 1069 1883 videris,
1090 1836 1221 1886 itaque
1246 1843 1284 1874 te
1313 1848 1562 1874 commovere

229 1916 308 1941 non
329 1915 449 1941 curas,

255 1953 578 2017 ‘Usquequaque
609 1967 743 2016 sapere
773 1974 926 2017 oportet
942 1981 952 2014 ;
984 1966 1025 2005 id
1054 1966 1124 2005 erit
1154 1968 1275 2005 telum
1305 1965 1561 2005 acerrimum)

185 2034 314 2083 2Ego
353 2032 383 2070 si
424 2031 514 2070 foris
553 2031 780 2079 cenitarem,
813 2033 884 2071 Cn.
923 2031 1104 2080 Octavio,
1143 2031 1319 2070 familiari
1359 2039 1440 2079 tuo,
1479 2044 1559 2069 non
1580 2048 1619 2080 25

273 2146 292 2176 5
319 2136 446 2176 ‘Quam
464 2138 541 2168 sint.
564 2161 570 2168 .
592 2161 599 2168 .
621 2135 755 2167 amant'
778 2136 899 2176 Tyrrell
919 2136 1034 2167 Bo'ckel
1051 2139 1162 2176 poetae
1189 2135 1321 2167 cuidam
1352 2136 1560 2167 attribuentes

233 2192 264 2211 11
294 2180 405 2219 Quom
424 2180 664 2217 Mendelssolm,
682 2180 719 2219 cfi
742 2179 883 2220 Madvig
897 2179 968 2210 Fin.
990 2180 1009 2210 i.
1035 2189 1074 2210 ιο
1090 2192 1096 2210 ;
1121 2190 1220 2219 quam
1238 2178 1325 2210 codd.
1343 2190 1349 2210 :
1378 2179 1468 2218 quod
1484 2182 1554 2209 vett.

233 2235 272 2264 19
297 2224 445 2255 Primum
465 2224 550 2255 Crat.
644 2233 685 2254 20
709 2222 981 2262 deinde—Quod
1004 2222 1126 2262 Tyr-rell
1197 2223 1229 2253 in
1250 2222 1427 2253 BritannIa
1443 2221 1530 2252 codd.
1550 2235 1556 2253 :

228 2268 292 2299 τῶν
309 2268 494 2309 Βρεταννῶν
511 2265 750 2305 Mendelssolm,
769 2265 860 2306 quod
878 2265 1045 2297 Trebatius
1064 2276 1129 2297 non
1156 2267 1189 2296 in
1209 2265 1424 2297 Britanniam
1450 2269 1556 2296 trans-

228 2314 308 2344 ierat
368 2312 467 2343 nimis
483 2310 689 2342 Polz'tianus:
715 2311 826 2341 minus
837 2309 923 2342 codd.
1017 2321 1059 2341 22
1076 2310 1219 2341 iniectus
1240 2310 1299 2341 sie.
1314 2313 1396 2340 veste
1410 2308 1557 2349 iniectus)

229 2356 316 2388 codd.
336 2355 528 2397 Hoffmann
546 2354 774 2387 Mendelssohn
791 2353 915 2385 Muller
928 2352 1024 2393 Reid,
1041 2351 1132 2395 quod
1146 2353 1264 2384 retinui
1277 2351 1482 2383 dubitanter:
1507 2352 1556 2382 in-

229 2406 340 2431 tectus
358 2399 510 2431 schottus
527 2399 657 2431 Baiter:
683 2398 758 2429 nive
777 2403 887 2431 tectus
903 2397 936 2430 C.
951 2397 986 2429 F.
1002 2396 1199 2430 Hermann:
1215 2397 1297 2438 sort.
1318 2396 1351 2428 in
1370 2396 1467 2428 tectis
1484 2395 1518 2435 (i.
1528 2406 1552 2427 e.

230 2453 295 2476 non
312 2445 373 2476 sub
387 2444 537 2486 pellibus)
