1791 2796
100 156 218 193 XIII.
239 155 378 191 xxviii
618 153 674 191 M.
707 152 877 208 TVLLI
909 151 1216 189 CICERONIS

253 265 519 304 conficiemus.
564 265 657 302 Hoc
674 270 715 301 ut
731 264 1006 314 adsequamur,
1016 271 1054 301 te
1067 264 1320 302 vehementer
1335 262 1451 301 etiam
1468 272 1586 314 atque

210 338 234 375 3
254 331 371 370 etiam
393 344 497 381 rogo.
560 331 679 377 Illud,
700 330 810 380 quod
839 342 957 380 supra
983 328 1128 379 scripsi,
1156 328 1197 368 id
1226 328 1297 367 tibi
1326 330 1518 367 confirmo
1546 328 1586 366 in

254 410 396 446 meque
431 395 589 445 recipio,
622 403 660 433 te
695 408 741 433 ea
775 407 877 444 quae
904 394 1038 447 fecisti,
1060 393 1230 433 Mescini
1259 407 1377 432 causa
1406 406 1587 444 quaeque

252 461 388 501 feceris
424 461 475 499 ita
507 462 610 500 bene
649 462 959 508 conlocaturum,
994 468 1036 498 ut
1065 459 1149 510 ipse
1182 459 1332 498 iudices
1367 459 1518 498 bomini
1549 467 1587 498 te

250 526 481 578 gratissimo,
505 526 792 564 iucundissimo
817 525 987 575 benigne
1012 525 1160 564 fecisse.
1221 526 1325 564 Volo
1350 525 1455 563 enim
1475 525 1526 564 ad
1547 524 1587 564 id

251 593 361 643 quod
383 606 469 631 mea
491 605 609 631 causa
630 591 756 630 fecisti
777 592 853 630 hoc
874 591 992 630 etiam
1012 592 1211 630 accedere.

298 791 502 827 XXVIII
517 803 540 826 a
585 793 654 827 Scr.
675 793 811 832 Romae,
832 798 869 825 ut
884 793 1019 832 videtur,
1039 804 1069 824 a.
1095 795 1155 834 708
1178 793 1256 833 s46).

712 883 882 915 CJCERO
904 882 1080 914 SERVIO
1101 882 1136 914 S.

220 988 237 1015 1
324 976 410 1013 Nec
459 973 800 1013 Lacedaemonios
844 973 1024 1012 dubitare
1066 972 1230 1011 arbitror
1267 971 1363 1022 quin
1404 971 1477 1022 ipsi
1521 985 1590 1010 sua

256 1040 528 1090 maiorumque
550 1053 709 1078 suorum
735 1039 967 1078 auctoritate
992 1038 1083 1076 satis
1111 1037 1379 1076 commendati
1400 1037 1477 1076 sint
1499 1037 1589 1076 fidei

257 1114 294 1144 et
316 1104 484 1143 iustitiae
509 1113 610 1152 tuae,
635 1113 671 1143 et
697 1118 781 1155 ego,
805 1104 871 1154 qui
901 1111 938 1142 te
963 1105 1112 1154 optime
1140 1103 1352 1150 novissem,
1372 1116 1452 1141 non
1480 1102 1590 1141 dubi-

257 1171 333 1210 tavi
355 1170 450 1221 quin
472 1170 542 1209 tibi
571 1169 776 1208 notissima
803 1177 840 1208 et
861 1169 944 1207 iura
970 1176 1007 1207 et
1029 1168 1166 1207 merita
1187 1169 1423 1218 populorum
1448 1175 1588 1206 essent.

258 1238 399 1287 Itaque
427 1250 516 1275 cum
542 1249 564 1274 a
589 1249 652 1274 me
679 1242 829 1285 peteret
855 1234 1058 1285 Philippus
1089 1233 1428 1272 Lacedaemonius
1455 1241 1496 1272 ut
1521 1232 1591 1271 tibi

258 1302 455 1341 civitatem
491 1303 825 1348 commendarem,
867 1300 939 1339 etsi
978 1299 1234 1338 memineram
1275 1313 1337 1338 me
1372 1299 1407 1338 ei
1446 1298 1591 1337 civitati

260 1367 393 1406 omnia
424 1367 580 1415 debere,
616 1374 749 1405 tamen
784 1365 970 1417 respondi
1009 1363 1358 1404 commendatione
1398 1363 1592 1403 Lacedae·
1637 1383 1650 1406 ς

218 1445 242 1472 2
262 1433 416 1471 monios
443 1434 549 1483 apud
571 1441 608 1472 te
636 1446 716 1471 non
738 1446 860 1483 egere.
922 1433 1062 1482 Itaque
1084 1430 1138 1469 sic
1159 1430 1275 1469 velim
1298 1429 1505 1478 existimes,
1530 1444 1592 1469 me

261 1499 388 1537 omnis
430 1499 602 1537 Achaiae
641 1498 817 1537 civitates
856 1497 1030 1537 arbitrari
1071 1510 1140 1547 pro
1180 1498 1320 1534 horum
1369 1503 1590 1546 temporum

260 1564 552 1614 perturbatione
575 1563 706 1611 felicis,
731 1564 838 1614 quod
865 1563 908 1601 iis
937 1571 976 1601 tu
1002 1562 1158 1613 praesis,
1183 1563 1436 1612 eundemque
1458 1575 1520 1600 me
1542 1561 1593 1599 ita

260 1628 464 1676 iudicasse,
481 1637 528 1676 te,
546 1630 653 1679 quod
676 1643 776 1667 unus
798 1629 946 1679 optime
968 1641 1102 1666 nosses
1124 1641 1204 1665 non
1222 1635 1353 1666 nostra
1374 1629 1501 1666 solum
1523 1628 1593 1666 sed

259 1695 376 1733 etiam
417 1695 605 1733 Graeciae
645 1703 903 1733 monumenta
941 1694 1087 1741 onmia,
1127 1703 1192 1732 tua
1234 1701 1375 1744 sponte
1420 1693 1591 1732 amicum
1616 1712 1627 1731 ,ν

262 1759 586 1798 Lacedaemoniis
616 1768 654 1799 et
684 1774 768 1799 esse
799 1768 836 1798 et
864 1762 954 1799 sore.
1016 1762 1107 1809 Qua
1136 1774 1174 1798 re
1205 1767 1357 1798 tanturn
1384 1773 1406 1798 a
1433 1767 1471 1798 te
1501 1767 1592 1810 peto

261 1834 312 1872 ut,
337 1839 456 1875 quom
483 1839 527 1863 ea
558 1825 676 1864 facies
699 1825 1103 1864 Lacedaemoniorum
1133 1839 1249 1864 causa
1274 1838 1374 1875 quae
1396 1833 1461 1863 tua
1482 1825 1590 1872 fides,

260 1890 494 1940 amplitudo,
516 1890 660 1929 iustitia
688 1891 911 1941 postulabit,
935 1891 990 1939 iis,
1015 1891 1044 1929 si
1060 1891 1141 1932 ,tibi
1170 1891 1375 1939 videbitur,
1399 1891 1592 1941 significes

262 1965 299 1994 te
334 1969 413 1994 non
450 1957 614 1994 moleste
644 1957 750 2004 ferre,
779 1959 887 2008 quod
919 1959 1118 2008 intellegas
1149 1972 1193 1997 ea
1221 1971 1322 2008 quae
1350 1957 1466 1996 facias
1498 1956 1592 1995 mihi

1614 1056 1649 1077 10

263 2034 422 2070 quoque
451 2030 557 2070 grata
587 2035 682 2060 esse.
745 2024 917 2062 Pertinet
948 2024 1051 2062 enim
1083 2025 1133 2062 ad
1161 2023 1332 2062 officium
1365 2036 1496 2061 meum
1526 2036 1593 2060 eos
1617 2037 1652 2067 25

264 2086 483 2124 existimare
513 2100 628 2125 curae
664 2088 758 2126 milii
789 2103 878 2127 suas
909 2104 968 2128 res
1003 2104 1097 2128 esse.
1160 2090 1251 2127 Hoc
1282 2096 1319 2126 te
1344 2089 1596 2126 vehementer

265 2151 380 2189 etiam
406 2159 524 2200 atque
549 2152 665 2190 etiam
693 2167 797 2203 rogo.

310 2267 329 2286 2
353 2256 410 2286 tibi
429 2257 594 2287 confirmo
611 2268 676 2287 om.
696 2257 737 2288 M
969 2269 987 2296 7
1012 2259 1145 2289 Novam
1162 2263 1210 2298 ep.
1228 2258 1483 2298 1'ncep1'tpr1'nms
1502 2257 1594 2288 lllan.

271 2310 307 2337 19
331 2301 497 2331 iudicasse
520 2299 726 2341 ll'escnbrrg:
754 2312 824 2332 —are
840 2302 929 2333 codd.
950 2302 1035 2343 vulg.
1177 2313 1218 2341 23
1243 2301 1432 2342 postulabit.
1454 2301 1494 2331 iis
1510 2300 1590 2332 coni.

270 2342 474 2385 lVf's-cnbetg:
502 2344 648 2384 postulat
668 2351 701 2375 ut
721 2346 772 2375 his
788 2345 877 2376 codd.
