1791 2796
548 164 658 200 EPP.
692 164 768 200 AD
800 163 1146 200 FAMILIARES
1465 160 1658 198 x'111.vii

190 274 406 314 †Nondum
439 275 649 312 rettuleras.
713 275 841 312 Multa
873 274 911 311 in
943 276 1018 312 lioc
1049 288 1190 322 genere
1222 272 1464 311 incredibilia
1487 279 1524 310 te

189 339 352 377 absente
382 339 619 377 acciderunt.
682 339 837 377 Servius
865 341 1001 378 Ocella
1024 340 1169 377 nemini
1203 339 1455 390 persuasisset
1485 352 1525 376 se

190 407 400 443 moeclium
433 419 528 452 esse,
558 405 630 443 nisi
662 405 792 444 triduo
824 405 883 443 bis
915 407 1131 456 deprensus
1164 414 1275 444 esset.
1336 407 1522 453 Quaeres,

191 470 268 508 ubi.
343 471 419 508 Ubi
453 472 630 509 hercules
674 484 747 521 ego
796 471 958 510 minime
998 473 1149 510 vellem.
1216 472 1416 520 Relinquo
1455 469 1523 507 tibi

154 548 171 578 5
192 536 299 584 quod
324 536 374 573 al)
401 535 486 573 aliis
514 549 702 585 quaeras;
737 550 866 586 neque
896 536 1000 575 enim
1030 536 1210 586 displicet
1239 536 1333 574 milii
1366 536 1525 586 impera-

192 608 316 638 torem
339 600 512 650 singulos
533 601 752 652 percontari
775 615 863 640 cum
888 615 964 652 qua
985 602 1031 640 sit
1053 602 1172 652 aliqui
1196 603 1422 653 deprensus.

238 777 354 812 VIII
532 780 602 812 Ser.
625 780 754 812 Romae
768 782 812 812 in.
835 793 878 813 m.
902 782 968 813 ()‹·!.
989 793 1019 813 a.
1042 793 1097 822 705
1117 781 1196 823 (51).

603 859 800 890 CAEI.IVS
827 860 1053 890 CICERONI
1082 860 1115 890 S.

253 937 337 976 Etsi
359 939 409 977 de
429 953 469 977 re
496 952 531 989 p.
556 953 656 989 quae
687 939 757 977 tibi
785 940 952 978 scribam
974 939 1114 986 habeo,
1139 946 1270 977 tamen
1297 938 1392 977 nihil
1420 940 1528 989 quod
1549 949 1563 975 1

142 1021 180 1043 ιο
199 1003 320 1053 magis
341 1004 562 1054 gavisurum
585 1012 622 1043 te
643 1013 776 1055 putem
800 1006 929 1043 habeo
956 1017 1074 1054 quam
1097 1005 1196 1043 hoc:
1227 1004 1334 1042 Scito
1356 1005 1399 1042 C.
1425 1006 1530 1043 Sem-

198 1069 380 1118 pronium
409 1070 568 1116 Rufum,
600 1072 676 1108 mel
704 1084 748 1108 ac
773 1069 934 1108 delicias
964 1077 1061 1117 tuas,
1095 1069 1332 1107 calumniam
1359 1070 1530 1108 maximo

198 1135 336 1183 plausu
363 1134 507 1173 tulisse.
569 1136 659 1183 Qua
689 1135 841 1185 quaeris
863 1135 901 1172 in
923 1148 1050 1172 causa.
1112 1136 1167 1173 M.
1192 1134 1398 1182 Tuccium,
1421 1149 1531 1173 accu-

198 1207 366 1237 satorem
389 1213 515 1246 suum,
539 1208 627 1249 post
649 1201 763 1238 ludos
786 1202 991 1238 Romanos
1013 1213 1121 1238 reum
1151 1201 1235 1250 lege
1262 1200 1388 1238 Plotia
1418 1202 1468 1239 de
1495 1200 1531 1238 vi

200 1264 288 1302 fecit
329 1266 404 1302 hoc
444 1265 620 1312 consilio,
661 1267 769 1315 quod
804 1266 974 1312 videbat,
1009 1265 1039 1303 si
1079 1266 1405 1304 extraordinarius
1444 1280 1531 1304 reus

146 1348 178 1377 ¹5
200 1343 317 1368 nemo
355 1329 593 1377 accessisset,
631 1330 704 1368 sibi
744 1332 820 1369 hoc
854 1344 959 1369 anno
994 1343 1152 1368 causam
1187 1344 1272 1369 esse
1306 1331 1528 1371 dicendam.

202 1395 376 1433 Dubium
408 1409 523 1445 porro
554 1395 607 1433 illi
638 1409 718 1434 non
749 1403 829 1434 erat
859 1395 955 1445 quid
985 1397 1157 1434 futurum
1198 1404 1308 1435 esset.
1370 1397 1530 1435 Nemini

199 1462 274 1498 hoc
318 1461 466 1499 deferre
516 1462 793 1499 munusculum
834 1460 969 1499 maluit
1012 1474 1130 1510 quam
1174 1475 1245 1500 suo
1292 1462 1532 1509 accusatori3

200 1525 330 1575 itaque
365 1526 448 1564 sine
478 1528 558 1564 ullo
598 1525 861 1576 subscriptore
896 1525 1101 1564 descendit
1131 1534 1169 1564 et
1198 1527 1391 1565 Tuccium
1423 1541 1530 1566 reum

199 1590 300 1629 fecit.
360 1592 413 1629 At
434 1604 521 1641 ego,
537 1591 651 1629 simul
673 1599 790 1641 atque
817 1590 959 1637 audivi,
984 1590 1186 1630 invocatus
1207 1593 1257 1630 ad
1280 1593 1462 1631 subsellia
1479 1593 1531 1632 rei

144 1673 183 1694 20
201 1669 389 1704 occurr03
431 1671 545 1707 surgo
579 1670 707 1708 neque
742 1657 902 1695 verbum
938 1658 988 1695 de
1023 1671 1063 1695 re
1093 1657 1218 1704 faci03
1261 1666 1387 1696 totum
1428 1660 1533 1697 Sem-

201 1722 382 1772 pronium
404 1736 528 1772 usque
549 1737 596 1762 eo
618 1736 760 1773 perago
782 1731 823 1761 ut
844 1722 1070 1761 Vestorium
1099 1736 1257 1772 quoque
1286 1723 1531 1773 interponam

201 1796 238 1825 et
261 1787 363 1826 illam
382 1789 552 1842 fabulam
577 1802 741 1835 narrem,
761 1802 877 1839 quem
901 1789 951 1826 ad
974 1789 1137 1826 modum
1155 1787 1225 1826 tibi
1248 1802 1317 1838 pro
1339 1790 1532 1829 beneficio

202 1853 364 1899 dederit,
388 1853 442 1893 *ssi
465 1855 573 1903 quod
596 1854 743 1892 iniuriis
765 1854 843 1892 suis
866 1862 977 1900 esset,
1003 1862 1043 1891 ut
1064 1853 1267 1891 Vestorius
1288 1861 1447 1893 teneret.

259 1920 371 1956 Haec
392 1931 551 1968 quoque
573 1932 713 1968 magna
734 1933 839 1958 nunc
860 1919 1061 1958 contentio
1078 1921 1203 1957 sorum
1222 1927 1327 1959 tenet
1346 1936 1351 1959 :
1379 1922 1433 1959 M.
1452 1924 1531 1959 Ser-
1550 1928 1574 1956 2

148 1999 183 2029 ²5
204 1983 316 2021 vilius
337 1990 557 2033 postquam,
583 1992 623 2022 ut
645 1992 837 2035 coeperat,
863 1985 1048 2023 omnibus
1069 1985 1108 2023 in
1130 1985 1245 2023 rebus
1267 1987 1437 2024 turbarat
1461 2001 1532 2025 nec

204 2049 312 2098 quod
337 2061 417 2087 non
438 2050 624 2088 venderet
651 2050 862 2100 quicquam
889 2052 1094 2101 reliquerat
1119 2051 1391 2102 maximaeque
1418 2054 1532 2091 nobis

205 2113 368 2151 traditus
402 2121 481 2152 erat
517 2114 697 2161 invidiae,
725 2129 853 2166 neque
879 2117 1099 2156 Laterensis
1125 2126 1278 2168 praetor
1310 2120 1532 2168 postulante

252 2228 261 2247 1
286 2218 435 2248 nondum
446 2217 532 2250 codd.
555 2231 568 2255 :>
586 2221 745 2251 mundum
757 2220 1001 2263 Pantagathus,
1023 2224 1059 2262 cf.
1074 2223 1146 2255 Lt'v.
1160 2225 1274 2255 xxxiv.
1295 2235 1321 2264 7.
1336 2236 1356 2263 9
1429 2229 1532 2255 rettu-

206 2260 309 2291 leram
325 2261 357 2292 C.
369 2261 406 2292 F.
417 2262 594 2293 Hermann
609 2275 614 2293 :
637 2273 692 2294 res
703 2274 781 2295 suas
796 2265 971 2297 rettulerat
984 2266 1172 2308 Wesenbmg
1255 2279 1292 2299 12
1310 2268 1384 2307 Qua
1398 2269 1534 2307 quaeris

207 2305 240 2334 in
260 2304 292 2334 C.
313 2304 347 2334 F.
368 2304 547 2336 Hermann
566 2318 572 2336 :
597 2307 733 2346 quaeris
748 2319 790 2339 an
810 2308 897 2339 codd.
1007 2320 1048 2349 23
1073 2311 1100 2341 si
1117 2313 1196 2350 quid
1215 2312 1294 2342 iuris
1311 2312 1361 2342 sui
1384 2311 1456 2342 1⁷1cl.
1478 2324 1483 2342 :
1507 2313 1533 2342 si

206 2348 284 2386 quid
311 2348 433 2378 iniuria
459 2349 565 2388 ipsius
589 2349 778 2392 IVesenbmg
909 2355 951 2384 26
974 2354 1153 2394 quicquam
1178 2355 1298 2386 Lamb.
1319 2367 1325 2386 ε
1356 2356 1533 2395 quoiquam

208 2390 249 2420 M
270 2389 522 2423 Mendelssolm:
552 2404 619 2432 quo
644 2395 780 2434 inquam
800 2394 850 2427 G:
873 2407 1041 2436 quoquam
1068 2397 1123 2429 R:
1151 2398 1319 2438 quoipiam
1349 2397 1537 2439 IVesenbetg

209 2434 443 2475 maximaeque
460 2460 467 2466 .
488 2460 494 2467 .
516 2460 523 2467 .
544 2437 692 2468 invidiae
708 2437 796 2470 codd.
817 2450 824 2470 :
847 2450 947 2479 -aque
965 2451 998 2471 -a
1017 2441 1110 2472 Man.
1133 2441 1275 2482 Madvag
