1791 2796
566 150 679 188 EPP.
713 151 789 187 AD
822 151 1167 188 FAMILIARES
1484 152 1553 189 XI.
1574 152 1651 191 xiv

194 264 341 302 bellum
364 261 462 300 istuc
484 268 661 300 renatum
685 261 871 300 mirantur
895 261 1086 300 homines.
1148 261 1255 300 Nihil
1279 269 1356 300 tarn
1380 270 1530 313 praeter

194 342 304 379 spem
340 341 554 378 uinqua1n,·
603 341 694 365 nani
734 327 798 366 die
833 335 900 365 tuo
933 328 1049 366 natali
1086 327 1244 366 victoria
1280 329 1457 367 nuntiata
1492 329 1530 367 in

195 395 317 432 inulta
344 394 499 431 saecula
519 392 751 431 videbamus
779 406 859 431 rem
887 407 922 443 p.
951 392 1163 439 liberatam,
1188 393 1226 430 hi
1255 394 1344 432 novi
1371 394 1530 433 timores

195 466 372 497 retexunt
394 457 601 508 superiora.
662 457 857 508 Scripsisti
879 465 1011 496 autem
1035 459 1085 496 ad
1114 471 1176 497 me
1197 458 1333 497 litteris
1354 459 1410 506 iis,
1434 473 1530 510 quas

157 540 174 572 5
198 524 335 562 Idibus
368 523 485 561 Maiis
515 522 669 570 dedisti,
702 524 824 562 modo
857 531 895 562 te
928 523 1127 573 accepisse
1156 538 1178 562 a
1210 526 1357 564 Planco
1387 525 1531 564 litteras

195 603 277 627 non
319 588 438 639 recipi
477 587 698 627 Antonium
736 602 758 626 a
798 589 961 639 Lepido.
1040 590 1089 628 Id
1128 588 1159 627 si
1198 589 1251 628 ita
1289 598 1357 637 est,
1399 591 1533 630 omnia

196 654 391 702 faciliora3
430 654 489 692 sin
518 654 639 701 aliter,
672 667 858 704 magnum
888 654 1101 704 negotium,
1134 654 1244 693 cuius
1274 655 1419 694 exitum
1450 670 1531 695 non

196 720 420 759 extimesco.
480 721 591 758 Tuae
623 727 751 769 partes
783 727 900 767 sunt3
940 733 1013 770 ego
1043 722 1129 770 plus
1156 734 1275 771 quam
1303 721 1377 760 feci
1405 723 1532 766 facere

195 799 276 824 non
298 799 472 836 possum.
529 787 590 823 Te
610 792 753 833 tamen,
776 784 816 823 id
837 786 945 835 quod
967 798 1092 836 spero.
1115 786 1294 825 omnium
1316 787 1530 827 maximum

139 867 178 890 10
197 860 234 890 et
255 851 512 890 clarissimum
534 850 665 889 videre
686 850 813 900 cupio.

239 986 324 1021 XV
415 982 486 1021 Sci:
509 989 636 1020 Romae
652 990 737 1021 inter
751 990 807 1020 211'1'1'
819 993 848 1020 et
863 990 898 1021 1‘1'1'
911 990 953 1021 K.
976 990 1086 1030 Quint.
1104 1001 1134 1022 a.
1153 1002 1208 1031 711
1225 991 1308 1033 (45).

420 1067 464 1099 Μ.
492 1067 667 1098 CICERO
694 1067 733 1098 D.
764 1067 922 1098 BRVTO
947 1068 1046 1099 COS.
1075 1069 1172 1099 DES.
1201 1069 1234 1100 S.
1266 1069 1304 1100 D.

251 1144 335 1182 Etsi
360 1144 455 1183 mihi
483 1152 573 1183 tuae
600 1145 764 1183 litterae‘
780 1144 1086 1184 iucundissimae
1113 1154 1214 1193 sunt,
1237 1155 1370 1185 tamen
1397 1146 1530 1186 iucun-
1551 1157 1567 1184 1

197 1209 283 1248 dius
310 1210 392 1257 fuit,
415 1211 523 1260 quod
548 1209 587 1247 in
615 1223 769 1248 summa
793 1210 1053 1261 occupatione
1081 1219 1147 1248 tua
1170 1213 1317 1250 Planco
1344 1214 1532 1263 conlegae

138 1289 176 1322 15
197 1275 392 1313 mandasti
424 1283 466 1313 ut
495 1283 533 1313 te
562 1275 657 1313 mihi
687 1289 755 1326 per
784 1276 929 1314 litteras
959 1284 1158 1314 excusaret
1174 1292 1183 1324 ;
1218 1278 1325 1327 quod
1350 1278 1441 1316 fecit
1468 1278 1532 1317 ille

195 1340 411 1390 diligenter.
472 1340 575 1378 Mihi
604 1348 735 1379 autem
767 1340 862 1378 nihil
891 1341 1099 1379 amabilius
1129 1341 1259 1380 officio
1286 1350 1354 1380 tuo
1381 1351 1418 1381 et
1449 1343 1531 1382 dili-

194 1405 334 1455 gentia.
395 1404 635 1445 Coniunctio
665 1412 731 1443 tua
760 1419 851 1444 cum
876 1408 1039 1456 conlega
1070 1407 1362 1457 concordiaque
1392 1412 1527 1457 vestra,

196 1484 297 1521 quae
325 1470 460 1509 litteris
490 1470 768 1509 communibus
795 1472 991 1510 declarata
1020 1479 1088 1520 est,
1120 1472 1270 1510 senatui
1302 1475 1530 1524 populoque

199 1537 383 1574 Romano
427 1536 644 1586 gratissima
687 1536 839 1574 accidit.
914 1538 1035 1585 Quod
1080 1546 1266 1587 superest,
1308 1552 1433 1589 perge,
1476 1539 1528 1577 mi
1548 1551 1572 1578 2

139 1616 179 1639 20
199 1603 328 1649 Brute,
354 1609 391 1640 et
421 1601 497 1639 iam
524 1615 604 1640 non
632 1615 721 1639 cum
751 1601 834 1639 aliis
867 1602 936 1640 sed
966 1609 1097 1640 tecum
1128 1602 1211 1653 ipse
1240 1611 1354 1641 certa.
1416 1606 1530 1642 Plura

197 1667 365 1705 scribere
391 1681 475 1719 non
505 1667 644 1714 debeo,
672 1667 897 1717 praesertim
926 1668 977 1706 ad
1006 1675 1055 1715 te,
1088 1680 1167 1718 quo
1198 1669 1382 1719 magistro
1412 1670 1533 1708 brevi-

196 1731 284 1769 tatis
307 1731 360 1769 uti
383 1731 523 1782 cogito.
584 1728 748 1770 Litteras
778 1740 863 1770 tuas
892 1734 1144 1771 vehementer
1171 1742 1365 1783 exspecto,
1389 1742 1427 1773 et
1451 1735 1532 1785 qui-

197 1798 288 1835 dem
310 1796 396 1835 talis
418 1796 543 1846 qualis
566 1796 733 1835 maxime
758 1805 863 1847 opto.
924 1799 1032 1835 Vale.

242 1940 350 1974 XVI
456 1943 524 1974 ΞΝ.
549 1943 678 1973 Romus
700 1948 782 1974 mter
803 1955 849 1974 ex.
877 1955 921 1975 ιιι.
943 1944 1027 1985 Apr.
1044 1949 1073 1975 ct
1089 1945 1130 1976 1'11.
1154 1944 1265 1984 taml.

143 2006 180 2036 25
761 2010 793 2030 a.
818 2009 871 2038 711
890 2001 970 2038 (affl.

422 2075 466 2105 M.
494 2075 669 2105 CICERO
695 2075 734 2106 D.
765 2074 921 2106 BRVTO
946 2076 1045 2106 COS.
1073 2075 1170 2107 DES.
1201 2076 1233 2107 S.
1262 2077 1300 2107 D.

261 2152 467 2202 Pei-magni
520 2152 679 2191 interest
730 2166 810 2202 quo
862 2153 932 2191 tibi
985 2155 1082 2192 haec
1135 2162 1312 2204 tempore
1364 2153 1529 2204 epistula
1548 2167 1565 2194 1

197 2217 350 2255 reddita
392 2218 450 2265 sit,
492 2225 621 2256 utrum
661 2231 751 2256 cum
784 2218 1056 2257 sollicitudinis
1096 2219 1245 2269 aliquid
1284 2219 1448 2257 haberes
1479 2233 1529 2257 an

197 2295 288 2319 cum
318 2283 368 2321 ab
399 2283 507 2321 omni
540 2283 719 2322 molestia
749 2297 894 2322 vacuus
924 2298 1038 2322 esses.
1100 2286 1241 2335 Itaque
1270 2285 1305 2323 ei
1335 2284 1527 2335 praecepi,

244 2390 257 2409 1
284 2385 438 2410 renatum
455 2380 556 2419 codd.‚
572 2383 608 2420 cj.
625 2381 721 2413 Brut.
758 2383 777 2413 i.
802 2392 850 2420 14.
868 2393 909 2413 2:
934 2387 1131 2415 renovatum
1149 2383 1251 2423 Kleyn
1342 2392 1361 2421 3
1385 2383 1418 2413 hi
1436 2381 1528 2412 HD:

196 2434 261 2453 om.
283 2423 342 2497 A&
367 2434 454 2455 nunc
474 2424 575 2456 Orelli
702 2436 721 2464 4
746 2425 867 2456 litteris
884 2424 976 2456 HD:
1009 2436 1073 2457 om.
1095 2425 1135 2456 M
1288 2436 1304 2464 7
1331 2436 1373 2457 ne
1389 2426 1530 2457 extime-

196 2476 286 2497 scam
333 2471 392 2499 rat.
