1791 2796
535 146 646 183 EPP.
679 146 757 183 AD
788 147 1137 187 FAMILIARES
1461 151 1514 188 II.
1537 150 1629 188 xvii

177 258 310 294 culum
349 256 542 307 pertinere
556 270 566 303 3
617 263 769 295 tantum
819 258 869 295 de
913 266 1105 308 auguratu
1154 259 1207 297 fili
1253 259 1313 298 sui
1358 260 1512 311 scripsit

176 323 227 360 ad
273 335 360 369 me,
415 321 453 359 in
495 335 574 372 quo
617 335 691 372 ego
731 321 999 362 misericordia
1041 332 1276 372 commotus,
1323 332 1362 363 et
1401 314 1510 375 quod

178 400 332 437 semper
362 386 621 425 amicissimus
654 387 801 426 Bibulo
830 387 896 435 fui,
929 388 1022 428 dedi
1054 403 1215 440 operam
1247 398 1290 429 ut
1324 389 1359 429 ei
1391 404 1509 440 quam

179 451 463 490 humanissime
494 451 717 492 scriberem.
787 454 858 492 Ille
888 452 919 492 si
949 454 991 492 in
1025 454 1154 493 omnis
1189 462 1247 494 est
1281 457 1507 503 malevolus,
1529 461 1551 500 7

141 518 289 566 5quod
329 530 544 567 numquam
584 517 811 565 existimavi,
853 518 982 557 minus
1017 521 1198 559 offendor
1241 520 1281 559 in
1320 535 1407 569 me,
1450 521 1509 559 sin

178 591 310 622 autem
341 597 363 622 a
390 597 453 622 me
474 591 531 622 est
551 583 725 632 alienior,
748 584 845 623 nihil
873 584 944 623 tibi
967 599 1079 625 meae
1099 586 1250 626 litterae
1271 588 1511 638 proderunt5

180 662 283 695 nam,
312 650 363 688 ad
393 657 571 688 senatum
602 664 699 700 quas
730 650 896 689 Bibulus
926 650 1073 691 litteras
1103 652 1219 699 misit,
1251 652 1290 691 in
1322 653 1377 699 iis,
1402 655 1510 703 quod

181 714 277 751 mihi
316 728 406 753 cum
442 714 508 753 illo
543 723 623 753 erat
662 729 886 763 commune,
921 715 996 755 sibi
1035 716 1108 755 soli
1142 717 1342 756 attribuit:
1383 732 1424 756 se
1458 718 1511 756 ait

181 793 337 818 curasse
376 787 419 818 ut
467 794 557 818 cum
604 788 769 831 quaestu
809 781 946 832 populi
987 781 1157 831 pecunia
1204 790 1512 833 permutaretur;

123 858 162 881 10
182 845 291 894 quod
320 852 453 883 autem
484 859 615 884 meum
644 853 725 884 erat
754 845 970 896 proprium,
990 854 1033 884 ut
1061 846 1189 885 alariis
1218 847 1511 897 Transpadanis

181 909 237 947 uti
269 923 465 960 negarem,
499 909 539 949 id
575 909 691 949 etiam
720 912 870 961 populo
902 925 944 950 se
977 910 1173 951 remisisse
1205 912 1362 961 scribit,
1403 913 1512 963 quod

181 969 284 1013 vero'
302 974 403 1013 illius
434 983 516 1013 erat
544 975 674 1022 solius,
708 975 748 1014 id
778 989 935 1014 mecum
966 977 1257 1016 communicat:
1292 976 1510 1028 ‘equitibus

181 1039 411 1088 auxiliariis,’
447 1040 584 1091 inquit,
624 1044 736 1079 ‘cum
774 1041 944 1092 amplius
983 1042 1167 1081 frumenti
1201 1044 1513 1093 postularemus.'

183 1106 287 1144 Illud
318 1118 411 1144 vero
440 1105 569 1156 pusilli
597 1105 723 1145 animi
749 1114 787 1145 et
822 1106 907 1158 ipsa
941 1107 1217 1146 malevolentia
1246 1107 1366 1147 ieiuni
1394 1116 1512 1159 atque

125 1183 161 1215 15
181 1169 318 1218 inanis,
357 1173 465 1221 quod
506 1171 822 1219 Ariobarzanem,
857 1172 950 1222 quia
985 1180 1143 1212 senatus
1183 1187 1251 1224 per
1285 1187 1348 1212 me
1382 1187 1512 1223 regem

181 1236 391 1286 appellavit
416 1236 592 1287 mihique
622 1237 927 1284 commendavit,
951 1237 1024 1276 iste
1051 1237 1091 1276 in
1112 1237 1247 1277 litteris
1268 1251 1348 1277 non
1369 1252 1510 1289 regem,

183 1303 253 1340 sed
284 1302 382 1353 regis
418 1301 690 1341 Ariobarzanis
726 1303 849 1341 filium
889 1304 1070 1354 appellat.
1143 1305 1236 1342 Hoc
1274 1303 1407 1342 animo
1446 1303 1513 1353 qui

184 1375 284 1414 sunt,
308 1367 519 1407 deteriores
540 1369 638 1407 fiunt
659 1367 796 1419 rogati.
853 1370 932 1408 Sed
953 1368 1024 1408 tibi
1045 1382 1195 1407 morem
1215 1368 1316 1419 gessi
1333 1383 1341 1415 ;
1368 1367 1514 1407 litteras

183 1433 234 1471 ad
255 1446 345 1471 eum
366 1432 512 1484 scripsi,
535 1447 632 1484 quas
653 1447 743 1472 cum
765 1432 975 1484 acceperis,
998 1433 1118 1473 facies
1139 1434 1248 1485 quod
1269 1434 1387 1472 voles.

128 1638 167 1659 20
228 1623 388 1660 XVIII
480 1626 550 1658 Ser.
571 1625 750 1658 Laudiceae
766 1626 810 1657 in.
834 1636 877 1657 m.
897 1625 989 1657 Maio
1004 1636 1034 1658 a.
1056 1635 1117 1666 704
1136 1625 1218 1667 (50).

357 1715 400 1747 M.
427 1714 602 1746 CICERO
628 1714 720 1746 IMP.
749 1714 782 1745 S.
812 1714 852 1745 D.
879 1714 919 1753 Q.
946 1714 1149 1745 THERMO
1175 1713 1344 1746 PROPR.

240 1802 587 1850 Officiunrmeum
621 1816 710 1852 erga
742 1802 984 1840 Rhodonem
1015 1808 1224 1852 ceteraque
1254 1815 1342 1840 mea
1371 1800 1511 1849 studia,
1532 1814 1549 1840 1

187 1881 287 1918 quae
307 1867 378 1907 tibi
398 1881 444 1906 ac
465 1867 539 1905 tuis
564 1866 747 1918 praestiti,
773 1865 854 1913 tibi,
878 1864 1030 1904 homini
1050 1865 1279 1916 gratissimo,
1303 1874 1409 1916 grata
1430 1880 1515 1904 esse

187 1934 438 1972 vehementer
475 1933 641 1982 gaudeo,
680 1931 856 1981 mihique
895 1930 994 1970 scito
1028 1930 1067 1969 in
1102 1931 1186 1970 dies
1225 1930 1362 1970 maiori
1400 1944 1515 1969 curae

131 2015 167 2046 25
187 2011 271 2037 esse
300 1997 530 2048 dignitatem
565 2006 672 2036 tuam
688 2013 697 2046 ;
728 2011 829 2047 quae
860 1996 1021 2048 quidem
1051 2010 1074 2034 a
1108 2004 1145 2035 te
1176 1995 1263 2046 ipso
1297 1995 1515 2046 integritate

187 2071 225 2101 et
256 2063 464 2102 clementia
498 2072 563 2102 tua
597 2063 652 2102 sic
680 2062 922 2113 ampljficata
961 2069 1029 2109 est,
1066 2069 1108 2100 ut
1142 2061 1239 2100 nihil
1272 2060 1365 2100 addi
1400 2074 1515 2111 posse

187 2128 372 2167 videatur.
432 2130 509 2168 Sed
540 2128 635 2167 mihi
668 2128 791 2179 magis
818 2126 1020 2178 magisque
1047 2126 1192 2166 cotidie
1219 2128 1269 2165 de
1297 2125 1513 2165 rationibus
1533 2135 1557 2161 2

187 2192 263 2231 tuis
302 2193 487 2243 cogitanti
526 2195 653 2244 placet
692 2193 788 2232 illud
827 2207 959 2232 meum
999 2192 1219 2240 consilium,
1260 2193 1368 2243 quod
1403 2190 1514 2229 initio

187 2257 361 2297 Aristoni
391 2267 535 2306 nostro,
570 2260 612 2298 ut
640 2260 692 2298 ad
721 2272 784 2298 me
813 2259 929 2305 venit,
963 2258 1130 2306 ostendi,
1162 2257 1286 2309 gravis
1316 2265 1354 2296 te
1387 2269 1514 2295 susce-

232 2373 251 2400 4
276 2362 495 2393 rescriberem
515 2362 633 2401 Lamb.
749 2363 781 2392 in
799 2363 907 2393 omnis
924 2361 1057 2393 Baiter:
1092 2361 1201 2392 omnis
1217 2359 1325 2392 codd:
1360 2359 1515 2390 omnibus

189 2404 218 2436 S
231 2406 319 2446 vulg.
458 2416 492 2436 11
521 2407 567 2437 uti
586 2417 638 2437 me
654 2416 812 2445 negarem
831 2406 947 2437 Lamb.
