1791 2796
654 172 764 208 EPP.
799 171 876 208 AI)
909 171 1256 210 FAMILIARES
1569 172 1661 209 XII.
1682 171 1726 207 iv

289 285 471 323 consules
511 283 702 321 habemus
755 283 824 321 sed
873 283 1118 333 turpissimos
1166 282 1391 329 consularis,
1443 289 1621 320 senatum

290 350 429 386 sortem
469 349 537 386 sed
572 348 708 386 infimo
747 361 946 398 quemque
981 350 1130 386 honore
1166 347 1444 395 sortissimum3
1474 349 1622 398 populo

290 428 381 452 vero
420 413 515 451 nihil
555 414 702 459 fortius,
741 413 835 450 nihil
877 413 1014 451 melius
1056 414 1247 464 Italiaque
1283 413 1483 452 universa:
1526 413 1622 451 nihil

289 489 420 519 autem
453 479 605 518 foedius
638 478 820 529 Philippo
850 486 887 517 ct
920 479 1061 517 Pisone
1092 479 1236 529 legatis,
1262 478 1357 516 nibil
1380 478 1618 528 flagitiosius

252 560 270 591 5
293 547 371 596 Qui
393 560 483 584 cum
505 552 634 584 essent
656 544 762 583 missi
785 553 825 582 ut
848 545 1024 583 Antonio
1046 559 1091 583 ex
1109 553 1265 583 senatus
1288 545 1480 582 sententia
1497 552 1620 582 certas

290 626 349 651 res
377 611 611 658 nuntiarent,
634 625 724 650 cum
756 611 818 649 ille
849 624 981 649 earum
1012 624 1137 649 rerum
1170 610 1265 648 nulli
1297 610 1496 660 paruisset,
1521 611 1621 647 ultro

290 678 341 715 ab
375 677 440 715 illo
474 678 523 715 ad
559 690 630 714 nos
665 675 921 714 intolerabilia
956 677 1151 725 postulata
1181 677 1422 713 rettuleruntj
1482 676 1622 724 Itaque

290 745 340 781 ad
376 757 447 781 nos
482 742 724 781 concurritur
758 741 928 791 factique
964 741 1039 779 iam
1076 741 1114 779 in
1147 754 1186 779 re
1218 741 1373 779 salutari
1414 742 1620 791 populares

290 822 435 846 sumus.

235 887 273 909 ιο
346 874 423 911 Sed
462 881 507 910 tu
542 872 637 922 quid
676 885 819 922 agere8‚
856 871 951 922 quid
991 880 1157 919 acturus,
1195 871 1262 909 ubi
1297 871 1469 921 denique
1504 884 1618 917 esses,
1642 880 1664 906 2

291 938 542 991 nesciebamg
584 939 686 976 fama
721 937 927 976 nuntiabat
959 946 997 975 te
1031 951 1116 976 esse
1148 938 1185 975 in
1219 937 1336 986 Syria,
1373 945 1508 975 auctor
1543 944 1621 974 erat

291 1017 422 1041 nemo,
483 1005 543 1041 De
580 1005 710 1049 Bruto,
749 1016 828 1052 quo
863 1003 1023 1053 propius
1056 1010 1122 1045 est,
1161 1016 1209 1040 eo
1242 1002 1410 1039 firmiora
1442 1001 1623 1039 videntur

292 1082 376 1106 esse
408 1082 508 1118 quae
543 1068 781 1106 nuntiantur.
860 1069 1067 1106 Dolabella
1101 1069 1213 1106 valde
1249 1067 1539 1118 vituperabatur
1573 1068 1622 1105 ab

292 1133 519 1171 hominibus
541 1147 620 1171 non
643 1133 810 1179 insulsis,
834 1135 943 1183 quod
971 1133 1038 1170 tibi
1069 1141 1146 1170 tam
1170 1133 1247 1170 cito
1270 1133 1508 1179 succederet,
1532 1146 1621 1170 cum

235 1213 271 1243 15
292 1208 333 1237 tu
356 1199 514 1237 vixdum
538 1211 626 1236 xxx
648 1199 731 1237 dies
754 1199 792 1236 in
815 1198 921 1248 Syria
943 1198 1091 1236 fuisses.
1145 1200 1284 1247 Itaque
1305 1198 1511 1235 constabat
1533 1211 1622 1235 eum

292 1264 410 1314 recipi
433 1265 471 1302 in
494 1265 641 1314 Syriam
664 1278 743 1302 non
766 1272 955 1315 oportere.
1016 1266 1178 1301 Summa
1205 1265 1288 1301 laus
1310 1272 1346 1301 et
1369 1271 1434 1301 tua
1455 1271 1492 1301 et
1516 1263 1624 1301 Bruti

291 1338 359 1373 est,
384 1332 491 1380 quod
513 1330 724 1368 exercitum
747 1338 897 1380 praeter
926 1343 1035 1379 spem
1067 1328 1342 1367 existimamini
1363 1342 1621 1379 comparasse.

294 1396 510 1434 Scriberem
547 1398 667 1446 plura,
703 1396 732 1433 si
765 1410 845 1434 rem
886 1409 1126 1445 causamque
1160 1408 1343 1439 nossem3
1387 1408 1492 1433 nunc
1523 1408 1625 1444 quae

293 1461 420 1499 scribo
460 1461 588 1499 scribo
627 1475 672 1499 ex
712 1461 899 1511 opinione
939 1460 1145 1499 hominum
1179 1468 1298 1510 atque
1332 1461 1443 1498 fama.
1517 1462 1624 1498 Tuas

234 1539 274 1560 20
295 1527 438 1565 litteras
467 1526 581 1565 avide
612 1535 805 1576 exspecto.
867 1527 975 1564 Vale.

335 1680 376 1715 V
579 1683 647 1714 Ser.
671 1683 798 1713 Ronme
813 1685 881 1714 circ.
904 1683 990 1714 Non.
1012 1682 1098 1714 Febr.
1120 1693 1150 1714 a.
1174 1693 1226 1721 711
1246 1684 1330 1722 (AJN.

741 1761 914 1791 CICERO
941 1760 1107 1790 CASSIO
1134 1760 1168 1791 S.

340 1841 526 1879 Hiemem
548 1842 666 1879 credo
686 1842 817 1879 adhuc
838 1839 1084 1890 prohibuisse
1105 1852 1184 1888 quo
1205 1838 1333 1877 minus
1350 1840 1400 1877 de
1416 1846 1453 1877 te
1474 1846 1622 1877 certum
1644 1848 1659 1874 1

276 1908 528 1958 'haberemus
550 1907 645 1956 quid
667 1920 799 1956 ageres
832 1905 1080 1954 maximeque
1107 1905 1175 1943 ubi
1203 1918 1332 1951 esses3
1362 1905 1624 1955 loquebantur

237 1984 275 2015 25
296 1986 433 2010 omnes
454 1980 584 2010 tamen
620 1973 749 2019 credo,
769 1973 876 2021 quod
899 1970 1099 2020 volebant)
1122 1970 1159 2008 in
1182 1970 1288 2020 Syria
1310 1978 1346 2008 te
1367 1984 1462 2017 esse,
1480 1971 1622 2008 habere

295 2037 438 2087 copias.
500 2038 548 2074 Id
577 2045 708 2075 autem
741 2050 788 2074 eo
819 2036 968 2074 facilius
999 2036 1241 2082 credebatur,
1269 2035 1359 2084 quia
1390 2035 1515 2073 simile
1545 2035 1621 2073 veri

295 2102 508 2140 videbatur.
585 2104 726 2140 Brutus
765 2101 926 2151 quidem
967 2109 1098 2139 noster
1136 2100 1328 2150 egregiam
1368 2102 1525 2139 laudem
1566 2109 1623 2139 est

295 2175 555 2213 consecutus;
596 2181 654 2205 res
686 2167 790 2205 enim
826 2175 952 2206 tantas
985 2167 1102 2218 gessit
1137 2176 1297 2217 tamque
1332 2167 1552 2217 inopinatas
1585 2175 1625 2205 ut

297 2245 365 2269 eae
392 2245 482 2270 cum
510 2245 578 2281 per
605 2245 645 2270 se
671 2240 801 2282 gratae
829 2240 958 2271 essent
979 2240 1062 2270 turn
1084 2232 1298 2271 ornatiores
1320 2240 1478 2283 propter
1498 2232 1628 2270 celeri-

238 2308 281 2340 30
297 2304 428 2335 tatem.
489 2298 609 2345 Quod
625 2297 655 2334 si
677 2305 717 2335 tu
740 2311 784 2336 ea
805 2305 914 2336 tenes
935 2312 1036 2348 quae
1057 2306 1250 2348 putamus
1271 2298 1421 2348 magnis
1443 2298 1626 2336 subsidiis

339 2402 361 2430 6
386 2401 580 2431 nuntiarent
598 2400 699 2439 codd.,
717 2402 754 2440 (f.
776 2400 858 2432 Phil.
879 2402 920 2432 vi.
943 2412 982 2440 4:
1011 2402 1253 2432 denuntiarent
1279 2402 1461 2431 Gronom’ns
1590 2411 1623 2431 11

298 2454 373 2490 esse
393 2445 425 2474 in
445 2444 545 2484 Syria
563 2445 650 2485 vulg.
667 2457 672 2474 :
701 2445 766 2475 isse
784 2445 816 2475 in
835 2445 925 2485 syria
944 2445 1002 2476 M:
1030 2446 1096 2476 isse
1115 2445 1146 2475 in
1166 2446 1289 2484 syriam
1307 2444 1380 2474 HD

1480 2499 1540 2530 223*
