1813 2763
713 153 1034 191 PRAEFATIO

212 275 273 306 tus
287 267 295 283 '
311 267 527 316 appellatus
540 267 563 303 ¹.
624 264 826 315 Epistulae
847 264 1012 313 scriptae
1033 272 1123 302 sunt
1144 263 1283 302 ordine
1300 263 1536 314 perturbato,

212 338 281 376 sed
302 338 441 375 horum
464 335 579 374 trium
602 334 786 374 codicum
808 334 961 374 videtur
989 335 1162 386 optimus
1190 347 1276 373 esse
1302 336 1348 372 D
1362 349 1372 382 ‚-
1402 348 1540 373 omnes

212 417 342 447 tamen
363 421 409 446 ex
430 421 508 446 una
535 408 652 458 stirpe
678 406 759 458 (ὶῦ
790 406 863 445 orti
892 406 1104 446 coniuncte
1132 413 1222 444 sunt
1250 404 1539 444 considerandi.

212 481 324 528 Quos
359 478 389 517 si
424 492 513 517 cum
544 480 603 516 M
624 477 892 529 composueris
923 477 1122 517 inferiores
1153 476 1336 514 nimirum
1367 475 1541 515 invenies

213 551 281 588 sed
321 558 472 588 tantum
514 550 632 600 paulo
672 549 884 588 inferiores.
945 548 1105 599 Quippe
1140 562 1189 586 ne
1224 549 1273 586 de
1307 546 1391 585 aliis
1425 548 1541 585 rebus

213 620 353 668 dicam,
387 629 429 659 ut
460 634 576 671 saepe
610 621 679 660 ubi
726 622 760 659 Y
787 620 868 659 hiat
903 622 958 658 M
987 622 1095 659 locos
1129 620 1300 670 integros
1336 627 1542 669 certosque

214 691 341 730 reddit
362 690 485 742 (velut
514 706 546 729 x.
571 705 630 741 32.
651 705 697 739 4:
729 691 789 730 xii.
809 706 843 739 4.
869 705 912 739 13
945 694 1003 730 26.
1026 706 1044 729 2
1064 707 1070 730 :
1102 691 1296 740 xiii.7.1:
1333 705 1390 728 xv.
1413 704 1446 737 4.
1472 704 1541 737 14:

214 762 285 800 xvi.
314 775 371 812 15.
402 761 452 814 2),
481 763 533 801 ita
561 764 666 801 haud
692 763 812 802 rarius
839 765 1000 802 lacunas
1026 762 1067 801 in
1094 764 1151 800 M
1172 762 1262 800 satis
1293 774 1453 811 magnas
1483 775 1543 799 ex<

215 835 320 883 plere
341 841 469 883 potest
503 835 673 885 Y(velut
695 836 741 872 ix.
770 846 826 884 15.
854 848 898 881 13
933 836 989 871 16.
1017 845 1060 881 7:
1092 847 1124 870 x.
1153 835 1209 870 18.
1243 847 1289 880 23
1322 846 1381 881 23·
1417 844 1461 881 5:
1494 831 1541 869 xi.

221 918 277 954 13.
304 918 348 943 1:
379 904 439 942 xii.
469 918 526 952 14.
550 905 702 955 3:.xiii.
727 907 785 943 28.
817 918 864 954 3:
896 904 967 942 xvi.
997 918 1029 942 2.
1061 916 1096 953 5.
1156 906 1311 941 Praeter
1337 903 1398 941 xii.
1429 917 1464 950 4.
1498 917 1543 950 13

218 978 276 1013 26.
315 989 332 1013 2
366 989 504 1014 omnes
536 974 768 1014 omissiones
803 983 882 1013 tam
914 976 987 1013 hae
1017 988 1135 1025 quam
1166 975 1253 1012 illae
1283 988 1329 1012 ex
1359 975 1544 1012 homoeo-

216 1048 362 1086 teleuto
383 1046 573 1085 exstitisse
594 1045 805 1098 videntur).

271 1120 332 1156 De
353 1117 556 1156 codicibus
577 1131 623 1156 ex
643 1118 744 1156 Met
764 1119 805 1155 X
819 1118 878 1156 vel
909 1116 1132 1155 Yconflatis
1153 1116 1220 1167 qui
1244 1116 1543 1155 ‘contaminati’

217 1197 404 1227 vocantur
433 1189 526 1227 nihil
560 1189 819 1239 disputanmS‚
851 1202 981 1238 neque
1012 1187 1066 1227 eis
1102 1187 1159 1226 usi
1194 1201 1353 1226 sumus:
1398 1187 1544 1225 scilicet

217 1273 307 1298 cum
337 1258 454 1298 fontis
482 1259 653 1310 integros
681 1260 873 1298 habemus
904 1272 983 1298 non
1010 1267 1067 1298 est
1097 1273 1165 1298 cur
1194 1272 1315 1309 aquas
1346 1258 1441 1297 limo
1471 1266 1545 1296 tur-

216 1332 327 1370 batas
348 1333 581 1370 hauriamus.

271 1404 396 1453 Supra
428 1401 597 1441 diximus
627 1402 676 1440 de
707 1401 844 1441 codice
874 1403 921 1450 P,
954 1402 1101 1441 scilicet
1130 1403 1357 1453 apographo
1387 1401 1545 1451 Pasqui-

218 1475 336 1513 niano
374 1473 414 1512 in
453 1487 567 1512 usum
607 1474 771 1514 Colucci
810 1487 843 1512 a.
890 1475 989 1523 1389
1029 1474 1221 1512 confecto.
1294 1475 1352 1511 Ex
1391 1486 1439 1511 eo
1478 1485 1545 1522 per

220 1546 373 1584 Italiam
404 1545 442 1584 in
465 1547 622 1585 saeculo
650 1557 705 1583 xv
732 1545 949 1596 pullulabat
975 1545 1090 1583 turba
1115 1544 1310 1591 codicum,
1334 1543 1373 1582 in
1401 1543 1545 1595 quibus

218 1630 458 1668 quamquam
481 1630 627 1656 errores
648 1615 969 1665 interpolationes
991 1615 1226 1654 mutationes
1243 1628 1367 1666 usque
1388 1628 1545 1665 quaque

219 1689 421 1727 scatebant
442 1697 574 1727 tamen
594 1702 675 1727 non
691 1701 909 1738 numquam
929 1686 1015 1735 (sed
1033 1688 1130 1725 haec
1145 1700 1228 1724 rara
1244 1686 1324 1724 avis
1342 1687 1440 1737 erat)
1457 1699 1547 1724 vera

219 1759 421 1799 Ciceronis
438 1760 556 1799 verba
573 1759 758 1799 exierunt.
812 1760 903 1808 Qua
916 1771 962 1796 ex
977 1756 1139 1796 materia
1152 1757 1346 1796 editiones
1359 1756 1545 1807 antiquis-

219 1830 339 1870 simae
352 1832 365 1852 ²
382 1832 613 1882 plerumque
630 1844 677 1869 eo
693 1843 817 1880 usque
831 1828 1059 1880 pendebant
1072 1829 1094 1875 ³,
1110 1829 1205 1866 dum
1221 1829 1399 1878 provenit
1413 1826 1545 1866 Victo—

218 1903 306 1949 rius,
330 1901 396 1952 qui
424 1901 575 1941 reiectis
603 1900 880 1939 infirmioribus
910 1899 983 1938 illis
1012 1899 1263 1938 adminiculis
1291 1900 1329 1937 in
1359 1898 1545 1938 Mediceo

218 1980 418 2023 tamquam
441 1972 479 2010 in
498 1974 757 2011 fundamento
773 1970 902 2010 stabili
919 1971 1039 2020 pedes
1052 1971 1192 2021 posuit.
1254 1969 1377 2009 Cuius
1391 1969 1492 2007 viam
1507 1977 1544 2008 et

218 2043 407 2082 rationem
429 2045 660 2094 plerumque
682 2042 803 2082 secuti
827 2041 1030 2081 Manutius
1059 2049 1096 2080 et
1124 2040 1341 2080 Lambinus
1367 2040 1545 2080 doctrina

218 2114 427 2165 sagacitate
457 2114 658 2164 diligentia
688 2122 835 2153 textum
868 2122 948 2152 tam
976 2120 1239 2164 exposuerunt
1266 2125 1384 2162 quam
1412 2125 1546 2151 emen-

261 2224 268 2242 ¹
296 2223 447 2254 Contulit
464 2223 495 2253 in
515 2233 610 2254 usum
630 2223 885 2254 Mendelssohni
903 2222 944 2255 A.
966 2223 1056 2257 Mau.

261 2277 273 2296 ²
296 2277 396 2309 Velut
414 2279 517 2309 editio
536 2278 761 2318 Neapolitana
785 2280 898 2317 (1474)
920 2289 1003 2318 quae
1029 2283 1139 2308 tamen
1164 2276 1344 2316 aliquando
1366 2276 1543 2307 lectionem

218 2338 329 2363 servat
347 2333 581 2372 incorruptam.
633 2332 683 2364 Cf.
703 2332 809 2363 Orelli
831 2333 937 2364 Praes.
957 2332 1049 2362 xxxi.

259 2385 272 2405 ⁸
298 2386 432 2418 Scilicet
450 2386 671 2426 excipiendus
689 2393 741 2418 est
757 2387 944 2417 Cratander
958 2387 1013 2425 qui
1029 2386 1170 2416 subinde
1185 2386 1301 2416 codice
1317 2395 1396 2416 usus
1420 2389 1471 2415 est
1489 2385 1544 2424 qui

217 2441 360 2480 quodam
377 2441 477 2472 modo
494 2441 535 2472 ad
552 2440 626 2471 HD
641 2442 832 2473 accedebat.
