1791 2796
99 173 187 211 XV.
206 172 251 210 vi
571 171 627 208 M.
658 170 827 208 TVLLI
859 168 1166 207 CICERONIS

204 283 421 323 iucundum
444 282 572 329 fuisse,
597 282 705 332 quod
733 280 943 320 scribendo
969 277 1128 319 adfuisti
1143 292 1154 327 3
1183 279 1281 318 haec
1301 276 1408 317 enim
1429 291 1537 317 sena-

205 356 266 387 tus
283 350 463 388 consulta
482 361 563 387 non
585 347 722 397 ignoro
743 347 792 385 ab
813 343 1060 384 amicissimis
1081 343 1174 391 eius,
1191 343 1304 383 cuius
1323 345 1368 381 de
1386 344 1537 382 honore

205 413 340 464 agitur,
370 413 486 452 scribi
514 414 649 452 solere.
712 414 807 462 Ego,
832 419 874 449 ut
901 424 1025 461 spero,
1055 417 1093 449 te
1119 408 1351 461 propediem
1379 408 1535 456 videb0‚

206 487 325 530 atque
346 478 496 517 utinam
517 492 558 518 re
578 491 614 528 p.
639 477 800 517 meliore
821 490 939 528 quam
962 475 1082 515 timeo
1100 478 1106 513 ἱ

250 634 343 669 VII
410 636 480 668 Ser.
498 637 531 668 in
549 637 657 668 itinere
667 641 729 678 per
744 635 943 676 Lycaoniam
960 634 1044 665 inter
1058 633 1099 665 K.
1119 633 1204 675 Sept.
1225 637 1255 665 cl
1268 634 1308 664 xi
1319 633 1362 664 K.
1386 632 1454 665 Oct.

769 703 799 722 a.
825 701 879 731 703
898 692 975 731 l¹513.

243 771 288 802 M.
313 770 489 802 CICERO
516 769 716 801 PROCOS.
743 769 779 801 S.
807 767 847 799 D.
874 768 911 798 C.
941 766 1201 798 MARCELLO
1226 766 1327 798 COS.
1356 766 1506 798 DESIG.

264 848 439 887 Maxima
469 861 555 886 sum
586 846 732 886 laetitia
762 847 951 893 adfectus,
984 858 1075 883 cum
1105 844 1235 884 audivi
1267 846 1471 884 consulem
1503 851 1541 882 te

209 917 355 954 factum
395 927 490 959 esse,
528 927 699 963 eumque
739 912 928 950 honorem
971 909 1039 949 tibi
1079 911 1176 949 deos
1215 910 1413 949 fortunare
1451 911 1541 949 volo

208 988 326 1032 atque
355 994 379 1018 a
408 987 445 1018 te
474 992 545 1030 pro
576 986 642 1016 tua
671 976 921 1028 parentisque
956 975 1011 1014 tui
1043 974 1232 1026 dignitate
1266 974 1538 1014 administrari.

150 1065 154 1070 ·
211 1048 315 1085 Nam
345 1059 436 1084 cum
467 1052 505 1083 te
534 1057 689 1094 semper
717 1041 845 1081 amavi
874 1040 1083 1092 dilexique,
1114 1048 1197 1081 tum
1223 1040 1300 1079 mei
1326 1038 1543 1079 amantissi-

211 1126 319 1150 mum
340 1110 508 1162 cognovi
536 1109 575 1148 in
604 1108 711 1148 omni
733 1107 917 1147 varietate
945 1120 1072 1146 rerum
1102 1120 1294 1154 mearum,
1313 1113 1396 1144 tum
1423 1105 1543 1157 patris

211 1178 265 1217 tui
287 1177 463 1228 pluribus
488 1175 691 1214 beneficiis
711 1176 769 1213 vel
800 1175 986 1213 defensus
1014 1171 1188 1211 tristibus
1213 1171 1458 1222 temporibus
1481 1172 1542 1210 vel

212 1252 370 1283 ornatus
405 1240 590 1282 secundis
619 1249 658 1280 et
687 1255 774 1279 sum
805 1248 909 1280 totus
938 1248 1065 1279 vester
1094 1247 1132 1278 et
1162 1252 1247 1277 esse
1277 1238 1417 1282 debeo,
1452 1251 1542 1276 cum

213 1308 438 1360 praesertim
467 1307 600 1346 matris
628 1314 727 1352 tuae,
751 1305 1000 1356 gravissimae
1024 1313 1145 1355 atque
1167 1303 1340 1355 optimae
1361 1303 1542 1356 feminae,

214 1375 361 1414 maiora
399 1387 488 1424 erga
526 1374 692 1411 salutem
733 1371 1045 1422 dignitatemque
1088 1384 1217 1409 meam
1257 1370 1386 1409 studia
1425 1383 1544 1420 quam

213 1449 321 1481 erant
349 1454 371 1478 a
398 1438 560 1478 muliere
587 1438 825 1488 postulanda
849 1435 1122 1488 perspexerim.
1183 1437 1434 1486 Quapropter
1457 1448 1481 1473 a
1506 1442 1546 1473 te

214 1515 306 1558 peto
338 1506 376 1544 in
413 1504 601 1543 maiorem
642 1503 806 1542 modum
845 1510 887 1540 ut
921 1515 985 1541 me
1019 1502 1225 1540 absentem
1257 1500 1396 1551 diligas
1426 1507 1545 1551 atque

213 1572 414 1612 defendas.

257 1729 373 1764 VIII
547 1732 616 1764 δαν.
638 1733 749 1764 codem
769 1733 833 1764 loco
849 1738 877 1764 ct
893 1737 988 1775 tvmp.
1009 1744 1071 1774 quo
1087 1738 1131 1775 cp.
1153 1733 1206 1764 vii.

261 1809 305 1841 M.
331 1809 506 1842 CICERO
534 1810 730 1842 PROCOS.
757 1811 791 1842 S.
822 1811 862 1841 D.
888 1811 926 1842 C.
957 1810 1214 1848 MARCELLO
1239 1806 1502 1841 CONLEGAE.

273 1890 505 1928 Marcellum
538 1896 647 1926 tuum
675 1902 752 1927 cos.
778 1890 922 1927 sactum
952 1896 1073 1939 teque.
1099 1902 1144 1928 ea
1173 1887 1319 1927 laetitia
1347 1888 1547 1926 adfectum

218 1968 313 2000 esse,
337 1967 455 2004 quam
488 1953 655 1992 maxime
686 1954 839 2004 optasti,
863 1954 1084 1993 mirandum
1117 1954 1155 1992 in
1186 1954 1351 1992 modum
1381 1952 1546 2002 gaudeo,

219 2019 338 2070 idque
370 2033 459 2058 cum
496 2019 616 2069 ipsius
647 2034 773 2065 causa,
807 2027 889 2058 tum
924 2021 1031 2070 quod
1065 2028 1102 2059 te
1137 2019 1322 2058 omnibus
1353 2015 1550 2057 secundis-

220 2084 327 2123 simis
357 2086 473 2124 rebus
500 2087 774 2137 dignissimum
804 2086 946 2132 iudico,
970 2085 1081 2125 cuius
1108 2100 1198 2136 erga
1225 2099 1287 2124 me
1314 2084 1549 2134 singularem

222 2152 537 2192 benevolentiam
565 2155 625 2192 vel
658 2153 696 2190 in
731 2153 864 2191 labore
895 2165 984 2190 meo
1014 2153 1073 2190 vel
1109 2150 1147 2189 in
1179 2152 1329 2189 honore
1359 2146 1547 2200 perspexi,

222 2225 343 2256 totam
379 2217 552 2268 denique
591 2219 755 2256 domum
789 2223 954 2256 vestram
988 2217 1047 2254 vel
1087 2215 1221 2254 salutis
1252 2216 1312 2254 vel
1351 2210 1550 2264 dignitatis

224 2297 333 2322 meae
350 2282 677 2323 studiosissimam
695 2281 1070 2332 cupidissimamque
1087 2279 1264 2331 cognovi.
1303 2280 1393 2328 Qua
1413 2292 1452 2317 re
1471 2289 1551 2327 gra-

225 2358 306 2387 tum
339 2349 432 2387 mihi
464 2348 610 2395 feceris,
645 2348 674 2386 si
710 2347 818 2386 uxori
851 2354 939 2386 tuae
976 2346 1124 2393 Iuniae,
1156 2343 1404 2395 gravissimae
1432 2350 1551 2391 atque

314 2464 332 2483 2
357 2455 398 2484 de
417 2454 543 2484 honore
563 2457 632 2484 velt.
652 2464 658 2482 :
684 2453 790 2483 honor
809 2451 1004 2483 Gulielmius
1133 2460 1164 2480 ιι
1194 2448 1278 2490 tum]
1298 2458 1372 2479 cum
1390 2450 1461 2478 velt.

1559 637 1576 669 5

1564 991 1602 1013 10

1566 1317 1602 1349 15

1567 1734 1607 1756 20

1571 2090 1608 2122 25
