1791 2796
206 145 324 182 XIII.
349 155 378 181 x
698 146 754 184 M.
786 147 955 208 TVLLI
987 146 1295 187 CICERONIS

373 275 415 310 X
735 277 802 309 Ser.
825 277 953 309 Roma(
969 279 1013 309 1⁴11.
1035 289 1066 309 a.
1091 280 1152 318 708
1169 279 1255 321 (46).

783 355 961 386 CICERO
988 355 1145 386 BRVTO
1171 356 1206 388 S.

291 442 307 468 1
384 434 486 473 Cum
516 434 567 472 ad
588 442 626 472 te
651 441 740 472 tuus
762 442 956 484 quaestor,
983 435 1038 472 M.
1055 436 1189 481 Varro,
1213 434 1534 485 proficisceretur,
1557 449 1664 474 com-

328 498 584 538 mendatione
612 513 724 549 egere
752 512 842 537 eum
871 513 952 538 non
974 500 1190 549 putabam,
1219 499 1312 537 satis
1337 499 1441 537 enim
1464 513 1663 539 commen-

328 565 465 602 datum
491 563 561 602 tibi
591 578 682 602 eum
712 564 927 602 arbitrabar
954 565 1005 602 ab
1036 564 1122 614 ipso
1153 577 1262 603 more
1292 563 1496 611 maiorum,
1520 564 1597 614 qui,
1622 572 1663 603 ut
1683 575 1702 608 5

328 637 366 667 te
405 643 485 668 non
525 630 631 680 fugit,
674 631 776 668 hanc
817 638 1050 680 quaesturae
1090 629 1413 668 coniunctionem
1453 629 1663 668 liberorum

330 694 610 733 necessitudini
639 694 857 744 proximam
886 695 1009 733 voluit
1034 708 1129 733 esse.
1193 695 1272 733 Sed
1301 708 1390 733 cum
1417 694 1491 733 sibi
1512 694 1563 733 ita
1584 709 1663 745 per-

328 759 512 797 suasisset
529 758 621 810 ipse,
639 773 746 798 meas
767 761 817 798 de
839 773 878 798 se
899 767 1079 798 accurate
1100 759 1263 809 scriptas
1283 758 1428 797 litteras
1450 759 1664 798 maximum

327 826 435 876 apud
463 833 501 864 te
528 826 685 876 pondus
716 825 927 872 habituras,
957 838 979 863 a
1009 838 1153 875 meque
1187 826 1445 863 contenderet
1474 833 1516 863 ut
1543 838 1662 875 quam

329 890 627 941 diligentissime
654 890 876 938 scriberem,
901 890 1020 928 malui
1041 891 1178 938 facere,
1202 891 1310 940 quod
1333 903 1442 929 meus
1464 890 1661 929 familiaris
1685 907 1726 932 10

329 956 425 995 tanti
447 970 516 995 sua
536 956 722 995 interesse
743 956 1002 995 arbitraretur.

286 1032 309 1058 2
385 1023 440 1061 Ut
468 1022 582 1072 igitur
609 1023 754 1060 debere
784 1035 847 1060 me
878 1023 1005 1060 facere
1033 1022 1109 1060 hoc
1138 1021 1350 1071 intellegas,
1374 1035 1464 1059 cum
1492 1021 1662 1072 primum

330 1088 386 1125 M.
410 1087 618 1126 Terentius
649 1087 688 1125 in
720 1089 846 1125 forum
874 1086 991 1133 venit,
1021 1087 1072 1125 ad
1098 1086 1312 1125 amicitiam
1342 1100 1384 1125 se
1414 1100 1542 1125 meam
1574 1101 1665 1126 con-

328 1152 416 1191 tulit
431 1168 440 1200 3
479 1153 638 1200 deinde,
660 1160 703 1191 ut
730 1166 771 1191 se
807 1151 1083 1199 corroboravit,
1112 1153 1214 1191 duae
1243 1165 1385 1191 causae
1413 1161 1663 1192 accesserunt

327 1231 429 1268 quae
464 1232 592 1257 meam
628 1218 667 1256 in
703 1218 812 1256 illum
847 1217 1166 1257 benevolentiam
1200 1225 1397 1268 augerent,
1431 1232 1520 1266 una,
1554 1220 1663 1269 quod
1686 1234 1723 1266 15

327 1285 552 1323 versabatur
582 1283 620 1321 in
651 1285 727 1322 hoc
760 1283 891 1322 studio
927 1291 1072 1330 nostro,
1099 1296 1179 1333 quo
1209 1282 1327 1321 etiam
1357 1296 1463 1322 nunc
1493 1284 1663 1324 maxime

326 1351 578 1397 delectamur,
608 1357 645 1388 et
680 1363 770 1387 cum
806 1348 974 1400 ingenio,
1002 1356 1045 1386 ut
1075 1348 1190 1395 nosti,
1222 1361 1295 1387 nec
1330 1348 1414 1387 sine
1448 1348 1663 1397 industria;

327 1415 483 1462 deinde,
507 1416 615 1465 quod
644 1422 794 1452 mature
821 1427 862 1452 se
891 1413 1057 1452 contulit
1085 1412 1124 1451 in
1154 1413 1360 1452 societates
1388 1414 1663 1464 publicorum3

327 1482 436 1530 quod
457 1480 618 1530 quidem
648 1481 818 1527 nollem,
850 1479 1028 1517 maximis
1056 1479 1161 1518 enim
1189 1479 1345 1518 damnis
1374 1481 1552 1518 adfectus
1580 1489 1662 1528 est;

326 1547 396 1584 sed
421 1554 552 1584 tamen
583 1559 700 1584 causa
730 1545 954 1583 communis
984 1544 1131 1583 ordinis
1159 1544 1255 1582 mihi
1282 1545 1661 1584 commendatissimi
1683 1562 1723 1584 20

327 1611 416 1649 fecit
455 1611 668 1649 amicitiam
709 1618 889 1650 nostram
923 1610 1143 1649 firmiorem.
1215 1610 1372 1649 Deinde
1410 1619 1583 1649 versatus
1623 1611 1661 1649 in

328 1676 501 1726 utrisque
531 1675 725 1714 subselliis
756 1675 905 1726 optima
939 1683 977 1714 et
1010 1676 1088 1714 fide
1122 1683 1160 1713 et
1191 1676 1295 1713 fama
1329 1675 1406 1713 iam
1438 1684 1529 1714 ante
1561 1677 1662 1715 hanc

328 1741 680 1780 commutationem
721 1741 774 1780 rei
813 1756 848 1792 p.
891 1741 1070 1792 petitioni
1115 1754 1200 1779 sese
1241 1741 1352 1780 dedit
1390 1742 1662 1792 honoremque

286 1813 309 1849 3
329 1807 650 1846 honestissimum
678 1806 913 1845 existimavit
934 1808 1103 1845 fructum
1127 1806 1271 1845 laboris
1296 1806 1365 1845 sui.
1427 1807 1503 1845 His
1529 1816 1661 1846 autem

328 1872 573 1922 temporibus
605 1885 628 1909 a
658 1885 721 1910 me
753 1871 964 1910 Brundisio
994 1884 1084 1910 cum
1115 1871 1251 1923 litteris
1286 1880 1324 1910 et
1354 1872 1549 1911 mandatis
1579 1886 1663 1923 pro·
1683 1887 1722 1919 ²5

326 1939 450 1976 fectus
477 1937 528 1975 ad
551 1937 761 1976 Caesarem
789 1944 846 1974 est
866 1951 874 1982 ;
904 1949 981 1986 qua
1001 1935 1041 1973 in
1059 1930 1106 1974 ‘re
1126 1943 1165 1974 et
1184 1949 1360 1975 amorem
1382 1936 1464 1975 eius
1486 1936 1525 1974 in
1546 1938 1664 1976 susci-

326 2002 472 2052 piendo
504 2001 663 2052 negotio
694 2001 871 2052 perspexi
902 2010 939 2040 et
967 2001 1006 2039 in
1036 2001 1288 2041 conficiendo
1322 2015 1367 2040 ac
1398 2003 1661 2042 renuntiando

326 2068 456 2106 fidem.

380 2132 528 2171 Videor
550 2132 657 2179 mihi,
682 2146 772 2171 cum
801 2132 1009 2183 separatim
1032 2134 1082 2171 de
1103 2132 1298 2183 probitate
1319 2131 1401 2171 eius
1427 2140 1465 2171 et
1487 2133 1660 2172 moribus

325 2197 499 2235 (licturus
529 2197 700 2244 fuissem,
725 2198 754 2235 si
780 2198 886 2247 prius
910 2211 1067 2236 causam
1096 2211 1165 2236 cur
1188 2210 1278 2236 eum
1306 2205 1416 2235 tanto
1436 2187 1558 2246 'opere
1578 2198 1661 2236 dili·
1680 2212 1721 2242 30

325 2276 455 2312 gerem
477 2261 546 2300 tibi
571 2262 850 2312 exposuissem,
869 2262 906 2300 in
926 2262 1008 2312 ipsa
1029 2276 1147 2300 causa
1167 2263 1402 2312 exponenda
1425 2262 1518 2300 satis
1542 2262 1660 2301 etiam

325 2329 375 2366 de
412 2327 605 2378 probitate
646 2327 799 2365 dixisse.
865 2328 943 2365 Sed
983 2336 1114 2365 tamen
1153 2326 1360 2377 separatim
1399 2326 1586 2376 promitto
1620 2327 1660 2366 in

416 2431 454 2462 18
479 2430 731 2470 publicanorum
749 2429 784 2460 D
799 2429 917 2461 Baiter
935 2428 1126 2471 W‘esenberg
1263 2440 1307 2461 20
1331 2439 1432 2462 causa
1447 2440 1513 2462 om.
1535 2430 1578 2462 M
