1791 2796
217 129 264 167 V.
283 128 312 165 ii
632 129 686 166 M.
719 129 886 167 TVLLI
921 128 1226 167 CICERONIS
1280 126 1284 132 ’

260 240 368 279 modi
393 240 452 287 sit,
476 240 567 278 satis
597 239 821 291 intellegere
851 253 930 278 non
962 253 1133 290 possum,
1158 241 1228 279 sed
1258 247 1390 279 tamen
1420 239 1596 291 suspicor

259 307 309 344 ad
331 314 368 344 te
389 320 474 344 esse
495 307 668 344 adlatum
692 320 754 344 me
776 306 814 344 in
841 313 988 352 senatu,
1005 319 1095 344 cum
1117 305 1359 356 disputarem
1381 307 1595 356 permultos

260 385 345 410 esse
383 372 450 421 qui
483 385 563 410 rem
594 386 629 422 p.
661 385 684 410 a
716 386 779 410 me
808 379 1079 410 conservatam
1112 373 1301 418 dolerent,
1334 371 1477 409 dixisse
1505 385 1528 409 a
1557 379 1595 409 te

260 437 503 487 propinquos
543 445 640 483 tuos,
676 437 820 487 quibus
849 451 991 488 negare
1020 450 1101 475 non
1131 437 1336 487 potuisses,
1368 437 1596 486 impetrasse

260 510 302 540 ut
336 516 391 549 ea,
429 517 530 552 quae
561 503 761 541 statuisses
801 502 871 540 tibi
910 502 950 540 in
989 510 1127 541 senatu
1159 504 1209 541 de
1243 516 1331 540 mea
1364 503 1480 541 laude
1511 516 1595 541 esse
1616 517 1634 548 5

260 567 439 615 dicenda,
464 568 653 607 reticeres.
714 569 835 617 Quod
860 581 950 606 cum
981 567 1165 615 dicerem,
1188 567 1284 606 illud
1305 567 1476 616 adiunxi,
1499 568 1595 608 mihi

260 641 391 671 tecum
422 633 473 672 ita
503 634 750 684 dispertitum
782 633 955 672 officium
990 634 1108 672 fuisse
1138 634 1177 672 in
1208 633 1260 672 rei
1290 647 1325 684 p.
1358 635 1482 672 salute
1511 634 1596 673 reti-

260 700 404 747 nenda,
435 707 476 738 ut
505 714 577 749 ego
608 701 744 738 urbem
774 714 797 738 a
826 699 1054 738 domesticis
1083 698 1234 737 insidiis
1263 707 1302 738 et
1329 699 1380 738 ab
1410 698 1595 738 intestino

260 767 415 811 scelere,
450 773 491 803 tu
525 766 679 804 Italiam
719 773 756 803 et
794 766 845 803 ab
883 764 1041 803 armatis
1076 764 1328 804 hostibus'et
1358 765 1409 804 ab
1440 767 1596 805 occulta

260 830 531 869 coniuratione
560 832 803 878 defenderes,
835 837 954 881 atque
983 832 1085 868 hanc
1117 838 1289 869 nostram
1319 829 1416 869 tanti
1447 837 1484 868 et
1514 838 1594 869 tam
1618 846 1656 868 10

260 896 444 947 praeclari
468 897 639 936 muneris
660 896 887 936 societatem
909 911 931 935 a
952 896 1027 935 tuis
1054 896 1285 947 propinquis
1305 897 1591 943 labefactatam,

260 963 338 1012 qui,
371 976 461 1001 cum
493 970 533 1001 tu
563 976 586 1001 a
615 977 677 1001 me
707 963 823 1001 rebus
857 962 1108 1013 amplissimis
1138 970 1256 1012 atque
1285 961 1595 1000 honorificentis-

260 1028 367 1066 simis
399 1036 558 1066 ornatus
593 1042 707 1075 esses,
741 1028 963 1066 timuissent
1003 1042 1052 1066 ne
1082 1041 1183 1078 quae
1213 1027 1309 1065 mihi
1339 1041 1426 1078 pars
1456 1028 1526 1066 abs
1557 1035 1594 1066 te

217 1104 240 1131 2
260 1093 471 1131 voluntatis
502 1101 661 1131 mutuae
690 1093 932 1132 tribueretur.
995 1095 1087 1131 Hoc
1112 1092 1151 1131 in
1176 1106 1357 1131 sermone
1377 1106 1468 1131 curn
1488 1106 1511 1130 a
1531 1105 1594 1130 me

259 1165 527 1207 exponeretur,
569 1172 669 1208 quae
709 1172 796 1196 mea
830 1157 1069 1209 exspectatio
1108 1158 1242 1196 fuisset
1281 1158 1467 1196 orationis
1505 1165 1594 1197 tuae
1618 1172 1655 1204 15

259 1230 487 1274 quantoque
527 1224 565 1261 in
605 1238 731 1262 errore
762 1232 936 1263 versatus
974 1237 1112 1271 essem,
1145 1223 1224 1262 visa
1260 1231 1318 1262 est
1356 1223 1480 1262 oratio
1514 1237 1594 1261 non

259 1288 484 1335 iniucunda,
509 1297 546 1328 et
569 1290 777 1328 mediocris
798 1290 960 1340 quidam
988 1297 1045 1328 est
1072 1290 1169 1328 risus
1196 1298 1432 1328 consecutus
1454 1303 1534 1328 non
1555 1289 1594 1328 in

260 1362 297 1392 te
327 1356 397 1393 sed
418 1355 540 1405 magis
572 1355 610 1393 in
640 1369 809 1394 errorem
838 1369 982 1402 meum,
1005 1363 1042 1394 et
1070 1357 1178 1405 quod
1207 1369 1269 1394 me
1289 1355 1360 1394 abs
1382 1363 1425 1394 te·
1440 1355 1594 1406 cupisse

260 1420 408 1458 laudari
446 1429 579 1471 aperte
617 1429 736 1471 atque
775 1421 943 1471 ingenue
982 1421 1208 1459 confitebar.
1275 1422 1359 1459 Iam
1399 1422 1475 1459 hoc
1514 1434 1594 1459 non

259 1493 388 1534 potest
419 1485 456 1523 in
488 1494 525 1525 te
554 1500 635 1524 non
666 1487 881 1525 honorifice
911 1500 995 1524 esse
1025 1486 1185 1533 dictum,
1210 1499 1272 1524 mc
1303 1486 1341 1524 in
1372 1486 1595 1524 clarissimis
1617 1501 1655 1522 20

260 1551 356 1589 meis
388 1559 506 1602 atque
537 1552 788 1602 amplissimis
820 1553 935 1591 rebus
966 1560 1097 1590 tamen
1129 1551 1289 1602 aliquod
1325 1551 1593 1591 testimonium

259 1624 349 1655 tuae
370 1617 476 1655 vocis
498 1618 643 1657 habere
663 1618 842 1657 voluisse.
898 1649 900 1652 >

216 1693 240 1730 3
314 1685 435 1732 Quod
469 1692 601 1723 autem
632 1685 685 1723 ita
713 1684 873 1723 scribis:
911 1689 1005 1735 ‘pro
1035 1692 1173 1723 mutuo
1204 1684 1301 1723 inter
1336 1697 1407 1723 nos
1437 1683 1594 1731 animo,’

258 1748 354 1798 quid
376 1756 417 1787 tu
438 1749 634 1789 existimes
656 1764 740 1789 esse
765 1750 804 1788 in
831 1750 1003 1788 amicitia
1024 1757 1216 1796 mutuum,
1240 1749 1386 1797 neseio,
1407 1749 1593 1799 equidem

259 1816 335 1853 hoc
355 1815 529 1862 arbitror,
553 1829 642 1854 cum
665 1830 733 1866 par
753 1817 932 1854 voluntas
954 1815 1142 1865 accipitur
1162 1822 1199 1853 et
1220 1814 1403 1853 redditur.
1457 1816 1541 1864 Ego
1561 1814 1592 1852 si
1615 1827 1653 1857 25

259 1880 335 1917 hoc
368 1880 512 1928 dicam,
547 1895 609 1919 me
648 1890 714 1919 tua
746 1894 863 1920 causa
894 1880 1198 1935 praetermisisse
1237 1879 1488 1930 provinciam,
1522 1880 1593 1918 tibi

260 1944 341 1994 ipse
376 1945 495 1983 levior
530 1946 662 1984 videar
696 1959 804 1993 esse3
846 1960 956 1984 meae
986 1946 1090 1985 enim
1126 1945 1294 1984 rationes
1328 1945 1379 1983 ita
1409 1947 1593 1993 tulerunt,

258 2018 377 2059 atque
407 2010 489 2048 eius
521 2011 595 2049 mei
637 2012 775 2049 consili
811 2012 997 2050 maiorem
1031 2012 1068 2049 in
1101 2011 1185 2049 dies
1217 2011 1390 2061 singulos
1423 2012 1589 2050 fructum

259 2076 580 2125 voluptatemque
610 2077 747 2126 capi03
792 2077 886 2115 illud
921 2077 1022 2122 dico,
1056 2090 1131 2124 me,
1162 2084 1202 2114 ut
1233 2076 1400 2126 primum
1434 2075 1472 2113 in
1502 2089 1592 2114 con-

259 2139 366 2178 tione
387 2141 626 2190 provinciam
655 2141 919 2191 deposuerim.
940 2141 1083 2187 statim,
1105 2155 1222 2190 quem
1247 2142 1296 2179 ad
1319 2141 1481 2194 modum
1503 2155 1590 2179 eam
1611 2153 1653 2184 30

259 2205 328 2244 tibi
362 2207 565 2252 traderem,
597 2206 765 2256 cogitare
797 2206 983 2256 coepisse.
1044 2206 1153 2244 Nihil
1187 2206 1278 2244 dico
1308 2207 1358 2244 de
1390 2205 1592 2245 sortitione

259 2279 408 2318 vestra,
438 2279 589 2309 tantum
612 2280 649 2309 te
671 2271 856 2321 suspicari
878 2273 981 2319 volo,
995 2271 1090 2308 nihil
1113 2271 1150 2308 in
1173 2285 1217 2309 ea
1239 2285 1277 2309 re
1298 2285 1365 2321 per
1385 2272 1589 2320 conlegam

260 2349 391 2374 meum
421 2350 482 2375 me
508 2337 697 2375 insciente
727 2351 811 2375 esse
842 2338 997 2375 factum.
1060 2338 1283 2375 Recordare
1310 2345 1448 2383 cetera,
1471 2350 1589 2387 quam

480 2451 517 2480 19
543 2440 626 2471 Nam
650 2439 838 2482 llffvsmberg
969 2452 1007 2480 27
1035 2441 1096 2480 ipsi
1119 2434 1366 2481 llffm·!y111²-Lag.
