1791 2796
176 858 210 879 10

596 142 709 179 EPP.
742 141 818 178 AD
851 142 1199 179 FAMILIARES
1497 144 1615 180 XIII.
1634 142 1711 180 xix

230 254 354 291 factus
385 260 497 301 esset,
532 252 776 291 Patrensium
809 252 958 302 legibus
990 252 1202 303 adoptavit,
1238 260 1281 292 ut
1318 253 1401 292 eius
1440 254 1561 304 ipsius

230 317 455 357 hereditatis
476 318 535 356 ius
556 331 794 368 causamque
814 326 957 356 tueare.

284 385 414 434 Caput
443 383 539 422 illud
569 391 626 422 est
656 391 698 422 ut
726 385 934 433 Lysonem,
963 397 1081 434 quern
1110 398 1182 434 ego
1209 383 1334 422 virum
1365 384 1557 435 optimum
1578 389 1602 425 3

228 449 571 500 gratissimumque
599 448 777 500 cognovi,
810 449 973 499 recipias
1004 449 1043 487 in
1073 449 1406 488 necessitudinem
1439 458 1557 488 tuam.

230 515 352 563 Quod
373 514 403 552 si
424 513 570 561 feceris,
594 528 675 552 non
705 514 846 552 dubito
873 514 969 564 quin
991 514 1030 551 in
1052 528 1098 552 eo
1120 514 1322 565 diligendo
1344 515 1562 565 ceterisque

230 588 365 630 postea
385 580 706 618 commendando
726 579 832 618 idem
849 581 957 630 quod
979 594 1051 629 ego
1080 580 1130 618 sis
1152 579 1271 618 iudici
1297 588 1335 618 et
1352 580 1562 618 voluntatis

230 646 442 685 habiturus.
503 647 623 695 Quod
654 660 744 684 cum
775 646 857 684 fieri
884 647 1138 684 vehementer
1164 647 1306 685 studeo
1336 655 1419 684 tum
1444 646 1561 684 etiam

230 712 325 751 illud
352 726 486 751 vereor
515 726 575 759 ne,
599 711 630 750 si
659 712 788 750 minus
815 714 1013 750 cumulate
1034 712 1219 750 videbere
1248 712 1385 750 fecisse
1412 712 1561 761 aliquid

230 777 312 816 eius
350 792 477 825 causa,
520 792 582 815 me
621 777 684 815 ille
723 779 974 828 neglegenter
1012 777 1212 827 scripsisse
1252 785 1373 827 putet,
1409 791 1488 814 non
1524 784 1562 814 te

229 843 396 881 oblitum
445 842 532 880 mei.
610 842 759 891 Quanti
804 842 909 881 enim
959 856 1022 880 me
1068 844 1214 880 faceres
1260 856 1350 880 cum
1399 856 1445 879 ex
1490 855 1563 879 ser-

231 907 414 946 monibus
434 906 641 946 cotidianis
671 907 767 946 meis
797 914 880 946 tum
911 922 957 946 ex
986 906 1161 957 epistulis
1187 906 1304 946 etiam
1333 906 1407 945 tuis
1436 905 1563 957 potuit

229 986 478 1023 cognoscere.

272 1129 357 1164 XX
562 1133 631 1165 Ser.
653 1133 790 1174 Romae,
813 1142 849 1165 nt
865 1133 998 1173 audetur,
1018 1144 1050 1165 a.
1071 1136 1130 1173 708
1149 1133 1233 1175 (46).

674 1211 850 1242 ClleRO
877 1211 1051 1241 SERVIO
1078 1212 1111 1241 S.

284 1289 508 1339 Asclapone
530 1288 705 1326 Patrensi
728 1288 883 1326 medico
904 1296 991 1326 utor
1012 1287 1258 1333 familiariter,
1283 1287 1444 1337 eiusque
1472 1301 1561 1325 cum

230 1355 478 1392 consuetudo
514 1353 608 1391 mihi
642 1353 816 1392 iucunda
848 1353 917 1391 fuit
949 1361 1032 1391 tum
1067 1367 1127 1390 ars
1159 1352 1287 1398 etiam,
1322 1367 1440 1402 quam
1475 1366 1562 1390 sum

231 1428 410 1469 expertus
446 1419 484 1457 in
519 1418 744 1465 valetudine
783 1433 985 1467 meorum;
1028 1419 1067 1457 in
1103 1433 1181 1468 qua
1215 1418 1310 1456 milri
1349 1432 1439 1456 cum
1480 1417 1564 1468 ipsa

230 1484 392 1523 scientia
430 1492 513 1522 tum
548 1484 665 1522 etiam
705 1484 894 1522 fidelitate
931 1483 1287 1533 benevolentiaque
1327 1482 1418 1521 satis
1458 1482 1559 1520 fecit.

233 1552 354 1588 Hunc
378 1549 491 1600 igitur
518 1549 589 1587 tibi
616 1550 855 1587 commendo
879 1557 918 1587 et
943 1562 967 1586 a
991 1557 1028 1587 te
1049 1556 1141 1599 peto
1169 1556 1211 1586 ut
1239 1549 1310 1586 des
1336 1561 1495 1597 operam
1520 1555 1563 1585 ut

173 1631 186 1651 2
231 1615 428 1665 intellegat
457 1614 664 1665 diligenter
693 1628 755 1652 me
786 1613 984 1664 scripsisse
1015 1615 1065 1652 de
1097 1627 1182 1652 sese
1218 1626 1427 1661 meamque
1454 1600 1563 1650 ⁸com-

231 1679 525 1718 mendationem
557 1679 644 1718 usui
674 1692 816 1729 magno
847 1678 920 1717 sibi
951 1678 1079 1717 fuisse.
1140 1677 1224 1715 Erit
1254 1677 1293 1716 id
1325 1676 1420 1715 mihi
1449 1678 1563 1715 vehe-

232 1753 382 1783 menter
410 1752 572 1795 gratum.

275 1906 384 1941 XXI
558 1901 627 1939 Scis.
647 1907 784 1947 Romae,
807 1911 843 1937 ut
857 1906 994 1945 videtur,
1015 1917 1047 1937 a.
1070 1908 1129 1945 708
1149 1898 1232 1947 [46

674 1983 849 2015 CICERO
876 1983 1048 2014 SERVIO
1075 1983 1109 2014 S.

288 2065 343 2101 M.
377 2062 568 2101 Aemilius
600 2061 789 2100 Avianius
820 2062 869 2099 ab
903 2060 1064 2099 ineunte
1097 2058 1366 2098 adulescentia
1401 2072 1463 2097 me
1495 2060 1561 2097 ob·
1580 2070 1597 2096 1

231 2129 395 2169 servavit
416 2142 648 2179 semperque
669 2127 813 2175 dilexit,
837 2127 892 2164 vir
913 2141 1002 2165 cum
1030 2127 1159 2165 bonus
1185 2134 1267 2164 tum
1294 2127 1560 2176 perhumanus

231 2203 269 2234 et
300 2195 340 2233 in
374 2196 482 2233 omni
513 2208 655 2245 genere
690 2193 793 2232 offici
827 2192 1060 2243 diligendus.
1135 2193 1266 2240 Quem
1297 2191 1327 2228 si
1357 2190 1561 2229 arbitrarer

231 2274 316 2299 esse
345 2260 512 2310 Sicyone
541 2250 580 2298 et
609 2258 683 2297 nisi
712 2257 888 2297 audirem
914 2257 967 2296 ibi
995 2271 1085 2296 eum
1113 2257 1230 2296 etiarn
1252 2269 1368 2303 nunc,
1393 2255 1460 2294 ubi
1487 2268 1560 2304 ego

275 2374 316 2404 25
339 2363 503 2394 Avianius
521 2363 618 2394 Klots
633 2374 639 2393 ε
664 2362 816 2393 Avianus
834 2362 890 2393 M:
917 2361 1105 2393 Avinianus
1121 2360 1195 2391 HD
1285 2369 1324 2398 27
1350 2355 1558 2397 diligendus]

232 2407 378 2447 diligens
396 2408 490 2439 Man.
506 2419 513 2438 z
540 2406 817 2446 diligentissimus
834 2405 953 2437 Lamb.
