1791 2796
549 158 661 196 EPP.
693 158 772 195 AD
803 158 1151 196 FAMILIARES
1462 158 1574 195 V.vi

183 270 435 308 vehementer
450 269 622 321 probavi.
664 269 897 317 Antonium,
910 268 982 307 etsi
998 268 1080 308 eius
1097 269 1136 307 in
1153 283 1216 308 me
1232 269 1359 308 officia
1375 283 1514 315 omnes

184 333 422 382 desiderant,
456 343 587 372 tamen
627 333 666 372 in
705 342 843 373 senatu
874 333 1099 384 gravissime
1133 348 1178 373 ac
1217 334 1514 385 diligentissime

184 399 343 438 defendi
360 407 620 449 senatumque
636 400 888 438 vehementer
908 399 1084 438 oratione
1106 413 1193 438 mea
1213 408 1331 450 atque
1351 399 1515 439 auctori-

184 472 262 503 tate
283 463 492 504 commovi.
550 466 614 502 Tu
633 465 684 503 ad
701 478 764 503 me
784 463 901 503 velim
922 463 1068 502 litteras
1088 463 1259 503 crebrius
1280 464 1421 503 mittas.

146 622 163 654 5
228 617 320 651 VII
537 619 608 651 διν.
631 619 759 651 Romae
776 630 821 650 m.
841 618 925 661 Apr.
946 630 976 651 a.
999 621 1061 660 692
1079 619 1163 660 (623.

230 697 273 728 M.
302 696 498 728 TVLLIVS
524 696 568 727 M.
598 697 632 728 F.
662 696 836 728 CICERO
862 697 896 727 S.
927 696 965 727 D.
995 696 1067 728 CN.
1097 695 1307 728 POMPEIO
1332 697 1403 728 CN.
1433 696 1468 728 F.

600 752 765 783 MAGNO
792 751 1100 783 IMPERATORI.

239 832 275 870 S.
300 832 344 868 T.
370 831 412 868 E.
438 831 486 878 Q.
509 831 556 867 V.
582 831 623 868 B.
649 831 692 867 E.
754 831 813 868 Ex
843 828 978 868 litteris
1012 828 1101 877 tuis,
1131 843 1228 880 quas
1262 828 1419 880 publice
1448 828 1516 867 mi-
1536 842 1551 867 1

185 895 278 943 sisti,
301 895 388 946 cepi
408 909 485 934 una
513 909 602 934 cum
628 894 812 934 omnibus
839 894 1110 934 incredibilem
1131 896 1397 945 voluptatem,
1436 903 1516 933 tan-

129 974 167 996 10
186 970 266 1000 tam
292 960 397 999 enim
419 974 529 1012 spem
550 960 604 998 oti
625 959 840 1007 ostendisti,
860 967 1047 1010 quantam
1069 973 1142 1010 ego
1162 973 1316 1010 semper
1331 959 1517 998 omnibus

187 1034 223 1064 te
244 1039 325 1064 uno
345 1027 463 1064 fretus
484 1024 707 1075 pollicebar.
767 1025 846 1064 Sed
866 1025 942 1063 hoc
970 1024 1081 1072 scito,
1102 1032 1190 1063 tuos
1210 1032 1360 1064 veteres
1380 1023 1517 1070 hostis,

187 1104 310 1129 novos
330 1090 489 1137 amicos,
513 1091 766 1129 vehementer
786 1089 921 1128 litteris
942 1091 1142 1140 perculsos
1162 1098 1282 1140 atque
1310 1105 1356 1128 ex
1377 1104 1519 1140 magna

188 1169 255 1206 spe
277 1155 504 1194 deturbatos
531 1155 665 1194 iacere.
725 1156 790 1194 Ad
820 1169 882 1194 me
911 1163 1044 1194 autem
1073 1155 1218 1194 litteras
1240 1169 1336 1206 quas
1367 1154 1518 1202 misisti,
1538 1168 1561 1194 2

189 1234 429 1272 quamquam
450 1220 628 1271 exiguam
653 1220 978 1271 significationem
1006 1229 1095 1259 tuae
1116 1234 1205 1271 erga
1225 1234 1288 1259 me
1308 1219 1518 1259 voluntatis

132 1298 169 1330 15
190 1286 398 1333 habebant,
424 1294 555 1324 tamen
579 1285 675 1324 mihi
704 1285 802 1324 scito
832 1285 1023 1324 iucundas
1053 1285 1171 1324 fuisse
1188 1300 1197 1333 3
1227 1287 1334 1324 nulla
1353 1284 1458 1323 enim
1480 1299 1519 1323 re

189 1360 268 1390 tam
308 1351 440 1390 laetari
478 1352 586 1390 soleo
625 1365 743 1402 quam
779 1365 956 1390 meorum
994 1350 1211 1389 officiorum
1252 1349 1519 1396 conscientia;

188 1416 331 1467 quibus
365 1417 397 1455 si
431 1418 592 1468 quando
626 1431 706 1456 non
739 1426 873 1456 mutue
903 1418 1174 1468 respondetur,
1203 1418 1309 1467 apud
1339 1430 1402 1455 me
1431 1418 1519 1466 plus

188 1482 291 1521 offici
320 1482 489 1521 residere
519 1481 701 1521 facillime
731 1482 865 1533 patior.
928 1483 1033 1521 Illud
1068 1496 1146 1520 non
1178 1482 1318 1520 dubito
1348 1481 1457 1531 quin,
1489 1480 1519 1518 si

189 1555 227 1585 te
251 1561 338 1586 mea
362 1561 516 1586 summa
542 1560 632 1597 erga
661 1555 698 1586 te
727 1547 857 1586 studia
886 1561 1022 1598 parum
1054 1546 1149 1585 mihi
1179 1545 1439 1593 adiunxerint,
1460 1560 1519 1584 res

132 1628 170 1650 20
190 1611 348 1663 publica
367 1625 439 1651 nos
466 1611 566 1650 inter
593 1625 664 1650 nos
694 1611 948 1651 conciliatura
976 1611 1313 1661 coniuncturaque
1343 1610 1400 1649 sit.
1461 1613 1519 1649 Ac
1540 1616 1563 1652 3

190 1690 240 1715 ne
273 1676 426 1727 ignores
458 1676 554 1727 quid
593 1691 664 1728 ego
699 1677 738 1715 in
773 1677 848 1716 tuis
883 1676 1017 1716 litteris
1056 1676 1323 1723 desiderarim,
1353 1675 1519 1715 scribam

189 1749 334 1792 aperte,
355 1741 454 1781 sicut
475 1749 512 1780 et
534 1755 621 1781 mea
641 1750 778 1781 natura
798 1750 835 1781 et
856 1750 989 1781 nostra
1007 1740 1178 1780 amicitia
1198 1742 1379 1791 postulat.
1440 1742 1520 1778 Res

191 1819 256 1845 eas
275 1805 388 1856 gessi,
410 1820 575 1858 quarum
603 1806 777 1859 aliquam
806 1806 846 1845 in
876 1805 951 1845 tuis
980 1804 1115 1844 litteris
1144 1813 1183 1844 et
1211 1813 1367 1844 nostrae
1391 1819 1521 1844 neces-

192 1871 373 1911 situdinis
402 1880 441 1911 et
473 1872 527 1912 rei
560 1885 596 1923 p.
629 1886 746 1912 causa
782 1871 1082 1923 gratulationem
1116 1870 1364 1922 exspectavi3
1401 1883 1520 1921 quam

135 1953 172 1985 ²5
193 1951 266 1988 ego
294 1938 364 1977 abs
404 1946 440 1977 te
474 1938 786 1988 praetermissam
815 1952 900 1977 esse
928 1937 1101 1984 arbitror,
1134 1937 1242 1987 quod
1271 1949 1443 1975 vererere
1472 1950 1521 1974 ne

193 2002 304 2041 cuius
324 2002 500 2041 animum
522 2004 750 2042 offenderes.
801 2003 879 2041 Sed
900 2002 999 2041 scito
1019 2016 1075 2049 ea,
1094 2015 1194 2053 quae
1215 2015 1287 2041 nos
1307 2014 1378 2052 pro
1399 2003 1522 2039 salute

192 2067 338 2118 patriae
367 2067 569 2118 gessimus,
605 2067 710 2107 orbis
748 2076 869 2106 terrae
908 2066 1054 2106 iudicio
1084 2080 1131 2106 ac
1162 2066 1388 2106 testimonio
1419 2080 1523 2105 com-

193 2132 376 2183 probari,
409 2147 519 2183 quae,
546 2147 637 2172 cum
664 2133 824 2180 veneris,
852 2141 961 2172 tanto
991 2132 1157 2172 consilio
1187 2139 1373 2182 tantaque
1400 2131 1520 2170 animi

195 2198 463 2248 magnitudine
501 2212 524 2236 a
562 2212 624 2237 me
661 2206 769 2249 gesta
806 2212 891 2237 esse
933 2211 1157 2248 cognosces,
1198 2205 1241 2235 ut
1282 2196 1353 2235 tibi
1398 2198 1522 2236 multo

138 2277 176 2308 30
196 2263 341 2310 maiori,
365 2277 482 2314 quam
503 2262 709 2302 Africanus
734 2263 814 2310 fuit,
838 2277 900 2302 me
928 2277 1008 2302 non
1035 2264 1159 2301 multo
1184 2262 1375 2301 minorem
1403 2275 1521 2312 quam

148 1140 163 1152 1

243 2378 281 2400 10
304 2373 463 2407 quantam
490 2373 578 2400 velt:
610 2379 708 2408 quam
735 2368 823 2400 codd.
974 2378 1011 2398 12
1037 2368 1103 2398 tuis
1129 2367 1251 2398 litteris
1272 2365 1519 2406 Ma›'tym'-Lag.

201 2421 239 2451 19
263 2413 492 2443 adiunxerant
512 2412 598 2443 Crat.
702 2421 742 2450 25
766 2422 924 2443 vererere
942 2415 1012 2442 vett.
1030 2422 1035 2442 :
1061 2421 1181 2442 verere
1198 2410 1257 2441 M:
1281 2410 1442 2441 verebare
1462 2409 1525 2441 GR

197 2465 240 2494 3ο
263 2466 315 2486 me
333 2456 420 2487 Crat.
438 2466 445 2486 :
469 2467 488 2487 a
505 2466 557 2486 me
574 2455 615 2486 M
627 2468 633 2486 :
658 2455 740 2486 deest
758 2455 821 2487 GR
