1791 2796
181 116 294 154 III.i
616 119 670 156 M.
704 119 871 157 TVLLI
905 120 1210 159 CICERONIS

204 235 229 262 2
303 226 414 273 Cilix,
439 227 599 267 libertus
621 236 721 276 tuuS,
745 237 859 268 antea
887 230 982 268 mihi
1011 231 1140 270 minus
1165 231 1235 270 suit
1262 240 1404 280 notus3
1432 234 1513 280 sed,
1536 242 1579 271 ut

249 291 343 329 milii
366 293 536 332 reddidit
557 308 580 332 a
600 302 638 333 te
658 295 804 334 litteras
829 298 964 346 plenas
995 305 1032 335 et
1052 297 1195 336 amoris
1223 306 1261 336 et
1281 297 1397 346 offici,
1418 298 1579 337 mirifice

248 356 330 408 ipse
362 372 434 397 suo
466 373 647 399 sermone
686 361 920 400 subsecutus
955 369 1012 400 est
1046 362 1331 401 humanitatem
1366 363 1578 402 litterarum

248 430 412 462 tuarum.
475 426 656 465 Iucunda
678 427 773 465 mihi
801 427 883 466 eius
908 427 1032 466 oratio
1056 428 1141 475 fuit,
1161 442 1251 467 eum
1273 430 1323 468 de
1343 429 1477 467 animo
1498 437 1579 477 tuo.

247 490 297 527 de
318 490 581 534 sermonibus,
601 506 702 542 quos
723 493 773 531 de
798 507 861 532 me
888 493 1052 532 haberes
1080 493 1236 542 cotidie,
1260 494 1355 533 mihi
1387 503 1555 534 narraret
1572 509 1580 543 3
1599 505 1616 538 5

247 555 343 604 quid
371 556 563 605 quaeris}
584 557 709 596 biduo
744 560 870 597 sactus
902 567 959 598 est
992 559 1089 598 mihi
1120 559 1331 608 familiaris,
1352 560 1405 599 ita
1434 568 1581 609 tamen,

247 628 288 659 ut
312 621 502 660 Phaniam
524 624 638 661 valde
666 623 738 661 sim
770 624 1071 664 desideraturus.
1133 628 1263 675 Quem
1286 640 1376 664 cum
1408 628 1579 665 Romam

247 686 435 733 remittes,
455 689 577 738 quod.
598 696 640 726 ut
670 690 922 739 putabamuS,
943 691 1118 730 celeriter
1145 705 1227 730 eras
1252 693 1438 739 facturus,
1458 691 1581 729 omni-

249 751 321 790 bus
343 752 377 791 ei
405 754 455 792 de
486 754 616 802 rebus„
637 768 734 805 quas
761 754 836 806 agi,
857 769 954 806 quas
975 756 1098 795 curari
1120 770 1143 795 a
1163 770 1225 795 me
1253 759 1374 806 voles,
1394 759 1581 797 mandata

247 818 317 856 des
339 818 464 857 velim.
1602 835 1642 858 10
1686 856 1694 863 ,

205 893 228 930 3
304 885 345 921 1..
386 884 588 924 Valerium
627 885 937 925 iureconsultum
969 888 1083 927 valde
1121 887 1191 927 tibi
1223 890 1476 937 commendo,
1511 890 1580 928 sed

247 949 300 987 ita
339 949 471 997 etiam,
509 950 540 989 si
580 965 661 991 non
711 960 769 991 est
818 952 900 992 iure
948 955 1175 1003 consultus3
1223 954 1362 993 melius
1401 955 1505 994 enim
1546 954 1580 993 ei

248 1029 383 1054 cavere
405 1018 495 1054 volo
516 1031 636 1067 quam
658 1017 741 1068 ipse
768 1018 852 1057 aliis
882 1020 992 1057 solet.
1052 1021 1179 1059 Valde
1210 1020 1413 1059 hominem
1435 1020 1555 1071 diligo
1571 1036 1581 1069 5

248 1088 305 1119 est
327 1096 373 1119 ex
395 1082 491 1121 meis
512 1083 740 1122 domesticis
761 1092 880 1134 atque
905 1084 1052 1123 intimis
1079 1085 1343 1124 familiaribus.
1404 1086 1581 1125 Omnino

249 1146 316 1184 tibi
348 1147 425 1197 agit
454 1148 609 1198 gratias,
641 1151 710 1188 sed
746 1149 851 1189 idem
886 1149 1021 1188 scribit
1051 1164 1158 1189 meas
1190 1151 1335 1190 litteras
1367 1151 1581 1190 maximum
1604 1161 1641 1191 15

247 1214 353 1262 apud
375 1221 412 1252 te
441 1216 597 1263 pondus
625 1215 835 1255 habituras.
897 1216 945 1255 Id
975 1229 1066 1255 eum
1097 1230 1147 1255 ne
1176 1218 1296 1266 sallat,
1316 1216 1434 1256 etiam
1462 1226 1582 1269 atque

248 1277 365 1317 etiam
387 1293 491 1330 rogo.
551 1282 660 1320 Vale.

291 1454 339 1489 II
562 1457 630 1490 Scr.
651 1458 780 1489 Romae
795 1458 863 1490 circ.
884 1469 927 1490 m.
946 1457 1044 1491 Mart.
1062 1470 1092 1491 a.
1115 1469 1168 1500 70j
1190 1460 1269 1500 0¹1).

342 1540 385 1572 M.
413 1540 588 1572 CICERO
616 1541 813 1573 PRocos.
841 1544 874 1574 5.
904 1542 943 1573 D.
972 1542 1112 1574 APPIO
1139 1542 1365 1575 PVLCHRO
1392 1542 1484 1574 IMP.

182 1661 190 1667 .
215 1643 232 1671 1
307 1632 408 1669 (jum
443 1637 480 1669 et
513 1638 649 1669 contra
676 1632 918 1669 voluntatem
948 1645 1076 1670 meam
1103 1640 1141 1670 et
1171 1640 1321 1682 praeter
1351 1632 1578 1683 opinionem
1603 1652 1641 1674 20

249 1695 469 1743 accidisset,
502 1703 543 1733 ut
579 1695 673 1734 1111111
714 1710 804 1735 cum
837 1696 1002 1747 imperio
1033 1697 1072 1735 in
1105 1697 1346 1748 provinciam
1386 1698 1579 1748 proticisci

250 1775 410 1801 necesse
433 1769 548 1809 esset,
569 1761 607 1799 in
631 1761 761 1800 multis
783 1770 821 1800 et
842 1762 955 1800 variis
980 1763 1168 1801 molestiis
1196 1763 1580 1814 cogitationibusque

251 1828 347 1866 meis
391 1829 487 1866 haec
527 1841 605 1865 una
650 1827 869 1867 consolatio
912 1828 1156 1877 occurrebat,
1194 1830 1303 1879 quod
1343 1843 1472 1879 neque
1511 1829 1579 1867 tibi

249 1893 423 1931 amicior.
444 1906 563 1943 quam
589 1906 662 1943 ego
688 1907 789 1941 sum,
810 1893 1017 1944 quisquam
1050 1896 1422 1944 posset‘succedere
1453 1909 1581 1944 neque

249 1973 322 2008 ego
356 1959 406 1995 ab
446 1959 524 1995 ullo
557 1958 797 2008 provinciam
837 1959 1028 2010 accipere,
1063 1959 1130 2010 qui
1170 1962 1301 1999 mallet
1340 1974 1425 1999 eam
1462 1974 1579 2010 quam
1603 1975 1640 2007 25

250 2023 418 2061 maxime
451 2023 544 2060 mihi
575 2031 707 2074 aptam
739 2024 1052 2076 explicatamque
1082 2026 1243 2065 tradere.
1323 2027 1442 2075 Quod
1473 2025 1503 2063 si
1540 2034 1579 2064 tu

249 2102 409 2138 quoque
430 2089 598 2127 eandem
620 2090 669 2128 de
692 2104 778 2129 mea
800 2093 1000 2130 voluntate
1021 2105 1109 2142 erga
1131 2099 1167 2130 te
1189 2105 1296 2142 spem
1321 2091 1456 2139 habes,
1477 2104 1523 2128 ea
1544 2098 1580 2129 te

249 2156 424 2205 profecto
446 2168 661 2205 numquam
691 2158 806 2195 fallet.
866 2160 901 2196 A
932 2166 969 2196 te
1004 2157 1174 2196 maximo
1204 2171 1320 2207 opere
1348 2170 1418 2207 pro
1448 2164 1579 2194 nostra

249 2234 402 2258 summa
441 2220 721 2261 coniunctione
760 2231 905 2273 tuaque
944 2222 1126 2273 singulari
1173 2221 1415 2261 humanitate
1460 2220 1577 2259 etiam

249 2294 366 2337 atque
388 2286 503 2325 etiam
527 2301 674 2337 quaeso
696 2295 733 2326 et
756 2296 847 2338 peto
868 2296 923 2336 ut,
944 2288 1262 2339 quibuscumque
1292 2287 1408 2327 rebus
1433 2285 1576 2337 poteris
1598 2301 1638 2331 30

297 2392 335 2421 16
360 2391 475 2432 etiam]
496 2396 527 2422 te
546 2392 646 2423 ctiam
667 2393 752 2423 (rat.
891 2395 931 2424 28
956 2391 986 2424 A
1011 2398 1042 2424 tc
1062 2391 1150 2424 MG:
1176 2398 1210 2423 at
1229 2396 1260 2423 tc
1278 2390 1312 2423 R
1329 2389 1557 2423 Mcndclssolm
