1791 2796
568 145 680 183 EPP.
713 143 790 182 AD
823 144 1169 182 FAMILIARES
1482 143 1620 182 1V.vi

249 256 342 305 Quo
359 255 480 305 magis
502 262 540 293 te
561 261 746 306 exspecto
767 262 884 305 teque
900 254 1032 293 videre
1053 267 1173 304 quam
1194 254 1363 305 primum
1381 254 1498 306 cupio
1515 269 1525 303 ς
1545 266 1568 302 3

195 320 320 359 maius
348 319 443 358 mihi
469 319 658 359 solacium
687 320 838 358 adferre
868 319 965 358 ratio
992 320 1099 358 nulla
1127 327 1255 370 potest
1286 333 1405 370 quam
1430 313 1525 358 con<

195 385 344 424 iunctio
358 385 655 424 consuetudinis
677 398 984 435 sermonumque
1005 392 1227 423 nostrorum
1244 400 1253 433 ;
1283 398 1524 435 quamquam

196 452 401 502 sperabam
436 460 547 491 tuum
576 452 791 490 adventum
821 450 894 502 (sic
924 450 1029 490 enim
1059 451 1288 502 audiebam)
1320 451 1528 502 appropin-

159 529 175 560 5
196 531 326 568 quare.
389 521 474 569 Ego
500 526 632 557 autem
657 531 748 556 cum
779 517 910 556 multis
936 519 986 556 de
1016 518 1142 556 causis
1168 526 1206 556 te
1235 526 1380 569 exopto
1407 531 1527 568 quam

196 584 366 634 primum
387 584 528 631 videre,
552 592 635 622 tum
657 583 773 622 etiam
802 591 843 621 ut
867 591 958 622 ante
982 591 1297 622 commentemur
1317 583 1416 623 inter
1442 597 1526 631 nos,

197 663 275 700 qua
304 650 453 689 ratione
483 649 596 688 nobis
629 650 916 688 traducendum
947 648 995 687 sit
1025 650 1102 687 hoc
1131 657 1299 700 tempus,
1331 650 1440 699 quod
1471 656 1529 687 est

197 723 323 753 totum
353 717 404 754 ad
428 715 542 754 unius
570 716 812 753 voluntatem
841 716 1229 753 accommodandum
1258 723 1295 753 et
1325 713 1528 764 prudentis

198 788 235 819 et
263 780 430 819 liberalis
451 789 499 828 et,
523 788 564 819 ut
589 779 830 831 perspexisse
857 780 1002 826 videor,
1026 793 1099 818 nec
1125 794 1147 818 a
1168 794 1231 818 me
1255 780 1372 818 alieni
1400 788 1437 818 et
1458 779 1529 818 tibi

145 859 179 881 10
197 845 433 883 amicissimi.
494 846 614 895 Quod
636 858 726 883 cum
748 845 799 883 ita
824 845 882 891 sit,
913 858 1077 895 magnae
1104 853 1236 883 tamen
1264 853 1321 883 est
1342 844 1529 883 delibera-

198 911 325 958 tionis,
349 924 450 961 quae
474 911 570 949 ratio
595 911 644 949 sit
665 910 837 949 ineunda
864 910 979 949 nobis
1004 924 1084 949 non
1109 911 1250 961 agendi
1276 910 1435 961 aliquid,
1459 911 1529 949 sed

198 976 299 1015 illius
320 989 511 1016 concessu
532 984 570 1016 et
591 976 785 1016 beneficio
806 976 1046 1027 quiescendi.
1106 979 1214 1016 Vale.

241 1141 332 1176 VII
506 1144 576 1176 Scr.
597 1144 725 1174 Romae
735 1148 812 1185 post
826 1143 876 1175 Id.
897 1143 985 1175 Sext.
1004 1154 1034 1175 a.
1054 1146 1115 1183 708
1133 1144 1218 1185 (46l.

492 1221 535 1253 M.
564 1221 738 1252 CICERO
764 1221 797 1253 S.
826 1222 866 1253 D.
894 1221 938 1253 M.
968 1221 1237 1253 MARCELLO.

144 1309 179 1341 ¹5
255 1299 339 1338 Etsi
371 1313 418 1338 eo
452 1308 490 1338 te
521 1301 651 1338 adhuc
686 1298 851 1337 consilio
882 1312 997 1337 usum
1029 1299 1224 1349 intellego,
1259 1306 1301 1338 ut
1336 1298 1376 1338 id
1407 1309 1566 1350 repre-1

199 1366 373 1404 bendere
400 1378 479 1403 non
507 1366 686 1411 audeam,
709 1378 790 1402 non
815 1364 910 1414 quin
936 1364 987 1402 ab
1014 1377 1062 1403 eo
1086 1364 1169 1414 ipse
1196 1364 1436 1412 dissentiam,
1461 1365 1530 1403 sed

200 1431 308 1480 quod
329 1443 374 1469 ea
395 1438 433 1468 te
457 1429 648 1479 sapientia
669 1443 753 1468 esse
780 1429 963 1477 iudicem,
986 1437 1028 1468 ut
1059 1443 1191 1468 meum
1219 1429 1428 1468 consilium
1450 1443 1530 1468 non

199 1502 439 1545 anteponam
469 1503 548 1542 tuo,
572 1502 704 1533 tamen
732 1502 769 1533 et
796 1494 991 1533 amicitiae
1018 1502 1174 1533 nostrae
1201 1502 1372 1534 vetustas
1400 1502 1438 1533 et
1465 1502 1533 1533 tua

201 1573 355 1598 summa
375 1573 463 1610 erga
490 1573 554 1598 me
580 1559 866 1606 benevolentia,
890 1573 991 1609 quae
1021 1559 1118 1597 mihi
1139 1559 1215 1598 iam
1236 1573 1259 1598 a
1279 1559 1445 1609 pueritia
1464 1566 1530 1597 tua

140 1642 182 1665 20
201 1625 357 1675 cognita
387 1632 455 1672 est,
488 1638 551 1663 me
581 1626 734 1663 hortata
761 1632 819 1663 est
849 1633 891 1663 ut
918 1638 964 1663 ea
988 1624 1199 1663 scriberem
1221 1626 1272 1663 ad
1299 1633 1348 1671 te,
1371 1638 1473 1675 quae
1493 1632 1531 1663 et

201 1690 315 1728 saluti
335 1698 425 1729 tuae
445 1691 669 1729 conducere
688 1690 892 1729 arbitrarer
919 1698 956 1729 et
983 1703 1064 1728 non
1091 1690 1218 1729 aliena
1239 1703 1323 1729 esse
1344 1691 1530 1728 ducerem

200 1768 223 1793 a
243 1754 441 1805 dignitate.

257 1821 342 1870 Ego
363 1833 453 1858 eum
478 1828 516 1858 te
546 1834 641 1868 esse,
672 1821 739 1871 qui
769 1822 909 1859 horum
938 1822 1130 1859 malorum
1152 1820 1262 1859 initia
1289 1822 1413 1858 multo
1440 1827 1531 1859 ante
1551 1832 1574 1860 2

202 1883 354 1931 videris,
377 1886 625 1923 consulatum
647 1885 1032 1936 magnificentissime
1053 1892 1171 1935 atque
1187 1885 1335 1935 optime
1356 1885 1529 1936 gesseris,

144 1966 183 1999 25
203 1950 397 1998 praeclare
419 1949 606 1997 memini3
645 1951 715 1988 sed
745 1950 850 1988 idem
878 1949 994 1988 etiam
1020 1950 1084 1988 illa
1111 1950 1201 1998 vidi,
1225 1964 1354 2000 neque
1381 1958 1418 1989 te
1442 1964 1532 1989 con-

203 2013 331 2051 silium
361 2013 483 2052 civilis
513 2014 605 2052 belli
635 2014 687 2052 ita
713 2014 873 2064 gerendi
899 2028 972 2053 nec
1002 2015 1135 2065 copias
1163 2016 1236 2055 Cn.
1268 2015 1432 2065 Pompei
1458 2029 1532 2054 nec

202 2092 324 2128 genus
352 2079 542 2118 exercitus
572 2080 737 2129 probare
768 2094 1001 2131 semperque
1031 2094 1186 2119 summe
1214 2080 1414 2128 diffidere;
1454 2094 1533 2131 qua

203 2143 242 2181 in
267 2144 459 2183 sententia
490 2158 552 2183 me
582 2158 741 2195 quoque
767 2145 886 2184 fuisse
917 2145 1106 2184 memoria
1135 2153 1268 2184 tenere
1292 2153 1330 2184 te
1356 2145 1529 2184 arbitror.

204 2209 344 2258 Itaque
373 2223 502 2260 neque
532 2217 573 2247 tu
604 2212 769 2248 multum
800 2210 1007 2249 interfuisti
1037 2210 1152 2249 rebus
1184 2210 1364 2260 gerendis
1391 2217 1429 2248 et
1460 2223 1533 2260 ego

246 2323 265 2343 2
289 2313 397 2344 maius
422 2313 502 2343 mihi
527 2313 687 2344 solacium
715 2313 882 2344 ‘solatium
900 2313 945 2342 R}
973 2313 1093 2343 afferre
1112 2314 1196 2344 ratio
1215 2314 1297 2345 GR:
1327 2314 1433 2344 maior
1453 2313 1532 2344 mihi

203 2356 296 2430 {altio
313 2357 392 2387 mihi
408 2357 544 2388 adferre
561 2356 620 2388 M:
646 2357 753 2387 maior
769 2357 849 2387 mihi
868 2357 990 2388 levatio
1007 2357 1132 2388 adferri
1155 2355 1228 2388 Vnt.
1358 2367 1394 2396 17
1421 2356 1532 2387 iudico

250 2410 307 2438 eyn

1409 2460 1447 2490 7*
