1791 2796
542 141 652 178 EPP.
687 141 763 178 AD
796 140 1144 178 FAMILIARES
1462 141 1508 179 X.
1528 140 1573 178 ix

178 254 225 291 In
246 252 329 290 dies
350 265 442 290 vero
472 251 697 290 meritorum
726 265 902 290 meorum
937 251 1016 290 fieri
1047 252 1293 290 accessiones
1314 252 1517 302 pervidere.

175 324 214 356 te
243 330 368 368 spero,
392 318 638 367 cogniturum
671 317 792 367 magis
823 317 978 367 recipio,
1041 318 1161 366 Quod
1192 319 1241 355 ad
1273 332 1335 355 me
1365 314 1514 365 attinet,
1535 330 1558 357 2

178 383 228 422 mi
253 383 404 430 Cicero,
428 383 497 433 (ita
524 383 574 421 ab
603 382 901 422 imminentibus
930 382 1040 421 malis
1071 397 1130 421 res
1156 397 1190 433 p.
1216 397 1278 421 me
1305 383 1516 421 adiuvante

176 449 360 487 liberetur
380 450 403 497 ἒ)
444 448 498 486 sic
538 449 706 487 honores
750 448 1001 499 praemiaque
1041 456 1164 486 vestra
1209 448 1380 499 suspicio
1427 462 1516 486 con-

139 527 153 557 ,-
178 515 337 552 ferenda
367 522 470 552 certe
500 528 590 552 eum
621 513 922 560 immortalitate,
956 521 997 551 ut
1029 513 1112 552 sine
1143 513 1187 551 iis
1218 513 1314 551 nibil
1346 514 1395 551 de
1426 527 1515 552 mco

177 579 309 617 studio
330 579 695 630 perseverantiaque
716 579 788 617 sim
810 578 1051 617 remissurus.
1098 579 1183 617 Nisi
1206 579 1244 617 in
1262 579 1515 617 multitudine

178 644 418 695 optimorum
453 645 596 683 civium
630 645 798 695 impetus
833 643 952 682 animi
986 644 1061 682 mei
1096 644 1208 683 fuerit
1241 644 1444 694 singularis
1477 652 1514 682 et

177 723 296 760 opera
326 710 545 761 praecipua,
579 710 674 748 nihil
704 712 754 749 ad
785 724 913 749 meam
946 710 1177 760 dignitatem
1207 711 1394 748 accedere
1424 711 1514 747 volo

177 775 452 826 suffragatione
472 783 607 814 vestra.
668 775 919 826 Concupisco
948 783 1079 814 autem
1110 774 1207 812 nibil
1238 774 1333 812 mihi
1362 779 1513 825 <contra
1533 781 1555 817 3

178 842 286 891 quod
307 841 390 892 ipse
411 842 560 892 pugno)
576 856 585 889 3
615 849 653 879 et
678 840 864 891 temporis
889 849 926 879 ct
954 840 1006 879 rei
1034 848 1071 879 te
1093 841 1380 879 moderatorem
1402 840 1514 879 facile

178 906 304 957 patior
324 920 419 945 esse.
475 906 582 944 Nihil
604 914 670 945 aut
692 920 776 945 sero
797 915 863 945 aut
885 906 1021 957 exigue
1042 920 1064 944 a
1086 905 1207 956 patria
1228 905 1303 944 civi
1324 905 1513 944 tributum

178 979 307 1022 potest
328 971 459 1010 videri.

234 1036 458 1075 Exercitum
488 1050 519 1075 a.
548 1037 583 1075 d.
613 1048 651 1074 vl
686 1038 734 1074 K.
770 1036 896 1074 Maias
929 1037 1172 1075 Rhodanum
1202 1035 1333 1074 traieci
1365 1036 1515 1086 magnis

180 1101 394 1148 itineribus,
410 1101 565 1140 Vienna
593 1101 744 1152 equites
766 1101 871 1139 mille
893 1101 953 1139 via
975 1101 1150 1140 breviore
1172 1101 1362 1151 praemisi.
1425 1103 1516 1151 Ipse

143 1166 208 1210 fisi
249 1167 300 1204 ab
340 1166 492 1216 Lepido
532 1180 611 1204 non
652 1166 853 1216 impediar,
895 1166 1092 1205 celeritate
1138 1166 1230 1204 satis
1269 1165 1437 1213 faciam3
1485 1167 1515 1204 si

179 1240 310 1270 autem
357 1231 482 1270 itineri
529 1245 618 1270 meo
664 1245 704 1270 se
747 1231 970 1282 opposierst,
1013 1233 1062 1269 ad
1108 1239 1263 1281 tempus
1306 1231 1514 1270 consilium

179 1296 342 1346 capiam.
405 1296 550 1346 Copias
580 1297 738 1335 adduco
768 1304 805 1335 et
836 1310 1000 1335 numero
1031 1305 1067 1334 et
1097 1310 1238 1346 genere
1263 1304 1300 1334 et
1328 1296 1515 1335 fidelitate

181 1360 430 1399 firmissimas.
491 1363 550 1400 Te
581 1369 621 1400 ut
652 1361 788 1412 diligas
819 1374 894 1409 me,
917 1361 947 1399 si
974 1369 1111 1400 mutuo
1141 1369 1179 1400 te
1209 1362 1400 1400 facturum
1427 1361 1511 1408 scis,

180 1440 283 1476 rogo.
345 1427 452 1465 Vale.

224 1573 266 1607 X
516 1575 584 1607 Ser.
606 1575 734 1607 Romae
750 1576 785 1607 iil
798 1575 840 1607 K.
862 1575 946 1616 Apr.
967 1587 997 1607 a.
1020 1586 1072 1616 711
1092 1576 1175 1618 (45).

645 1653 820 1684 CICERO
847 1653 1042 1685 PLANCO.

235 1731 318 1770 Etsi
347 1731 438 1770 satis
468 1745 514 1770 ex
543 1732 688 1770 Furnio
715 1740 850 1770 nostro
873 1745 1084 1782 cognoram
1107 1745 1208 1782 quae
1229 1740 1294 1770 tua
1319 1733 1512 1778 voluntas,
1533 1745 1547 1770 1

181 1798 289 1847 quod
319 1796 526 1839 consilium
561 1798 611 1835 de
651 1811 690 1835 re
729 1811 764 1846 p.
803 1805 915 1844 esset,
952 1805 1084 1835 tamen
1119 1797 1194 1835 tuis
1230 1797 1364 1835 litteris
1403 1798 1512 1835 lectis

181 1861 367 1912 liquidius
388 1863 437 1900 de
459 1869 542 1900 toto
564 1875 680 1900 sensu
702 1870 770 1899 tuo
796 1861 976 1900 iudicavi.
1038 1863 1169 1911 Quam
1191 1862 1243 1900 ob
1265 1875 1355 1908 rem,
1380 1875 1513 1912 quam-

145 1939 159 1970 ,-
181 1940 299 1977 quam
327 1926 365 1964 in
394 1941 473 1965 uno
500 1926 648 1977 proelio
670 1927 798 1965 omnis
820 1928 974 1965 fortuna
995 1927 1047 1966 rei
1069 1941 1104 1977 p.
1128 1927 1367 1977 disceptatur
1387 1928 1511 1977 (quod

181 1991 356 2042 quidem,
391 2005 480 2030 cum
510 1993 606 2030 haec
634 1993 790 2041 legeres,
821 1991 897 2030 iam
927 1993 1129 2031 decretum
1160 1992 1374 2031 arbitrabar
1401 1993 1509 2042 fore),

181 2066 313 2095 tamen
331 2057 414 2106 ipsa
435 2058 546 2103 sama,
567 2069 667 2106 quae
688 2058 737 2095 de
760 2064 824 2094 tua
845 2058 1046 2096 voluntate
1063 2057 1312 2108 percrebruit,
1329 2071 1511 2108 magnam

182 2136 222 2160 es
262 2122 417 2160 laudem
459 2129 703 2160 consecutus.
765 2123 905 2172 Itaque
943 2122 973 2160 si
1012 2124 1216 2161 consulem
1257 2123 1410 2161 Romae
1449 2124 1511 2161 ha>

182 2187 414 2233 buissemus‚
449 2188 688 2225 declaratum
724 2195 824 2225 esset
858 2188 908 2225 ab
943 2196 1080 2226 senatu
1121 2202 1210 2226 cum
1250 2187 1326 2225 tuis
1361 2188 1511 2237 magnis

126 2287 132 2295 ,
183 2251 398 2291 honoribus
438 2250 564 2301 quam
590 2260 719 2302 gratus
759 2260 859 2291 esset
891 2260 1055 2291 conatus
1094 2261 1131 2291 et
1165 2260 1374 2303 apparatus
1408 2261 1507 2291 tuus.

198 2395 200 2398 y
230 2366 268 2395 14
292 2355 445 2396 equitum
473 2365 511 2387 111
540 2356 642 2388 millia
672 2355 862 2398 lVesenhm‘g
884 2356 950 2389 coll.
980 2367 1026 2388 11.
1053 2367 1072 2387 2
1209 2358 1246 2387 16
1272 2357 1459 2396 opposierit
1472 2357 1514 2387 M

185 2399 325 2431 Miiller:
349 2400 548 2439 opposuerit
565 2399 638 2430 HD
777 2410 817 2439 25
842 2401 1048 2440 disceptatur
1072 2398 1365 2440 lVese71be1g‹[E711.
1386 2401 1508 2439 81-4N:

184 2443 349 2483 disceptat
365 2443 452 2475 codd.
474 2443 597 2474 Msc'ller
