1791 2796
136 167 223 204 XV.
248 167 323 203 xiii
655 167 710 205 M.
743 167 912 210 TVLLI
945 167 1253 206 CICERONIS

267 278 469 329 petitionis
490 279 652 329 quidem
674 286 765 317 tuae
786 279 884 317 ratio
914 279 1010 317 mihi
1032 292 1186 330 semper
1206 279 1277 318 suit
1298 281 1508 331 explorata,
1531 282 1601 320 sed

267 354 399 384 tamen
416 358 558 384 navare
572 358 732 396 operam
748 346 929 384 volebam
945 360 954 394 3
979 346 1018 383 in
1035 347 1241 384 consulatu
1258 359 1349 385 vero
1363 345 1481 396 cupio
1497 347 1602 397 equi-

266 412 359 450 dem
380 419 418 450 te
439 410 569 449 minus
590 412 736 450 habere
758 411 901 461 negoti,
926 412 996 450 sed
1024 413 1188 450 moleste
1209 412 1290 450 fero
1312 425 1375 450 me
1395 414 1600 451 consulem

266 484 379 514 tuum
403 476 578 515 studium
609 476 874 515 adulescentis·
906 476 1159 526 perspexisse,
1192 484 1230 515 te
1261 490 1404 523 meum,
1438 490 1528 515 cum
1559 477 1599 516 id

223 550 247 578 2
266 541 404 580 aetatis
425 541 508 589 sim,
533 541 753 592 perspicere
783 555 864 580 non
890 553 1016 592 posse.
1078 543 1156 580 Sed
1182 541 1234 580 ita
1258 543 1338 581 fato
1363 542 1498 582 nescio
1519 556 1599 593 quo
1620 554 1637 586 5

265 607 477 658 contigisse
506 607 671 646 arbitror
701 616 744 645 ut
774 607 845 646 tibi
875 608 926 646 ad
957 621 1020 646 me
1049 608 1272 646 ornandum
1302 621 1456 658 semper
1485 610 1600 648 detur

264 675 438 720 facultas,
481 673 577 711 mihi
621 674 672 712 ad
714 674 1047 711 remunerandum
1087 672 1184 711 nihil
1226 681 1409 724 suppetat
1447 682 1599 724 praeter

264 741 518 777 voluntatem.
581 738 740 777 Ornasti
769 740 1030 786 consulatum,
1059 739 1205 777 ornasti
1234 739 1405 778 reditum
1436 753 1597 788 meum3

263 804 401 843 incidit
423 817 555 843 meum
577 812 734 854 tempus
761 817 890 842 rerum
918 805 1178 854 gerendarum
1208 804 1247 842 in
1269 805 1398 855 ipsum
1419 807 1597 844 consula-

261 878 345 908 tum
367 878 489 908 tuum.
551 871 692 920 Itaque
709 883 799 908 curn
822 878 859 908 et
876 877 943 907 tua
963 882 1117 907 summa
1133 869 1354 920 amplitudo
1368 878 1406 909 et
1426 870 1595 920 dignitas
1617 885 1656 908 10

261 943 299 974 et
340 949 450 974 meus
490 948 655 986 magnus
695 936 823 973 honos
864 948 1084 985 magnaque
1124 934 1358 973 existimatio
1397 937 1595 986 postulare

261 1000 438 1040 videatur
468 1009 510 1039 ut
539 1014 562 1039 a
593 1009 629 1039 te
664 1000 841 1051 plurimis
871 1000 999 1039 verbis
1038 1002 1279 1039 contendam
1310 1014 1356 1039 ac
1391 1009 1519 1052 petam
1552 1010 1594 1040 ut

261 1080 379 1118 quam
401 1066 844 1106 honorificentissimum
866 1075 1025 1106 senatus
1041 1068 1266 1105 consultum
1288 1069 1338 1106 de
1359 1068 1456 1106 meis
1476 1068 1593 1107 rebus

259 1132 376 1183 gestis
406 1132 632 1171 faciendum
663 1146 784 1179 cureS,
822 1145 903 1170 non
938 1133 1067 1170 audeo
1097 1133 1350 1171 vehementer
1378 1147 1401 1170 a
1435 1140 1472 1171 te
1501 1146 1594 1171 con-

261 1199 433 1245 tendere,
456 1212 506 1236 ne
532 1206 599 1236 aut
624 1198 707 1248 ipse
734 1207 824 1237 tuae
852 1206 1065 1249 perpetuae
1092 1198 1391 1237 consuetudinis
1417 1212 1507 1249 erga
1528 1213 1591 1239 me
1615 1212 1650 1243 15

217 1277 241 1314 3
260 1264 405 1302 oblitus
435 1277 520 1303 esse
547 1263 681 1302 videar
711 1272 778 1302 aut
812 1272 850 1303 te
881 1263 1047 1303 oblitum
1079 1271 1226 1314 putem.
1288 1264 1378 1313 Qua
1407 1278 1458 1312 re,
1485 1273 1527 1303 ut
1554 1273 1592 1304 te

259 1332 357 1369 velle
383 1329 557 1377 arbitror,
588 1330 641 1368 ita
669 1329 809 1368 faciam
840 1338 959 1380 atque
984 1330 1035 1368 ab
1064 1343 1122 1377 e0‚
1153 1342 1272 1380 quem
1297 1342 1436 1372 omnes
1455 1339 1591 1380 gentes

258 1396 385 1434 sciunt
424 1397 473 1435 de
514 1409 576 1434 me
616 1395 766 1446 optime
805 1395 999 1442 meritum,
1040 1395 1208 1434 breviter
1245 1403 1387 1446 petam.
1449 1395 1488 1434 Si
1526 1396 1590 1434 alii

257 1463 438 1500 consules
460 1470 600 1508 essent,
624 1462 675 1500 ad
702 1469 741 1500 te
768 1461 1030 1512 potissimum,
1057 1463 1202 1509 Paulle,
1236 1461 1430 1500 mitterem
1455 1469 1497 1500 ut
1521 1475 1589 1501 eos

257 1526 353 1565 mihi
384 1540 502 1578 quam
537 1526 797 1566 amicissimos
829 1528 1012 1566 redderes
1029 1542 1038 1575 3
1083 1541 1188 1566 nunc
1218 1541 1309 1566 cum
1339 1536 1406 1566 tua
1435 1540 1589 1566 summa
1611 1543 1650 1565 ει)

255 1600 428 1642 potestas
477 1606 711 1643 summaque
754 1593 965 1631 auctoritas
1011 1601 1184 1644 notaque
1227 1592 1413 1631 omnibus
1456 1601 1590 1631 nostra

255 1658 507 1697 necessitudo
538 1658 597 1705 sit,
630 1650 887 1697 vehementer*
919 1667 957 1697 te
992 1672 1086 1709 rogo
1117 1667 1158 1698 ut
1188 1667 1226 1698 et
1256 1672 1375 1709 quam
1405 1657 1589 1697 honorifi-

254 1723 478 1763 centissime
499 1737 610 1763 cures
632 1725 927 1763 decernendum
945 1726 995 1763 de
1016 1725 1113 1764 meis
1135 1726 1250 1764 rebus
1270 1724 1388 1775 gestis
1409 1732 1446 1763 et
1467 1738 1586 1775 quarn

254 1789 464 1829 celerrime.
537 1789 687 1840 Dignas
727 1803 786 1829 res
826 1804 911 1829 esse
951 1792 1101 1830 honore
1143 1799 1181 1829 et
1223 1790 1481 1841 gratulatione
1525 1803 1586 1828 co-

254 1867 418 1904 gnosces
446 1869 492 1893 ex
519 1855 564 1893 iis
592 1855 738 1903 litteris,
769 1869 867 1905 quas
897 1857 948 1894 ad
978 1864 1015 1894 te
1045 1864 1082 1894 et
1110 1857 1315 1906 conlegam
1343 1863 1380 1894 et
1405 1863 1584 1893 senatum
1607 1868 1644 1900 25

254 1920 410 1970 publice
429 1921 524 1959 misi.
588 1922 860 1972 Omniumque
880 1934 1057 1960 mearum·
1077 1918 1312 1972 reliquarum
1327 1935 1454 1960 rerum
1470 1921 1585 1959 maxi-

254 1998 396 2036 meque
418 1986 716 2025 existimationis
740 2000 851 2026 meae
879 1987 1195 2037 procurationem
1217 1995 1439 2037 susceptam
1467 1986 1583 2024 velim

253 2051 410 2098 habeas,
435 2052 472 2089 in
494 2052 709 2103 primisque
731 2052 800 2091 tibi
825 2066 939 2091 curae
961 2052 1018 2100 sit,
1038 2054 1146 2103 quod
1167 2053 1238 2091 abs
1259 2060 1297 2091 te
1317 2050 1583 2102 superioribus

252 2129 411 2167 quoque
441 2117 576 2156 litteris
608 2117 738 2168 petivi,
763 2132 812 2156 ne
844 2118 938 2156 mihi
969 2126 1124 2169 tempus
1152 2126 1391 2168 prorogetur.
1451 2116 1582 2166 Cupio

251 2190 289 2220 te
319 2184 523 2221 consulem
545 2183 676 2222 videre
705 2183 918 2233 omniaque
948 2197 1049 2233 quae
1079 2196 1193 2234 spero
1217 2196 1308 2221 cum
1332 2183 1475 2221 absens
1496 2189 1579 2220 tum
1601 2193 1643 2224 30

251 2247 367 2286 etiam
391 2261 574 2298 praesens
596 2257 633 2286 tc
654 2250 816 2286 consule
836 2249 1011 2298 adsequi.

296 2364 311 2392 7
338 2354 379 2383 ad
398 2359 431 2383 te
449 2363 576 2384 rcmun.
596 2352 716 2383 Lamb.
823 2362 860 2382 12
885 2352 1038 2391 pluribus
1053 2352 1088 2383 Ν
1107 2351 1295 2393 lVescnberg
1397 2361 1436 2391 19
1461 2351 1579 2382 Paulle

251 2397 302 2428 D:
330 2397 433 2427 Paule
452 2395 562 2426 MHF
