1791 2796
121 171 265 209 XII.x
587 170 641 206 M.
675 169 843 208 TVLLI
876 169 1184 207 CICERONIS

217 295 290 320 nos
333 281 477 319 habere
517 279 801 327 arbitrabimur,
843 279 871 318 si
916 293 986 319 vos
1033 279 1279 319 habebimus.
1351 281 1551 320 Praeclare

217 346 446 393 viceramus,
475 345 548 384 nisi
578 345 799 396 spoliatum,
827 345 1028 393 inermem,
1052 345 1265 396 fugientem
1295 345 1469 397 Lepidus
1498 360 1552 384 re-

217 411 385 462 cepisset
415 410 645 450 Antonium.
711 412 852 461 Itaque
886 424 1104 461 numquam
1140 419 1250 449 tanto
1282 411 1376 451 odio
1405 410 1551 449 civitati

217 476 416 515 Antonius
443 476 513 515 fuit
541 484 691 527 quanto
718 485 776 515 est
808 476 1006 527 Lepidus3
1036 477 1099 515 ille
1124 476 1229 515 enim
1257 491 1303 516 ex
1328 478 1552 515 turbulenta

216 556 256 580 re
277 556 326 592 p.‚
350 541 414 580 hic
440 555 486 580 ex
513 555 610 592 pace
635 549 673 580 et
693 540 854 579 victoria
879 542 1024 580 bellum
1051 541 1242 580 excitavit.
1304 541 1412 580 Huic
1433 555 1553 592 oppo-

216 607 311 646 sitos
335 608 518 646 consules
542 606 768 657 designatos
795 607 999 654 habemus,
1023 606 1060 645 in
1083 606 1227 657 quibus
1248 615 1306 646 est
1328 620 1468 658 magna
1489 607 1553 645 illa

216 672 377 723 quidem
405 686 495 724 spes
522 673 592 711 sed
619 686 764 723 anceps
792 686 884 710 cura
910 680 1068 723 propter
1095 672 1264 711 incertos
1292 672 1416 712 exitus
1446 686 1553 723 proe-

170 738 368 782 4liorum.
434 738 631 777 Persuade
670 737 739 777 tibi
775 737 890 788 igitur
921 737 960 775 in
994 746 1030 776 te
1065 746 1103 776 et
1135 737 1174 776 in
1208 740 1331 776 Bruto
1366 746 1433 776 tuo
1468 752 1552 776 esse

216 804 361 851 omnia,
377 818 446 842 vos
458 803 683 854 exspectari,
702 806 864 841 Brutum
883 803 1045 853 quidem
1064 803 1139 842 iam
1157 803 1326 855 iamque.
1369 804 1491 852 Quod
1507 802 1550 850 si,

217 877 259 907 ut
286 882 411 919 spero,
434 868 545 908 victis
572 868 752 907 hostibus
780 868 921 907 nostris
946 868 1139 916 veneritis,
1163 877 1294 908 tamen
1322 868 1552 908 auctoritate

216 942 343 973 vestra
367 948 426 973 res
452 948 487 985 p.
511 942 689 985 exsurget
713 942 751 973 et
772 934 811 972 in
838 933 971 984 aliquo
997 942 1099 972 statu
1122 933 1313 973 tolerabili
1341 933 1553 981 consistet3

217 1008 308 1038 sunt
335 999 439 1038 enim
469 1001 661 1050 permulta
681 999 825 1049 quibus
853 998 922 1038 erit
950 1000 1206 1046 medendum,
1230 998 1347 1038 etiam
1370 999 1399 1037 si
1428 1013 1487 1038 res
1514 1012 1549 1049 p.

217 1064 309 1104 satis
330 1078 415 1104 esse
435 1063 631 1104 videbitur
650 1064 862 1104 sceleribus
884 1063 1057 1103 hostium
1078 1064 1249 1104 liberata.
1309 1065 1418 1103 Vale.

261 1251 328 1287 XI
432 1254 502 1286 Scr.
524 1256 557 1285 ιἰι
575 1256 689 1286 castris
712 1255 872 1286 Taricheis
889 1254 974 1286 Non.
998 1254 1101 1286 Mart.
1123 1266 1154 1286 a.
1179 1265 1233 1294 711
1252 1254 1332 1295 (45ss

407 1344 444 1375 C.
471 1343 664 1375 CASSIVS
692 1343 889 1375 PROCOS.
916 1344 951 1375 S.
981 1343 1021 1375 D.
1050 1343 1094 1375 M.
1121 1342 1362 1374 CICERONI.
1413 1362 1415 1365 -

273 1434 309 1471 S.
339 1446 372 1470 v.
403 1433 438 1471 b.
469 1447 500 1471 e.
530 1447 561 1471 e.
592 1446 627 1483 q.
655 1446 687 1470 v.
750 1434 798 1471 In
826 1431 974 1482 Syriam
1006 1446 1069 1470 me
1096 1433 1315 1482 profectum
1343 1444 1427 1469 esse
1455 1430 1553 1469 scito

218 1499 268 1536 ad
298 1499 339 1535 L.
366 1499 549 1537 Murcum
578 1506 615 1536 et
641 1499 689 1546 Q.
715 1497 898 1548 Crispum
927 1497 1018 1548 imp.
1079 1497 1161 1535 Viri
1188 1498 1305 1535 fortes
1333 1495 1552 1547 optimique

218 1562 334 1609 cives,
357 1570 493 1613 postea
515 1576 632 1613 quam
661 1562 869 1601 audierunt
890 1576 991 1612 quae
1019 1564 1172 1601 Romae
1192 1570 1426 1612 gererentur,
1450 1575 1553 1599 exer-

219 1627 318 1666 citus
343 1627 437 1666 mihi
461 1627 704 1667 tradiderunt
725 1627 1058 1678 ipsiquemecum
1082 1642 1160 1666 una
1185 1626 1395 1666 fortissimo
1418 1625 1552 1664 animo

220 1707 299 1731 rem
331 1707 365 1743 p.
398 1693 683 1732 administrant.
756 1695 856 1732 Item
893 1693 1087 1744 legionem
1121 1707 1239 1743 quam
1271 1696 1319 1741 Q.
1358 1690 1552 1732 Caecilius
1574 1702 1586 1722 -¹

222 1760 365 1796 Bassus
404 1758 541 1797 habuit
575 1760 625 1797 ad
661 1772 723 1797 me
753 1758 906 1797 venisse
938 1758 1047 1805 seito,
1082 1766 1345 1809 quattuorque
1379 1756 1552 1807 legiones

220 1837 317 1873 quas
347 1825 393 1861 A.
427 1823 604 1862 Allienus
639 1838 684 1862 ex
718 1825 898 1873 Aegypto
932 1822 1066 1862 eduxit
1097 1823 1256 1862 traditas
1289 1823 1340 1861 ab
1375 1836 1422 1860 eo
1458 1820 1551 1859 mihi

221 1902 305 1927 esse
330 1888 438 1927 scito.
500 1891 619 1927 Nunc
649 1897 686 1927 te
707 1888 979 1928 cohortatione
1000 1903 1081 1932 non
1102 1896 1199 1939 puto
1223 1887 1396 1938 indigere
1418 1894 1458 1924 ut
1481 1900 1552 1924 nos

219 1953 392 1992 absentis
420 1967 581 2004 remque
606 1968 654 2004 p.‚
679 1962 869 2004 quantum
898 1961 955 1992 est
983 1953 1020 1991 in
1050 1961 1097 1999 te,
1121 1953 1322 1991 defendas,
1382 1951 1487 1990 Scire
1515 1958 1551 1989 te

219 2020 308 2056 volo
330 2019 438 2056 firma
460 2018 651 2068 praesidia
672 2019 783 2057 vobis
811 2018 1041 2069 senatuique
1069 2032 1148 2057 non
1170 2019 1318 2065 deesse,
1341 2024 1383 2055 ut
1403 2015 1551 2066 optima

219 2097 286 2133 spe
322 2091 359 2121 et
392 2082 562 2121 maximo
596 2083 729 2121 animo
768 2097 848 2122 rem
889 2097 924 2134 p.
957 2084 1156 2122 defendas.
1218 2082 1387 2131 Reliqua
1420 2089 1550 2119 tecum

218 2157 304 2198 aget
327 2149 369 2185 L.
395 2147 583 2194 Carteius‚
608 2147 804 2186 familiaris
832 2162 952 2187 meus.
1008 2150 1116 2186 Vale.
1179 2149 1225 2184 1).
1251 2146 1376 2185 Nonis
1400 2145 1550 2188 Martiis

219 2227 264 2251 ex
286 2212 419 2251 castris
436 2212 647 2251 'l'aricheis.

263 2327 301 2354 2⁴
329 2316 359 2346 in
380 2321 412 2347 te
430 2326 495 2347 om.
519 2315 560 2346 M
669 2325 709 2355 25
735 2325 801 2346 non
822 2316 941 2346 deesse
960 2315 993 2346 D
1011 2320 1080 2347 vett.
1100 2328 1106 2347 :
1131 2316 1229 2346 desse
1248 2314 1309 2345 M:
1333 2314 1453 2345 deesse
1470 2312 1511 2343 II

1575 881 1612 903 10
