1791 2796
167 149 237 186 IX.
256 149 302 186 iii
623 149 680 186 M.
713 149 881 208 TVLLI
914 149 1222 188 CICERONIS

300 292 372 327 III
637 294 706 327 Scr.
736 295 864 326 Romae
884 296 986 337 paulo
1010 300 1085 326 ante
1108 301 1152 336 ep.
1180 307 1209 328 2.

714 379 888 410 CICERO
913 378 1142 411 VARRONI.

224 474 241 501 1
316 462 399 501 Etsi
427 463 523 514 quid
551 462 760 502 scriberem
786 476 866 500 non
894 463 1103 509 habebam,
1127 470 1259 500 tamen
1281 462 1450 502 Caninio
1479 465 1529 503 ad
1557 472 1594 504 te

259 527 366 565 eunti
389 541 469 566 non
491 528 600 578 potui
622 527 719 566 nihil
740 528 842 566 dare.
895 527 1003 576 Quid
1020 540 1111 577 ergo
1127 526 1377 577 potissimum
1397 528 1595 567 scribam?

260 593 380 641 Quod
402 594 500 631 velle
522 601 559 632 te
581 602 686 643 puto,
712 592 790 631 cito
811 606 874 631 me
894 593 945 631 ad
966 600 1004 631 te
1032 606 1116 631 esse
1137 600 1345 632 venturum
1361 608 1370 641 ;
1399 593 1469 632 etsi
1491 593 1591 641 vide,
1615 611 1631 641 5

258 671 416 707 quaeso,
441 658 587 697 satisne
617 666 766 697 rectum
796 658 843 696 sit
871 671 943 696 nos
971 659 1047 696 hoc
1078 665 1188 696 tanto
1213 658 1399 697 incendio
1429 658 1594 698 civitatis

259 723 296 761 in
331 723 412 761 istis
448 723 544 762 Iocis
579 736 690 768 esse3
732 723 916 762 dabimus
957 736 1179 762 sermonem
1215 722 1271 769 iis,
1309 723 1376 774 qui
1414 724 1595 763 nesciunt

258 789 383 835 nobis,
408 782 661 839 quocumque
692 788 731 826 in
759 790 847 827 loco
875 788 1008 835 simus,
1032 789 1204 827 eundem
1235 790 1395 836 cultum,
1423 791 1593 828 eundem

258 854 404 893 victum
422 868 516 893 esse.
574 853 701 903 ‘Quid
720 855 862 892 refert?
893 861 1024 892 tamen
1047 853 1086 891 in
1109 866 1332 892 sermonem
1350 853 1594 893 incidemus!

260 921 386 958 Valde
419 921 469 966 id,
499 920 628 966 cred0‚
659 919 917 957 laborandum
951 927 1009 957 est
1042 932 1101 965 ne,
1125 932 1215 957 cum
1249 932 1386 957 omnes
1419 919 1457 957 in
1486 920 1594 958 omni
1618 936 1655 957 10

259 999 400 1035 genere
430 993 467 1023 et
498 986 687 1023 scelerum
719 992 755 1022 et
787 983 1020 1034 flagitiorum
1049 985 1282 1029 volutentur,
1308 992 1438 1022 nostra
1466 985 1596 1023 nobis-

216 1065 240 1092 2
260 1065 349 1089 cum
377 1058 443 1088 aut
473 1050 571 1088 inter
599 1062 669 1087 nos
697 1049 863 1087 cessatio
884 1049 1131 1099 vituperetur.
1194 1051 1279 1099 Ego
1300 1063 1391 1088 vero
1418 1051 1595 1100 neglecta

261 1117 514 1155 barbarorum
555 1114 707 1153 inscitia
747 1128 983 1164 persequar;
1025 1114 1203 1164 quamvis
1244 1114 1349 1152 enim
1386 1114 1462 1153 sint
1497 1116 1594 1154 haec

260 1182 408 1228 misera,
443 1194 544 1231 quae
574 1188 664 1219 sunt
699 1179 923 1225 miserrima,
957 1187 1089 1218 tamen
1127 1187 1228 1218 artes
1268 1187 1424 1218 nostrae
1458 1180 1593 1219 nescio

258 1261 337 1297 quo
359 1248 481 1285 modo
502 1259 607 1284 nunc
635 1245 833 1284 uberiores
858 1246 1005 1284 fructus
1034 1246 1129 1284 ferre
1151 1244 1334 1284 videntur
1356 1259 1474 1296 quam
1497 1246 1590 1284 olim
1619 1262 1651 1292 ¹5

258 1313 444 1358 ferebant,
468 1311 549 1350 sive
570 1311 661 1362 quia
689 1313 794 1349 nulla
822 1324 926 1350 nunc
950 1311 989 1349 in
1016 1324 1054 1349 re
1081 1310 1157 1349 alia
1184 1310 1487 1366 adquiescimUS,
1512 1311 1592 1350 sive

259 1379 366 1429 quod
406 1377 574 1428 gravitas
615 1376 740 1415 morbi
774 1376 865 1415 facit
900 1384 942 1415 ut
974 1376 1196 1415 medicinae
1234 1390 1428 1427 egeamus
1467 1390 1593 1427 eaque

258 1457 364 1481 nunc
388 1449 582 1493 appareat,
607 1441 717 1480 cuius
738 1442 815 1479 vim
844 1455 923 1480 non
950 1441 1216 1480 sentiebamus
1238 1456 1329 1481 cum
1352 1442 1589 1488 valebamus.

259 1509 337 1547 Sed
376 1507 471 1557 quid
511 1519 583 1556 ego
622 1519 727 1545 nunc
766 1508 863 1545 haec
897 1508 947 1545 ad
987 1514 1034 1553 te,
1073 1507 1183 1545 cuius
1218 1507 1327 1546 domi
1368 1516 1591 1554 nascuntur,

257 1573 389 1628 γλαῦκ’
409 1576 458 1614 εἷς
476 1573 662 1622 Ἀθήνας.)
722 1572 830 1610 Nihil
852 1572 999 1611 scilicet
1021 1573 1093 1611 nisi
1117 1581 1157 1611 ut
1180 1573 1410 1612 rescriberes
1431 1573 1590 1624 aliquid,
1617 1587 1656 1610 ρο

260 1655 322 1680 me
343 1648 596 1691 exspectares.
649 1639 712 1678 Sic
734 1638 846 1689 igitur
868 1639 995 1678 facies,

303 1798 368 1832 IV
430 1799 499 1831 Scr.
521 1801 554 1830 in
579 1800 763 1831 Tusculano
781 1800 863 1830 inlf‘r
877 1801 934 1832 viii
947 1804 975 1831 rt
990 1801 1021 1832 iv
1038 1800 1086 1833 Id.
1104 1801 1179 1833 Iun.
1201 1812 1229 1834 a.
1251 1803 1312 1841 708
1329 1802 1415 1843 (46).

711 1884 886 1916 CICERO
912 1886 1140 1933 VARRONI.
1172 1914 1180 1924 ,

315 1969 407 2018 Περὶ
430 1969 590 2007 δυνατῶν
611 1982 673 2007 me
696 1969 793 2008 scito
818 1972 908 2008 κατὰ
931 1970 1117 2021 Διόδωρον
1139 1972 1279 2020 κρίνειν.
1344 1970 1594 2020 Quapropter

260 2035 289 2073 si
321 2042 505 2072 venturus
527 2046 577 2079 OS,
607 2034 704 2073 scito
730 2048 890 2075 necesse
915 2049 999 2074 esse
1027 2044 1064 2075 te
1086 2035 1241 2083 venire;
1271 2035 1329 2074 siri
1359 2043 1489 2073 autem
1512 2048 1592 2073 non
1615 2049 1652 2081 ²5

262 2114 312 2145 es,
337 2101 513 2138 ἀδύνατον
544 2108 601 2138 est
635 2109 671 2139 te
693 2101 833 2140 venire.
896 2103 1013 2140 Nunc
1035 2102 1125 2140 vide
1153 2110 1236 2140 utra
1267 2109 1304 2139 te
1330 2103 1447 2150 κρίσις
1472 2099 1593 2149 magis

262 2167 440 2208 delectet.
480 2166 686 2216 Chrysippi
727 2180 776 2204 an
817 2167 923 2212 baec,
959 2180 1076 2216 quam
1113 2174 1245 2205 noster
1284 2165 1478 2204 Diodotus
1512 2177 1593 2202 non

263 2231 548 2282 concoquebat.
610 2232 686 2270 Sed
713 2233 761 2269 de
787 2231 845 2269 his
876 2231 991 2270 etiam
1022 2232 1146 2273 rebus,
1171 2230 1283 2269 otiosi
1316 2243 1404 2269 cum
1436 2229 1590 2275 erimus,

312 2348 349 2377 13
374 2348 558 2377 persequar
573 2336 642 2367 HJ)
659 2349 664 2367 :
690 2347 806 2376 -quarc
827 2337 885 2368 M:
906 2347 1003 2376 -quar
1019 2342 1051 2367 tc
1065 2341 1136 2368 vell.
1232 2346 1265 2374 17
1293 2336 1457 2367 medicina
1474 2335 1589 2366 Lamb.

269 2392 306 2419 ¹9
331 2382 381 2412 cui
402 2383 490 2412 domi
509 2382 588 2412 rom'.
611 2380 837 2412 Memlelssolm
972 2382 1013 2411 26
1037 2391 1072 2411 cs
1091 2379 1124 2410 D
1141 2392 1146 2411 :
1171 2386 1221 2410 est
1240 2378 1319 2409 Ml!
1438 2379 1593 2409 ἀδύνατον

267 2426 352 2456 (ml.
374 2438 380 2456 z
404 2425 565 2456 ἀδυνάτων
583 2424 669 2456 codd.
691 2437 697 2456 τ
721 2425 784 2455 τῶν
801 2424 964 2456 ἀδυνάτων
981 2424 1068 2464 vulg.
