1791 2796
567 172 678 210 EPP.
713 171 789 208 AD
822 170 1169 207 FAMILIARES
1488 170 1573 206 XV.
1595 178 1657 207 xx

205 297 295 323 cum
316 282 549 335 processeris
576 281 740 333 longius,
765 283 815 321 de
843 281 993 321 bellicis
1022 282 1148 329 rebus,
1173 281 1222 321 de
1250 288 1334 320 toto
1361 279 1533 331 negotio,

205 359 247 388 ut
269 348 490 388 existimare
517 348 712 399 possimus
742 361 822 398 quo
857 356 959 386 statu
987 347 1118 386 simus.
1180 349 1265 398 Ego
1292 354 1444 385 tantum
1474 359 1536 384 me

205 414 302 454 scire
341 415 491 465 putabo
529 422 721 464 quantum
761 427 807 452 ex
840 413 915 451 tuis
954 412 1088 452 litteris
1123 413 1281 451 habebo
1320 411 1534 462 cognitum.

206 482 311 521 Cura
332 488 374 518 ut
395 481 522 518 valeas
544 492 686 529 meque
707 492 815 517 ames
836 492 969 517 amore
990 478 1056 516 illo
1078 486 1146 516 tuo
1167 476 1360 527 singulari.

167 640 184 672 5
247 625 358 661 XXI
543 626 612 660 Ser.
634 627 853 668 Romaesorl.
871 639 919 658 cx.
942 637 1019 659 ann.
1041 637 1098 666 707
1118 629 1198 667 347.

504 704 548 736 M.
578 704 755 736 CICERO
782 705 815 736 S.
847 705 887 735 D.
913 705 950 735 C.
980 704 1234 736 TREBONIO.

261 785 311 822 Et
336 782 542 834 epistulam
577 790 684 821 tuam
720 781 795 833 legi
822 782 989 821 libenter
1017 790 1054 820 et
1077 782 1220 821 librum
1251 781 1509 821 libentissime
1525 796 1534 830 3
1555 794 1571 821 1

205 850 275 888 sed
297 857 428 888 tamen
451 848 489 886 in
511 862 557 886 ea
578 850 778 899 voluptate
800 849 907 886 hunc
927 847 1062 898 accepi
1088 849 1278 895 dolorem,
1301 849 1420 898 quod,
1444 862 1534 887 cum

207 914 450 953 incendisses
478 913 735 964 cupiditatem
759 927 887 952 meam
910 913 1208 952 consuetudinis
1239 915 1443 964 augendae
1473 928 1538 952 no-

150 999 187 1021 10
208 988 307 1019 strae
331 980 437 1031 (nam
460 981 510 1018 ad
532 993 707 1018 amorem
737 978 899 1030 quidem
923 978 1018 1017 nihil
1042 986 1193 1029 poterat
1214 979 1432 1029 accedere),
1456 987 1538 1018 tum

207 1045 376 1085 discedis
393 1059 415 1083 a
436 1044 551 1084 nobis
569 1059 712 1096 meque
733 1052 844 1084 tanto
860 1044 1057 1084 desiderio
1077 1044 1226 1092 adficis,
1245 1052 1286 1083 ut
1303 1059 1420 1083 unam
1444 1044 1538 1082 mihi

207 1110 520 1150 consolationem
545 1110 752 1161 relinquas,
778 1112 859 1150 fore
880 1118 922 1149 ut
944 1110 1146 1160 utriusque
1167 1118 1343 1149 nostrum
1366 1110 1538 1149 absentis

206 1176 445 1216 desiderium
464 1176 608 1215 crebris
626 1185 663 1215 et
680 1176 805 1227 longis
828 1175 1004 1227 epistulis
1026 1176 1191 1214 leniatur
1206 1191 1215 1223 3
1245 1177 1352 1226 quod
1369 1190 1441 1227 ego
1458 1190 1537 1215 non

208 1243 329 1281 modo
354 1244 404 1281 de
426 1256 489 1280 me
518 1241 587 1280 tibi
617 1243 812 1292 spondere
840 1255 1002 1291 possum
1034 1242 1103 1280 sed
1131 1243 1181 1280 de
1208 1250 1245 1280 te
1273 1241 1390 1280 etiam
1419 1241 1538 1288 mihi:

150 1326 186 1358 15
208 1310 355 1347 nullam
378 1308 482 1346 enim
504 1308 610 1358 apud
637 1321 700 1346 me
725 1307 913 1357 reliquisti
939 1307 1226 1346 dubitationem
1258 1315 1450 1357 quantum
1477 1321 1538 1346 me

207 1387 368 1412 amareS.
430 1375 532 1412 Nam
564 1381 605 1411 ut
637 1372 701 1411 illa
732 1372 911 1411 omittam
943 1375 1056 1423 quae
1079 1372 1234 1411 civitate
1270 1381 1368 1411 teste
1400 1372 1535 1419 fecisti,
1559 1381 1583 1408 2

207 1454 297 1479 cum
328 1451 483 1479 mecum
513 1438 734 1477 inimicitias
765 1438 1117 1486 communicavisti,
1141 1452 1231 1477 cum
1260 1452 1322 1477 me
1350 1438 1540 1477 contioni-

207 1506 280 1544 bus
312 1504 386 1544 tuis
415 1504 638 1551 defendisti,
664 1518 754 1543 cum
781 1512 964 1555 quaestor
992 1504 1029 1542 in
1059 1518 1146 1543 mea
1172 1512 1291 1554 atque
1319 1503 1357 1542 in
1382 1503 1540 1554 publica

207 1586 325 1611 causa
355 1573 561 1611 consulum
586 1570 705 1622 partis
732 1569 949 1621 suscepisti,
973 1583 1061 1608 cum
1091 1570 1248 1608 tribuno
1276 1569 1401 1619 plebis
1426 1583 1540 1619 quae-

149 1655 187 1676 20
206 1646 286 1677 stor
315 1652 395 1677 non
427 1637 597 1689 paruisti,
631 1636 695 1676 cui
731 1644 820 1675 tuus
855 1635 1081 1686 praesertim
1117 1636 1281 1685 conlega
1314 1643 1474 1685 pareret,
1499 1642 1541 1673 ut

206 1705 304 1743 haec
332 1703 503 1743 recentia
533 1718 634 1754 quae
666 1702 884 1741 meminero
912 1715 1067 1752 semper
1099 1700 1315 1747 obliviscar,
1347 1715 1447 1751 quae
1476 1709 1541 1739 tua

206 1769 430 1809 sollicitudo
451 1771 501 1809 de
524 1784 586 1808 me
607 1769 647 1808 in
668 1769 795 1815 armis,
814 1782 915 1819 quae
937 1766 1083 1805 laetitia
1104 1766 1143 1804 in
1165 1765 1303 1813 reditu,
1319 1780 1419 1817 quae
1436 1780 1537 1811 cura,

207 1835 273 1886 qui
304 1837 434 1884 dolor,
458 1850 579 1887 quom
610 1837 660 1875 ad
693 1844 730 1874 te
761 1848 876 1873 curae
907 1842 944 1873 et
975 1833 1131 1871 dolores
1162 1831 1238 1870 mei
1269 1833 1538 1882 perferrentur,

210 1901 462 1941 Brundisium
488 1901 661 1951 denique
693 1909 729 1939 te
757 1902 808 1939 ad
836 1914 899 1939 me
921 1908 1127 1939 venturum
1156 1898 1285 1945 fuisse,
1308 1897 1380 1935 nisi
1409 1896 1540 1935 subito

149 1982 186 2013 25
209 1965 248 2003 in
281 1966 516 2017 Hispaniam
549 1966 688 2005 missus
719 1975 923 2005 esses—ut
959 1967 1056 2004 haec
1088 1964 1201 2015 igitur
1230 1962 1408 2001 omittam
1440 1976 1539 2012 quae

210 2031 305 2069 mihi
326 2032 423 2070 tanti
443 2032 688 2071 aestimanda
715 2040 806 2070 sunt
827 2031 963 2082 quanti
984 2030 1103 2069 vitam
1130 2028 1295 2068 aestimo
1316 2036 1353 2065 et
1374 2028 1538 2065 salutem

208 2110 348 2143 meam,
371 2097 468 2136 liber
489 2097 570 2143 iste,
594 2110 712 2146 quem
735 2095 829 2134 mihi
853 2095 1000 2142 misisti,
1021 2102 1208 2145 quantam
1232 2093 1351 2130 habet
1372 2092 1539 2129 declara-

207 2162 355 2200 tionem
377 2161 519 2200 amoris
542 2161 594 2199 tui
614 2165 619 2198 ἶ
651 2160 819 2211 primum
842 2161 950 2210 quod
974 2159 1043 2198 tibi
1066 2160 1235 2196 facetum
1256 2157 1419 2202 videtur,
1435 2155 1539 2205 quic-

207 2227 302 2278 quid
333 2241 405 2277 ego
435 2227 524 2273 dixi,
549 2227 657 2276 quod
686 2225 770 2264 aliis
801 2227 962 2264 fortasse
994 2237 1073 2262 non
1104 2223 1222 2270 item3
1253 2221 1398 2260 deinde
1429 2220 1536 2270 quod

251 2340 270 2369 5
296 2330 394 2361 Hanc
409 2335 455 2370 cp.
476 2330 631 2370 scriplum
655 2340 718 2359 asse
739 2333 798 2358 ml!
818 2331 950 2358 excunte
967 2338 1057 2357 (τιιιιο
1082 2329 1141 2365 708
1173 2329 1226 2364 46,
1251 2329 1309 2355 att!
1330 2325 1458 2354 incunte
1478 2333 1535 2362 701)

209 2375 262 2413 §45
294 2375 378 2405 dofle
394 2373 570 2414 disputavit
592 2373 773 2412 Slcrnkops
802 2372 918 2408 salu-b.
957 2371 1035 2409 ¹893
1058 2375 1111 2408 pp.
1142 2378 1292 2407 424—432
1324 2379 1330 2402 ς
1360 2367 1449 2407 qnod
1471 2376 1536 2396 non

203 2420 342 2459 praecis:
365 2429 453 2457 tngo.
473 2417 530 2447 scd
547 2418 654 2456 cmgfcr
668 2427 750 2455 quac
773 2416 855 2445 (licta
871 2418 951 2444 sunl
967 2415 1000 2444 ιή
1018 2418 1024 2430 ‘
1041 2412 1173 2444 C‘z'ctt‘o‘s
1192 2410 1482 2453 Corrcspwzclcnse'
1501 2421 1530 2441 v.

208 2472 240 2502 p.
263 2473 322 2492 221
343 2474 389 2502 sq.
499 2472 541 2500 29
564 2461 637 2491 aliis
655 2461 741 2491 Crat.
762 2471 767 2489 ;
793 2459 850 2490 alii
868 2458 958 2489 coclcl.
