1791 2796
134 134 180 171 V.
205 144 266 169 xv
587 134 642 170 M.
675 134 841 170 TVLLI
876 133 1182 171 CICERONIS

185 633 202 659 1

186 1675 209 1712 3

188 2075 213 2112 4

219 259 508 296 consequamur
523 261 532 293 5
562 245 657 296 quid
678 245 783 284 enim
805 253 863 284 est
883 245 1038 296 utrique
1059 252 1236 284 nostrum
1256 243 1415 295 aptius?
1462 245 1552 284 Pro-

219 311 377 363 pediem
401 319 437 350 te
458 310 572 361 igitur
592 310 748 350 videbo.

263 463 374 500 XVI
435 467 504 499 Scr.
521 466 659 507 Romae,
677 471 712 498 ut
728 466 862 506 videtur,
877 477 943 498 τινε.
960 477 1003 498 m.
1022 466 1124 497 ΜανΙ.
1139 477 1169 498 α.
1188 475 1245 506 702
1260 466 1342 507 (52).

610 544 653 576 M.
683 544 859 576 CICERO
885 544 920 575 S.
950 544 990 575 D.
1019 542 1157 574 TITIO.

276 622 360 662 Etsi
386 637 487 662 unus
516 636 563 661 ex
592 622 779 662 omnibus
809 621 971 661 minime
1002 635 1087 660 sum
1118 621 1169 660 ad
1199 628 1236 660 te
1264 621 1553 660 consolandum
1574 630 1590 662 5

220 690 556 736 accommodatus,
581 689 689 739 quod
714 696 868 726 tanturn
892 702 940 727 ex
966 687 1042 726 tuis
1070 685 1260 726 molestiis
1281 685 1367 737 cepi
1394 685 1551 733 doloris,

221 762 264 792 ut
293 753 564 793 consolatione
591 753 674 804 ipse
699 767 863 804 egerem,
888 761 1032 800 tamen,
1055 765 1146 791 curn
1176 750 1330 802 longius
1360 765 1383 790 a
1410 750 1555 789 summi

222 821 349 859 luctus
387 820 598 859 acerbitate
638 833 749 858 meus
794 820 949 858 abesset
987 819 1100 858 dolor
1139 831 1257 868 quam
1297 825 1398 864 tuus,
1439 816 1555 856 statui

222 893 378 925 nostrae
398 885 700 925 necessitudinis
721 898 806 924 esse
832 897 1022 935 meaeque
1043 883 1082 922 in
1100 891 1137 922 te
1154 882 1453 922 benevolentiae
1474 896 1555 921 non

223 959 350 991 tacere
380 959 489 991 tanto
513 952 554 990 in
581 959 650 990 tuo
675 965 848 990 maerore
870 958 949 989 tam
971 950 1050 998 diu,
1073 950 1142 989 sed
1166 948 1355 988 adhibere
1383 948 1555 999 aliquam
1580 963 1617 984 10

223 1017 421 1056 modicam
453 1017 778 1064 consolationem,
802 1030 903 1067 quae
930 1018 1057 1055 levare
1078 1016 1256 1054 dolorem
1278 1021 1389 1052 tuum
1411 1021 1552 1065 posset,

223 1082 254 1121 si
276 1082 405 1121 minus
427 1096 563 1121 sanare
583 1082 786 1133 potuisset.

279 1149 349 1186 Est
387 1155 519 1186 autem
554 1147 773 1186 consolatio
811 1148 1037 1198 pervulgata
1075 1145 1236 1196 quidem
1271 1143 1336 1182 illa
1374 1143 1554 1191 maxime,

225 1227 342 1264 quam
379 1227 533 1264 semper
571 1213 611 1251 in
650 1227 717 1252 ore
755 1221 873 1264 atque
912 1213 952 1251 in
991 1212 1125 1251 animo
1167 1211 1313 1249 habere
1351 1210 1554 1258 debemus,

225 1279 406 1318 homines
442 1293 514 1317 nos
544 1287 586 1317 ut
617 1293 701 1318 esse
732 1278 1027 1318 meminerimus
1059 1293 1105 1318 ea
1135 1281 1219 1331 lege
1251 1288 1376 1327 natos,
1407 1286 1449 1317 ut
1478 1290 1617 1323 oni-15

226 1345 342 1384 nibus
376 1345 463 1384 telis
497 1346 676 1384 fortunae
710 1344 911 1396 proposita
944 1345 993 1383 sit
1024 1345 1103 1384 vita
1133 1353 1276 1392 nostra,
1311 1358 1440 1396 neque
1474 1356 1559 1382 esse

226 1412 488 1450 recusandum
524 1425 604 1461 quo
642 1411 773 1450 minus
812 1425 867 1458 ea,
905 1425 982 1461 qua
1021 1411 1101 1449 nati
1140 1426 1287 1459 sumus,
1324 1409 1559 1451 condicione

227 1475 413 1523 vivamus
443 1490 542 1515 neve
572 1484 651 1515 tam
682 1476 846 1526 graviter
875 1490 943 1515 eos
975 1490 1087 1515 casus
1115 1477 1295 1524 feramus,
1324 1489 1423 1526 quos
1451 1476 1559 1513 nullo

227 1540 392 1580 consilio
422 1541 542 1580 vitare
568 1541 776 1592 possimus,
800 1541 1029 1591 eventisque
1056 1541 1220 1581 aliorum
1246 1541 1435 1581 memoria
1455 1554 1560 1591 repe-

228 1606 357 1645 tendis
387 1606 484 1644 nihil
514 1606 705 1646 accidisse
734 1606 826 1645 novi
857 1606 972 1648 nobis
1003 1607 1230 1657 cogitemus.
1582 1619 1621 1640 20

284 1673 425 1721 Neque
465 1672 538 1710 hae
577 1685 706 1722 neque
745 1679 897 1711 ceterae
935 1671 1237 1719 consolationes,
1276 1686 1376 1724 quae
1415 1679 1505 1710 sunt
1538 1684 1561 1708 a

229 1736 526 1787 sapientissimis
546 1737 636 1776 viris
657 1745 864 1788 usurpatae
890 1737 1182 1788 memoriaeque
1204 1738 1340 1777 litteris
1370 1737 1572 1789 proditae‚'

230 1811 380 1841 tantum
411 1804 593 1842 videntur
617 1804 805 1854 proficere
830 1804 989 1851 debere,
1017 1812 1209 1855 quantum
1235 1812 1357 1843 status
1385 1804 1467 1854 ipse
1496 1817 1561 1841 no-

229 1878 329 1907 strae
367 1868 533 1907 civitatis
572 1876 610 1907 et
644 1870 741 1907 haec
775 1870 1016 1920 perturbatio
1051 1878 1272 1921 temporum
1308 1869 1559 1920 perditorum,

230 1948 319 1973 cum
360 1934 574 1973 beatissimi
614 1934 690 1973 sint
721 1935 788 1985 qui
828 1935 971 1975 liberos
1011 1927 1107 1973 non⁴
1131 1942 1396 1986 susceperunt,
1434 1933 1563 1972 minus
1586 1946 1622 1976 25

231 2008 361 2038 autem
398 1999 526 2038 miseri
558 2000 622 2050 qui
655 2001 714 2039 his
748 2002 990 2052 temporibus
1029 2002 1243 2040 amiserunt
1273 2014 1391 2051 quani
1422 1999 1452 2037 si
1483 2013 1563 2038 eos-

233 2068 323 2105 dem
346 2067 449 2104 bona
478 2074 544 2104 aut
568 2067 740 2118 denique
770 2069 901 2118 aliqua
928 2083 966 2107 re
994 2083 1028 2118 p.
1053 2067 1325 2118 perdidissent.
1388 2066 1507 2114 Quod
1533 2063 1562 2103 si

234 2141 341 2170 tuum
365 2139 402 2169 te
423 2132 662 2171 desiderium
694 2141 837 2180 movet,
860 2142 925 2171 aut
948 2133 976 2171 si
1001 2141 1151 2171 tuarum
1179 2146 1304 2171 rerum
1328 2130 1564 2184 cogita-tione

235 2210 393 2243 macre5‚
421 2211 500 2236 non
530 2198 642 2236 facile
667 2198 856 2237 exhauriri
885 2198 952 2236 tibi
982 2198 1098 2236 istum
1131 2200 1306 2237 dolorem
1339 2210 1454 2246 posse
1484 2195 1565 2233 uni-

235 2277 387 2303 versum
410 2272 530 2315 puto:
560 2264 619 2302 sin
647 2264 710 2302 illa
734 2272 769 2302 te
791 2278 850 2303 res
871 2264 1027 2311 cruciat,
1050 2278 1150 2313 quae
1173 2263 1294 2313 magis
1320 2261 1463 2300 amoris
1493 2269 1560 2307 est,
1587 2271 1626 2300 50

237 2338 278 2367 ut
299 2343 446 2375 eorum,
470 2329 533 2379 qui
558 2329 797 2369 ocrim-runt.
824 2328 994 2367 miserim
1026 2330 1167 2378 lugeas,
1193 2336 1230 2365 ut
1254 2342 1297 2365 ea
1321 2341 1398 2365 non
1421 2325 1561 2367 (licum,

637 2444 674 2464 10
699 2444 850 2463 macrore
869 2433 960 2463 MG:
985 2431 1099 2463 dolore
1121 2432 1151 2461 [ι’
