1791 2796
55 147 165 185 XVI.
186 147 262 183 xxi
574 145 629 182 M.
663 143 831 206 TVLLI
864 142 1172 183 CICERONIS

204 258 296 307 (hoc
330 258 417 296 loco
449 270 511 295 me
542 255 611 295 tibi
641 255 823 306 gratulari
853 255 931 294 noli
965 255 1092 294 mirari
1110 270 1119 303 3
1154 255 1296 295 eodeni
1327 254 1431 294 enim
1462 255 1541 294 fere

204 325 292 362 loco
324 331 364 361 tu
395 336 555 373 quoque
586 321 727 360 emisse
758 329 796 360 te
826 321 949 360 fecisti
982 335 1045 360 me
1075 320 1308 371 certiorem).
1376 320 1542 368 Habes3

204 389 467 439 deponendae
490 387 559 426 tibi
582 395 673 426 sunt
700 386 941 426 urbanitates
962 401 969 426 :
1002 386 1167 425 rusticus
1190 388 1396 424 Romanus
1418 387 1541 424 sactus

144 484 149 492 ‚
205 469 256 501 es,
287 468 367 505 quo
402 454 522 492 modo
553 467 625 503 ego
656 452 751 490 mihi
782 466 887 490 nune
917 459 1009 490 ante
1038 453 1175 490 oculos
1205 459 1316 490 tuum
1346 450 1543 490 iucundis-

205 519 348 558 simum
371 527 629 570 conspectum
655 532 836 569 propono
856 533 862 563 ;
903 517 1038 557 videor
1065 517 1170 556 enim
1192 516 1322 556 videre
1344 523 1541 555 ementem
1561 531 1578 563 5

207 593 242 624 te
273 585 434 624 rusticas
462 599 531 632 res,
555 598 646 623 cum
675 583 790 622 vilico
820 585 1061 634 loquentem,
1089 583 1128 621 in
1155 582 1297 621 lacinia
1323 590 1541 621 servantem

205 666 250 690 ex
283 665 418 690 mensa
445 651 619 689 secunda
647 649 807 689 semina.
869 650 946 689 Sed
969 650 1078 699 quod
1098 650 1149 688 ad
1174 662 1255 687 rem
1277 648 1454 699 pertinet,
1479 662 1541 686 nie

204 725 287 755 tum
310 716 379 755 tibi
401 716 571 755 defuisse
593 730 719 766 aeque
740 729 785 754 ac
813 723 853 754 tu
882 716 1011 754 doleo.
1073 715 1151 753 Sed
1172 713 1252 753 noli
1274 713 1464 761 dubitare,
1489 713 1539 751 mi

203 782 308 830 Tiro,
333 781 427 832 quin
459 789 495 820 te
526 782 798 820 sublevaturus
829 780 913 828 sini,
945 779 974 818 si
1001 781 1123 819 modo
1152 781 1307 818 fortuna
1334 793 1407 826 me,
1437 792 1541 830 prae-

203 848 335 887 sertim
371 862 461 886 eum
494 847 613 886 sciam
653 861 907 886 communem
948 846 1063 885 nobis
1095 853 1271 897 emptum
1305 860 1389 884 esse
1424 844 1540 883 istum
1563 858 1602 882 10

161 919 184 955 8
205 915 382 953 fundum.
446 915 506 951 De
537 911 732 952 mandatis
763 913 871 963 quod
902 911 972 950 tibi
1002 925 1117 950 curae
1147 911 1219 950 fuit
1254 918 1310 949 est
1342 910 1435 948 mihi
1463 924 1542 960 gra-

206 988 316 1027 tumJ
351 980 419 1019 sed
445 987 537 1030 peto
563 993 586 1017 a
614 986 651 1017 te
681 986 723 1016 ut
750 992 868 1029 quam
900 976 1101 1016 celerrime
1132 976 1227 1015 mihi
1255 975 1432 1015 librarius
1459 975 1541 1014 mit-

149 1066 153 1072 ·
206 1054 318 1093 tatur,
343 1045 510 1084 maxime
532 1044 693 1095 quidem
716 1047 889 1083 Graccus
908 1058 913 1085 ;
950 1044 1117 1081 multum
1140 1042 1245 1081 enim
1267 1041 1363 1080 mihi
1384 1041 1543 1092 eripitur

207 1125 349 1163 operae
377 1111 415 1149 in
444 1109 710 1149 exscribendis
736 1108 1064 1160 hypomnematis,
1125 1110 1187 1146 Tu
1209 1107 1326 1146 velim
1348 1107 1386 1145 in
1408 1107 1541 1158 primis

208 1191 318 1215 eures
349 1184 390 1214 ut
417 1178 556 1223 valeam,
580 1183 622 1214 ut
650 1190 729 1214 una
753 1176 1053 1227 συμφιλολογεῖν
1082 1172 1288 1225 possimus.
1348 1175 1541 1212 Anterum
1563 1187 1602 1220 15

209 1243 278 1282 tibi
301 1243 550 1282 commendo.

250 1395 385 1430 XXII
530 1397 600 1429 Ser.
621 1397 768 1428 ‘misturae
787 1397 818 1427 vi
832 1397 875 1428 K.
898 1396 988 1428 Sext.
1011 1408 1040 1427 (ι.
1065 1406 1123 1436 709
1144 1396 1201 1436 [42³
1214 1420 1221 1428 .

590 1475 786 1505 TVLLIVS
811 1474 976 1505 TIRONI
1005 1474 1094 1505 SVO
1121 1475 1156 1504 S.

174 1565 190 1592 1
264 1554 384 1603 Spero
412 1567 457 1591 ex
485 1552 560 1590 tuis
590 1551 726 1591 litteris
757 1551 827 1590 tibi
860 1551 998 1590 melius
1023 1565 1119 1598 esse,
1146 1550 1263 1601 cupio
1291 1558 1404 1589 certe.
1467 1549 1541 1590 Cui

209 1618 371 1669 quidem
393 1618 445 1657 rei
467 1617 576 1656 omni
598 1617 747 1656 ratione
768 1631 860 1656 cura
885 1624 926 1655 ut
954 1616 1138 1655 inservias
1160 1625 1197 1655 et
1219 1630 1313 1655 cave
1334 1615 1542 1667 suspiceris
1564 1632 1603 1654 20

210 1692 346 1722 contra
377 1698 503 1722 meam
535 1685 777 1722 voluntatem
810 1692 847 1721 te
878 1683 1004 1721 facere
1039 1683 1148 1733 quod
1179 1696 1258 1720 non
1290 1681 1340 1720 sis
1372 1695 1539 1721 mecum.

214 1751 374 1788 Mecum
403 1764 454 1797 es,
483 1749 514 1787 si
545 1757 582 1788 te
617 1762 738 1788 curaS.
800 1750 890 1798 Qua
922 1763 961 1787 re
995 1750 1098 1787 malo
1133 1756 1170 1787 te
1205 1747 1418 1787 valetudini
1454 1755 1542 1785 tuae

211 1814 351 1854 servire
372 1828 489 1866 quam
512 1814 609 1854 meis
631 1815 754 1853 oculis
782 1823 819 1853 et
846 1815 1015 1853 auribus.
1077 1814 1159 1853 Etsi
1182 1813 1286 1853 enim
1308 1822 1346 1853 et
1365 1812 1485 1853 audio
1507 1820 1544 1851 te

211 1890 249 1919 et
279 1880 394 1919 video
424 1880 601 1927 libenter,
638 1889 768 1919 tamen
800 1882 875 1919 hoc
908 1882 1032 1919 multo
1062 1880 1143 1928 erit,
1174 1879 1203 1918 si
1230 1878 1387 1926 valebis,
1411 1878 1544 1917 iucun-

211 1946 310 1985 dius.
372 1947 457 1996 Ego
492 1945 554 1985 hic
589 1962 711 1993 cesso,
746 1947 837 1997 quia
870 1946 952 1997 ipse
984 1946 1079 1985 nihil
1119 1945 1258 1992 scribo,
1291 1946 1378 1995 lego
1411 1952 1543 1983 autem
1566 1958 1602 1990 25

213 2011 480 2050 libentissime.
541 2014 602 2050 'l'u
634 2012 719 2051 istic
750 2012 780 2050 si
812 2012 908 2063 quid
938 2011 1081 2051 librarii
1113 2026 1199 2050 mea
1227 2024 1346 2049 manu
1379 2024 1458 2049 non
1491 2008 1545 2047 in-

214 2078 397 2127 tellegent
429 2077 673 2117 monstrabis.
747 2079 840 2118 Una
874 2077 1038 2117 omnino
1079 2075 1322 2127 interpositio
1351 2074 1544 2115 difficilior

215 2151 282 2190 est,
306 2156 424 2193 quam
450 2157 499 2182 ne
528 2143 609 2194 ipse
638 2143 799 2194 quidem
831 2143 942 2182 facile
973 2145 1099 2194 legere
1119 2144 1238 2188 soleo,
1262 2143 1312 2180 de
1337 2140 1544 2191 quadrimo

217 2210 380 2248 Catone.
443 2210 504 2248 De
535 2209 701 2248 triclinio
731 2223 832 2256 cura,
867 2217 907 2247 ut
938 2207 1041 2247 facis.
1101 2207 1234 2246 Tertia
1262 2206 1396 2253 aderit,
1424 2206 1544 2244 modo

262 2324 279 2343 2
301 2313 385 2345 Rem
405 2314 509 2345 habes
526 2313 611 2345 Reid
711 2324 730 2352 3
758 2312 948 2353 Romanus]
965 2321 1147 2351 germanus
1165 2310 1299 2341 Ribln-rk
1400 2319 1420 2348 5
1438 2308 1543 2349 enim]

220 2358 296 2388 mihi
336 2356 524 2397 ltine-nlnugg
619 2359 640 2388 6
665 2358 774 2389 villico
802 2355 909 2387 JIDF
1007 2367 1043 2395 ¹3
1067 2355 1155 2385 enim
1189 2354 1267 2384 mihi
1303 2353 1422 2383 llDF:
1464 2353 1542 2382 mihi

219 2403 307 2431 onim
329 2402 369 2431 ,11
483 2412 516 2439 15
541 2402 706 2432 Anterum
726 2402 783 2431 ll:
808 2400 998 2431 Antherum
1019 2398 1124 2429 MDF
1224 2399 1266 2428 28
1289 2396 1466 2437 quadrimo
1485 2394 1543 2426 M:

218 2448 314 2483 quadi
327 2447 348 2475 ix
361 2447 388 2475 in
407 2446 439 2475 l)
456 2451 484 2476 cl
503 2447 541 2476 ().
565 2446 603 2477 E.
624 2445 793 2476 Sclttllt'dt:
820 2454 884 2484 qua
902 2444 1010 2483 primo
1027 2442 1098 2474 IIF
