1791 2796
140 134 187 170 X.
208 133 283 169 xxi
605 134 660 170 M.
693 134 862 171 TVLLI
895 135 1202 173 CICERONIS

237 244 369 290 simus,
407 258 480 283 suo
517 244 779 296 chirographo
811 244 929 283 mittit
964 245 1059 283 mihi
1090 244 1235 283 litteras
1275 244 1471 296 nimisque
1508 247 1573 286 de-

237 323 396 360 sperans
431 311 481 348 de
511 323 562 356 se,
595 311 645 349 de
675 309 856 356 exercitu,
889 311 940 349 de
970 309 1112 360 Lepidi
1143 311 1221 348 fide
1255 323 1502 361 querensque
1531 324 1573 350 se

238 375 482 423 destitutum,
516 375 554 413 in
585 375 729 426 quibus
763 384 896 426 aperte
925 375 1133 415 denuntiat
1159 374 1314 414 videam
1354 389 1404 414 ne
1438 376 1572 424 fallar3

236 454 348 479 suam
370 441 490 480 fidem
511 443 681 480 solutam
702 455 787 481 esse
807 456 815 488 3
858 441 910 480 rei
933 455 968 492 p.
993 455 1042 480 ne
1063 440 1199 480 desim.
1253 442 1463 491 Exemplar
1488 441 1571 480 eius

236 506 483 557 chirographi
505 506 612 545 Titio
635 507 720 545 misi
737 522 746 555 ;
776 507 859 557 ipsa
873 507 1130 558 chirographa
1151 506 1295 554 onmia,
1312 514 1349 545 et
1369 520 1411 544 ea
1428 506 1571 557 quibus
1590 519 1608 552 5

236 573 398 620 credidi,
429 582 467 613 et
495 588 541 612 ea
570 574 715 624 quibus
747 575 866 613 fidem
898 588 977 613 non
1009 573 1235 613 habendam
1266 573 1410 624 putavi,
1439 575 1571 612 Laevo

237 639 375 690 Cispio
409 640 516 679 dabo
547 641 790 691 perferenda,
828 640 896 691 qui
928 640 1114 679 omnibus
1154 640 1199 677 iis
1239 639 1411 678 interfuit
1443 640 1569 679 rebus.

190 705 417 750 4Accessit
449 720 497 745 eo
536 714 579 745 ut
618 706 761 745 milites
800 706 894 753 eius,
929 720 1020 745 cum
1053 706 1228 756 Lepidus
1267 705 1570 753 contionaretur,

237 771 406 822 improbi
451 785 519 822 per
562 786 613 819 se,
661 772 832 823 corrupti
881 771 999 811 etiam
1047 785 1116 822 per
1156 785 1224 810 eos
1267 770 1334 822 qui
1374 779 1570 822 praesunt,

237 838 428 878 Canidios
469 841 746 890 Rufrenosque
795 847 833 878 et
871 848 1032 886 ceteros,
1074 851 1174 889 quos
1223 851 1314 876 cum
1365 851 1464 888 opus
1503 837 1574 877 erit
1596 851 1633 873 10

237 904 377 951 scietis,
413 907 706 944 conclamarent
736 904 806 943 viri
835 904 929 944 boni
962 918 1100 955 pacem
1130 918 1171 943 se
1202 905 1301 942 velle
1330 917 1459 954 neque
1489 917 1573 943 esse

237 983 327 1008 cum
361 970 449 1009 ullis
480 979 722 1021 pugnaturos
753 971 911 1009 duobus
943 970 1019 1008 iam
1050 969 1279 1008 consulibus
1313 969 1574 1020 singularibus

238 1035 389 1084 occisis,
424 1043 481 1074 tot
514 1036 664 1075 civibus
704 1050 774 1086 pro
813 1035 937 1086 patria
976 1035 1139 1083 amissis
1181 1034 1361 1073 hostibus
1400 1034 1573 1085 denique

239 1101 425 1140 omnibus
447 1102 628 1141 iudicatis
660 1102 854 1153 bonisque
884 1102 1117 1153 publicatis3
1160 1115 1290 1152 neque
1311 1103 1387 1140 hoc
1407 1110 1474 1140 aut
1495 1101 1574 1139 vin-

196 1175 221 1214 5
240 1166 387 1206 dicarat
420 1168 594 1218 Lepidus
627 1176 694 1206 aut
733 1176 896 1207 sanarat.
958 1170 1050 1207 Hoc
1083 1181 1145 1206 me
1177 1166 1308 1206 venire
1339 1174 1377 1205 et
1416 1167 1573 1206 duobus
1596 1183 1632 1215 15

239 1233 473 1272 exercitibus
494 1233 716 1272 coniunctis
731 1234 887 1273 obicere
900 1233 1112 1273 exercitum
1135 1232 1418 1280 fidelissimum,
1433 1232 1574 1285 auxilia

240 1297 419 1345 maxima,
454 1298 650 1350 principes
690 1299 851 1347 Galliae,
894 1299 1135 1350 provinciam
1175 1306 1358 1337 cunctam
1397 1312 1574 1337 summae

239 1363 462 1403 dementiae
483 1372 521 1403 et
545 1364 773 1404 temeritatis
801 1378 886 1403 esse
913 1365 1003 1412 vidi,
1028 1364 1213 1415 mihique,
1237 1363 1267 1402 si
1294 1363 1345 1402 ita
1366 1358 1574 1414 oppressus

239 1442 365 1467 essem
392 1443 553 1480 remque
583 1430 783 1481 publicam
815 1444 970 1469 mecum
1002 1429 1274 1480 prodidissem,
1308 1437 1463 1467 mortuo
1493 1443 1573 1468 non

241 1495 361 1532 modo
409 1495 600 1534 honorem
653 1496 723 1534 sed
772 1495 1079 1533 misericordiam
1127 1508 1287 1544 quoque
1335 1495 1571 1533 defuturum.
1595 1510 1636 1533 20

241 1560 381 1609 Itaque
403 1560 595 1599 rediturus
620 1574 707 1598 sum
735 1574 808 1599 nec
838 1568 946 1598 tanta
973 1573 1134 1598 munera
1158 1558 1319 1610 perditis
1347 1559 1574 1598 hominibus

192 1624 219 1661 6
240 1623 323 1662 dari
345 1638 460 1675 posse
488 1625 625 1664 sinam.
686 1627 742 1665 Ut
768 1625 979 1665 exercitum
1007 1624 1103 1664 locis
1131 1625 1299 1663 habeam
1330 1625 1572 1675 opportunis,

239 1689 480 1739 provinciam
507 1698 625 1738 tuear,
649 1690 766 1729 etiam
792 1691 823 1730 si
844 1690 907 1730 ille
932 1690 1122 1730 exercitus
1148 1690 1339 1737 descierit,
1362 1690 1574 1741 omniaque

239 1753 387 1805 integra
414 1770 563 1795 servem
596 1756 702 1795 dabo
730 1770 900 1807 operam,
925 1757 1055 1807 quoad
1084 1755 1273 1795 exercitus
1303 1757 1379 1794 1106
1400 1756 1574 1794 summit-

239 1820 327 1858 tatis
359 1821 520 1871 parique
553 1821 735 1860 felicitate
770 1835 850 1860 rem
886 1836 921 1872 p.
963 1821 1026 1860 hic
1057 1821 1274 1861 vindicetis.
1335 1823 1420 1860 Nec
1454 1822 1574 1872 depu—
1594 1837 1632 1869 25

238 1899 367 1935 gnare,
392 1886 423 1924 si
444 1887 600 1925 occasio
627 1887 767 1935 tulerit,
795 1901 869 1926 nec
900 1887 1083 1934 obsideri,
1109 1887 1141 1925 si
1165 1900 1326 1926 necesse
1353 1886 1476 1934 fuerit,
1500 1901 1573 1925 nec

239 1950 348 1998 mori,
379 1951 409 1988 si
441 1965 553 1990 casus
584 1940 774 1999 inciderit,
805 1967 876 2003 pro
905 1952 1017 1991 vobis
1052 1952 1220 2003 paratior
1249 1952 1319 1990 fuit
1351 1951 1571 2002 quisquam.

240 2017 331 2064 Qua
362 2029 401 2054 re
437 2017 569 2055 hortor
603 2026 651 2065 te,
685 2018 737 2056 mi
772 2018 924 2065 Cicero,
958 2018 1169 2057 exercitum
1205 2019 1281 2056 hoc
1315 2017 1572 2056 traiciendum

241 2093 358 2130 quam
390 2081 559 2131 primum
589 2096 700 2121 cures
732 2092 769 2122 et
798 2092 978 2131 matures,
1005 2083 1109 2134 prius
1140 2096 1258 2133 quam
1289 2084 1421 2121 hostes
1453 2081 1573 2133 magis

289 2194 298 2214 1
329 2185 494 2224 nimisque
521 2185 616 2216 IID:
656 2186 799 2226 miisque
833 2187 892 2216 M:
933 2187 1031 2218 nimis
1063 2197 1161 2226 quam
1192 2185 1420 2217 Mendclssohn
1445 2182 1577 2216 'Mt'c'ller

240 2239 259 2267 5
285 2234 318 2259 et
335 2239 376 2260 ea
393 2227 532 2260 Lamb.:
559 2235 591 2260 ct
608 2229 695 2260 codd.
804 2241 814 2260 1
827 2241 837 2260 1
866 2231 1115 2261 conclamarent
1138 2229 1342 2270 ll'csenbcrg:
1370 2233 1442 2259 -unt
1459 2228 1546 2260 codd.
1566 2240 1572 2259 :

240 2273 302 2303 -int
320 2273 408 2313 vulg.
504 2283 540 2303 12
565 2273 793 2313 singularibus
811 2274 885 2304 MD
899 2274 1171 2314 (suprascriptum
1183 2275 1215 2304 in
1230 2273 1276 2311 D>
1293 2284 1298 2302 :
1324 2283 1388 2303 om.
1406 2272 1445 2302 H
1536 2282 1572 2311 ¹5

240 2317 302 2347 1106
322 2316 417 2348 MH:
449 2317 514 2348 huc
539 2318 592 2355 (ex
608 2318 685 2353 hec)
703 2316 738 2347 D
871 2329 911 2348 ρο
936 2317 1124 2347 defuturum
1148 2317 1188 2347 M
1204 2316 1332 2357 Mullcr,
1353 2317 1389 2356 cf
1410 2327 1438 2346 v,
1460 2326 1510 2346 21.
1531 2326 1571 2355 5;

239 2372 269 2391 x.
292 2371 342 2401 25.
368 2371 379 2392 1
400 2373 406 2392 z
431 2372 496 2393 -am
519 2360 592 2392 HD
614 2360 800 2401 l‘Vescubcrg
931 2371 971 2391 22
1000 2361 1045 2392 Ut
1068 2360 1161 2391 llD:
1185 2372 1250 2391 om.
1272 2360 1312 2390 M
1441 2369 1481 2398 24
1507 2360 1571 2390 1106

241 2405 366 2435 MllD¹
386 2418 392 2436 :
417 2406 480 2437 huc
497 2405 548 2435 Β2
681 2406 722 2435 28
747 2406 810 2435 1106
829 2404 926 2435 ΜΙΙ;
951 2405 1014 2435 huc
1032 2404 1066 2434 D
