1791 2796
127 159 221 197 XII.
242 169 335 194 xxv
643 155 698 192 M.
732 155 900 207 TVLLI
934 154 1242 193 CICERONIS

277 275 314 306 te
336 282 362 304 s.
387 281 417 304 c.
443 265 716 305 honorificum.
776 265 1051 304 Postulabatur
1078 272 1119 302 ut
1147 264 1265 303 etiam
1287 263 1338 302 illi
1361 272 1611 312 notarentur3

233 346 257 373 2
278 333 346 370 sed
373 334 496 369 l’ansa
526 330 766 369 clementior.
829 332 924 381 Ego,
948 330 1001 368 mi
1024 329 1221 377 Cornifiei,
1245 344 1325 380 quo
1352 329 1416 369 die
1441 329 1609 380 primurn

276 397 315 435 in
337 411 447 447 spem
469 396 657 435 libertatis
680 395 874 446 ingressus
896 409 981 433 sum
1004 403 1041 434 et
1062 395 1340 434 cunctantibus
1362 395 1498 434 ceteris
1519 409 1550 433 a.
1570 396 1606 434 d.

276 475 353 500 xm
393 464 440 500 K.
476 463 558 500 Ian.
592 462 849 500 fundamenta
884 460 954 499 ieci
991 460 1043 499 rei
1079 474 1128 511 p.‚
1161 474 1209 499 eo
1243 460 1328 511 ipso
1359 460 1424 500 die
1459 459 1609 511 providi

276 529 443 566 multum
473 535 591 578 atque
623 526 741 565 habui
774 526 964 565 rationem
997 525 1196 575 dignitatis
1226 534 1343 574 tuae3
1379 525 1474 564 mibi
1504 525 1609 564 enim
1630 535 1647 566 5

275 602 332 632 est
366 594 557 632 adsensus
592 600 750 631 senatus
781 593 830 631 de
861 591 1087 630 obtinendis
1123 590 1341 641 provinciis.
1403 592 1489 630 Nec
1518 605 1610 630 vero

274 667 411 709 postea
436 658 567 698 destiti
593 658 827 696 labefactare
857 671 946 695 eum
979 657 1043 707 qui
1076 670 1230 695 summa
1260 671 1349 695 cum
1380 664 1446 695 tua
1472 655 1610 694 iniuria

275 724 595 774 contumeliaque
620 723 671 761 rei
698 738 732 773 p.
758 722 998 772 provinciam
1029 723 1172 761 absens
1202 722 1418 763 obtinebat.
1469 723 1609 772 Itaque

274 791 428 829 crebras
449 791 509 828 vel
537 788 667 840 potius
689 788 908 827 cotidianas
934 787 1257 837 compellationes
1287 802 1392 827 meas
1420 801 1500 826 non
1522 786 1609 825 tulit

274 870 395 906 seque
410 855 455 904 jn
481 855 618 893 urbem
650 853 795 904 recepit
826 853 969 891 invitus
1000 867 1129 903 neque
1157 855 1282 892 solum
1310 868 1378 904 spe
1408 854 1477 892 sed
1505 860 1609 891 certa
1630 866 1671 889 10

275 935 314 960 re
339 921 416 959 iam
444 928 482 959 et
507 919 755 970 possessione
781 919 1011 958 deturbatus
1042 927 1100 957 est
1131 932 1219 957 meo
1250 918 1463 957 iustissimo
1491 919 1609 956 hone-

276 986 527 1037 stissimoque
566 984 756 1023 convicio.
831 986 889 1023 Te
929 992 1036 1023 tuam
1076 983 1307 1034 dignitatem
1351 998 1506 1022 summa
1543 991 1610 1021 tua

275 1053 416 1091 virtute
456 1051 626 1090 tenuisse
662 1049 966 1101 provinciaeque
1001 1049 1217 1089 honoribus
1255 1048 1506 1101 amplissimis
1544 1049 1609 1088 ad-

276 1119 421 1157 fectum
444 1118 697 1155 vehementer
718 1117 882 1166 gaudeo.

230 1192 254 1229 3
332 1183 452 1231 Quod
469 1190 506 1221 te
524 1181 619 1220 mibi
637 1182 687 1220 de
705 1180 939 1232 Sempronio
954 1194 1104 1231 purgas,
1121 1180 1273 1231 accipio
1289 1179 1581 1219 excusationem
1600 1194 1609 1228 3
1630 1193 1666 1225 15

276 1248 345 1286 fuit
385 1247 489 1287 enim
521 1247 615 1286 illud
647 1248 850 1297 quoddam
881 1260 1042 1285 caecum
1074 1254 1228 1297 tempus
1259 1246 1462 1285 servitutis.
1524 1248 1609 1296 Ego

275 1322 431 1352 tuorum
454 1313 707 1352 consiliorum
738 1320 874 1350 auctor
902 1311 1181 1362 dignitatisque
1211 1314 1338 1350 fautor
1367 1311 1485 1362 iratus
1516 1319 1610 1350 tem<

275 1379 434 1430 poribus
463 1379 501 1417 in
533 1378 739 1417 Graeciam
771 1379 977 1428 desperata
1006 1377 1183 1416 libertate
1213 1377 1401 1428 rapiebar,
1433 1391 1522 1416 cum
1545 1391 1608 1416 me

272 1445 416 1484 etesiae
456 1444 566 1495 quasi
612 1443 706 1482 boni
748 1443 851 1481 cives
893 1443 1179 1493 relinquentem
1221 1457 1302 1482 rem
1347 1457 1382 1494 p.
1423 1442 1606 1494 prosequi

273 1512 483 1549 noluerunt
511 1518 720 1560 austerque
750 1510 935 1548 adversus
967 1508 1138 1547 maximo
1163 1510 1255 1547 flatu
1284 1523 1346 1547 me
1376 1510 1426 1548 ad
1456 1508 1607 1547 tribulis
1628 1526 1669 1548 20

274 1584 361 1614 tuos
395 1575 564 1626 Regium
597 1574 753 1622 rettulit,
785 1582 904 1625 atque
937 1573 1029 1613 inde
1060 1573 1184 1613 ventis
1219 1574 1334 1613 remis
1368 1574 1407 1612 in
1442 1574 1606 1625 patriam

273 1640 381 1680 omni
417 1640 666 1680 festinatione
706 1639 908 1691 properavi
949 1639 1215 1690 postridieque
1254 1639 1294 1677 in
1333 1653 1488 1678 summa
1526 1640 1607 1679 reli-

225 1714 250 1752 4
273 1720 439 1756 quorum
480 1706 664 1745 servitute
698 1706 794 1744 liber
827 1719 929 1743 unus
969 1705 1033 1743 fui.
1093 1704 1157 1743 Sic
1196 1718 1282 1744 sum
1315 1705 1354 1744 in
1388 1705 1605 1744 Antonium

270 1771 447 1810 invectus
481 1780 522 1810 ut
555 1772 618 1810 ille
653 1785 733 1810 non
776 1772 888 1810 ferret
928 1784 1168 1821 omnemque
1207 1784 1321 1810 suum
1359 1769 1606 1810 vinulentum

270 1837 437 1876 furorem
469 1837 507 1875 in
540 1851 601 1876 me
633 1851 755 1876 unum
789 1838 1007 1876 effunderet
1037 1849 1179 1887 meque
1209 1844 1291 1875 tum
1323 1836 1462 1875 elicere
1491 1838 1607 1876 vellet
1628 1853 1666 1885 25

268 1903 318 1940 ad
367 1902 498 1941 caedis
542 1917 699 1941 causam
748 1910 829 1941 tum
873 1909 1080 1954 temptaret
1123 1901 1284 1941 insidiis.
1363 1904 1494 1950 Quem
1534 1916 1607 1953 ego

270 1975 486 2006 ructantem
526 1977 562 2006 et
606 1978 860 2008 nauseantem
909 1968 1058 2007 conieci
1101 1968 1138 2006 in
1183 1967 1360 2007 Caesaris
1400 1967 1605 2007 Octaviani

269 2034 411 2082 plagas.
476 2036 574 2072 l‘uer
615 2035 718 2072 enim
762 2035 936 2085 egregius
977 2034 1214 2084 praesidium
1247 2033 1319 2071 sibi
1360 2032 1528 2083 primum
1568 2041 1606 2071 et

271 2097 396 2143 nobis,
420 2098 564 2137 deinde
595 2114 772 2138 summae
793 2100 844 2138 rei
878 2114 912 2150 p.
943 2099 1191 2150 comparavit.
1253 2098 1331 2148 Qui
1357 2098 1428 2137 nisi
1458 2098 1602 2145 fuisset,

271 2163 421 2202 Antoni
458 2164 604 2202 reditus
644 2179 665 2203 a
705 2164 915 2204 Brundisio
954 2165 1072 2215 pestis
1107 2164 1252 2216 patriae
1286 2164 1447 2203 suisset.-
1491 2166 1604 2212 Quae
1624 2176 1666 2208 3ο

322 2269 357 2298 16
382 2278 515 2299 caecum
537 2267 627 2300 HD:
654 2279 810 2306 graecum
829 2269 884 2299 M:
912 2274 1054 2300 taetrum
1076 2269 1196 2300 Orclli:
1216 2268 1382 2309 glossema
1395 2273 1496 2308 temp.
1514 2279 1599 2299 serv.

275 2311 394 2341 Graeca
422 2312 513 2342 mrim
534 2311 660 2341 δούλων
680 2310 763 2351 ἧμιψ
796 2311 897 2342 llmn.
923 2313 985 2343 ()d.
1009 2312 1086 2343 xvii.
1109 2323 1172 2351 323
1212 2313 1371 2354 rurpult'ssc
1387 2315 1484 2353 putul
1513 2312 1607 2342 Cobet

278 2364 311 2393 17
337 2356 582 2393 dignitatisque
602 2355 636 2385 D
658 2354 864 2396 ll'wcnbctgz
894 2357 1033 2396 -tatique
1052 2356 1132 2387 ΜΗ
1150 2356 1238 2397 vulg.
1340 2366 1381 2386 22
1405 2355 1494 2387 omni
1513 2355 1603 2386 sesti-

273 2399 408 2430 nationc
425 2398 484 2430 dcl.
508 2398 673 2430 Ruhnken
