1791 2796
172 548 188 578 5

156 877 194 898 10

162 1682 200 1704 20

571 158 683 195 EPP.
716 158 793 194 AD
826 156 1173 194 FAMILIARES
1478 157 1524 192 X.
1545 152 1685 190 xxxiii

208 279 247 311 et
266 272 364 310 duas
386 284 466 309 non
486 268 700 320 frequentis
728 268 899 307 tironum
928 267 1112 318 legiones,
1136 281 1233 318 quas
1253 266 1538 317 conscripserat

207 336 417 381 Antonius,
441 336 585 374 habere
605 334 734 373 audio.
796 335 937 384 Neque
964 341 1095 372 tamen
1116 333 1257 371 dubito
1283 332 1379 382 quin
1399 345 1538 371 omnes

209 402 275 452 qui
297 400 491 452 supersint
511 402 562 439 de
584 399 689 437 Hirti
716 399 886 438 exercitu
913 400 1115 437 confluant
1140 400 1191 436 ad
1211 411 1313 437 eum.
1374 399 1476 436 Nam
1498 397 1537 434 in

209 468 357 506 dilectu
379 480 458 505 non
482 467 649 504 multum
672 465 754 516 spei
776 472 873 515 puto
893 478 988 510 esse,
1013 464 1239 514 praesertim
1260 477 1351 502 cum
1372 463 1469 500 nihil
1491 463 1539 500 sit

209 532 466 584 periculosius
493 545 612 582 quam
641 531 809 581 spatium
838 530 1099 568 confirmandi
1127 543 1212 568 sese
1236 528 1413 567 Antonio
1442 528 1536 566 dari.

210 598 317 637 Anni
338 605 469 637 autem
491 605 646 647 tempus
668 596 886 635 libertatem
909 596 1096 634 maiorem
1118 595 1213 633 mihi
1234 596 1312 641 dat,
1335 601 1541 645 propterea

210 664 303 715 quia
332 665 527 702 frumenta
555 671 622 700 aut
650 662 688 700 in
716 662 815 711 agris
839 670 905 699 aut
930 661 969 699 in
994 661 1093 698 villis
1124 668 1225 699 sunt.
1287 662 1427 710 Itaque
1456 673 1541 709 pro—

210 729 324 768 ximis
344 728 479 767 litteris
500 728 707 767 consilium
730 741 861 766 meum
883 726 1135 777 expedietur3
1164 739 1256 764 nam
1277 738 1406 775 neque
1426 726 1541 763 desse

212 809 342 845 neque
373 807 576 844 superesse
607 794 660 831 rei
693 807 727 843 p.
758 794 857 831 volo.
920 792 1093 830 Maxime
1125 799 1257 829 tamen
1289 791 1406 829 doleo
1439 791 1542 828 adeo

213 869 250 899 et
285 862 404 910 longo
438 868 476 897 et
510 859 652 897 infesto
686 857 823 896 itinere
856 858 907 895 ad
940 870 1002 895 me
1036 856 1169 903 veniri,
1206 864 1248 894 ut
1282 855 1345 894 die
1380 856 1543 905 quadra-

212 925 362 982 gesimo
406 933 495 975 post
541 932 608 962 aut
655 924 753 962 ultra
797 922 913 961 etiam
954 935 1072 972 quam
1117 923 1218 960 facta
1272 929 1362 960 sunt
1409 919 1543 959 onmia

213 989 451 1029 nuntientur.
471 988 472 991 ’

251 1172 448 1208 XXXIV
498 1174 567 1207 Str.
584 1175 618 1206 in
635 1174 747 1205 castris
763 1173 809 1204 ad
822 1173 961 1204 Pontem
974 1173 1006 1203 A
1013 1177 1182 1213 ›genlemn
1197 1173 1263 1204 circ.
1283 1183 1328 1204 xv
1343 1172 1387 1205 K.
1405 1171 1480 1204 Iun.

779 1241 810 1260 a·
834 1239 887 1268 711
909 1230 990 1269 (45)-

301 1318 494 1350 LEPIDVS
522 1317 612 1349 IMP.
641 1317 759 1348 ITER.
789 1317 921 1347 PONT.
952 1316 1062 1347 MAX.
1091 1316 1125 1347 S.
1157 1317 1193 1347 D.
1223 1317 1265 1347 M.
1295 1316 1466 1347 TVLLIO

763 1377 1002 1409 CICERONI.

272 1469 307 1507 S.
331 1482 363 1506 v.
387 1468 424 1506 b.
447 1481 478 1506 e.
503 1481 534 1506 e.
557 1481 589 1505 v.
649 1468 751 1506 Cum
781 1466 979 1505 audissem
1012 1467 1066 1504 M.
1096 1466 1316 1504 Antonium
1347 1480 1437 1505 curn
1468 1467 1546 1505 suis
1566 1484 1583 1511 1

217 1534 340 1584 copiis
374 1533 589 1584 praemisso
620 1534 664 1571 L.
686 1532 864 1570 Antonio
898 1546 988 1570 cum
1023 1539 1131 1582 parte
1164 1532 1361 1582 equitatus
1392 1532 1431 1570 in
1464 1546 1548 1582 pro-

218 1599 387 1637 vinciam
427 1612 557 1637 meam
590 1597 731 1644 venire,
766 1611 856 1635 cum
895 1597 1067 1635 exercitu
1106 1610 1195 1635 meo
1232 1598 1283 1635 ab
1322 1599 1548 1636 confluente

221 1664 408 1703 Rhodani
429 1671 554 1703 castra
581 1662 685 1701 movi
709 1677 755 1702 ac
782 1670 919 1701 contra
945 1675 1012 1701 eos
1032 1662 1164 1701 venire
1185 1662 1346 1701 institui.
1408 1665 1548 1713 Itaque

220 1729 418 1768 continuis
444 1728 647 1767 itineribus
677 1729 727 1766 ad
756 1730 900 1766 Forum
921 1728 1077 1765 Voconi
1106 1727 1194 1765 veni
1224 1735 1262 1766 et
1292 1729 1391 1766 ultra
1424 1736 1549 1766 castra

221 1795 270 1833 ad
298 1795 445 1848 flumen
475 1795 717 1843 Argenteum
747 1800 883 1831 contra
912 1790 1109 1830 Antonios
1130 1791 1213 1830 feci.
1274 1794 1315 1831 P.
1339 1792 1548 1831 Ventidius

222 1873 311 1898 suas
349 1858 522 1908 legiones
561 1858 628 1896 tris
666 1857 869 1896 coniunxit
907 1871 997 1895 cum
1033 1870 1081 1895 eo
1119 1864 1156 1895 et
1191 1858 1289 1896 ultra
1328 1872 1390 1897 me
1425 1866 1548 1896 castra

222 1924 363 1975 posuit.
426 1923 614 1961 Habebat
645 1930 761 1961 antea
791 1922 986 1972 legionem
1014 1934 1038 1959 V
1062 1929 1100 1960 et
1130 1936 1176 1960 ex
1205 1923 1362 1973 reliquis
1392 1923 1549 1973 legioni-

187 1990 298 2039 sbus
338 2001 519 2038 magnam
559 1986 851 2026 multitudinem
891 1988 961 2026 sed
999 1987 1250 2030 inermorum.
1318 1988 1549 2038 Equitatum

225 2055 343 2092 habet
368 2067 579 2103 magnum3
609 2066 699 2091 nam
724 2053 852 2091 omnis
877 2067 923 2091 cx
949 2052 1097 2103 proelio
1122 2054 1270 2104 integer
1297 2053 1474 2092 discessit
1499 2054 1551 2092 ita

226 2128 266 2157 ut
288 2119 363 2156 sint
385 2118 552 2169 amplius
573 2118 749 2168 equitum
772 2117 878 2156 milia
905 2118 1090 2168 quinque.
1148 2119 1213 2157 Ad
1238 2132 1300 2157 me
1328 2120 1550 2169 complures

226 2184 367 2223 milites
395 2192 432 2222 et
459 2183 610 2233 equites
636 2185 686 2221 ab
713 2196 761 2221 eo
785 2183 1018 2222 transierunt
1039 2191 1076 2221 et
1104 2183 1143 2221 in
1170 2183 1254 2222 dies
1275 2184 1447 2233 singulos
1468 2184 1551 2223 eius

274 2299 312 2328 19
336 2289 377 2319 ab
402 2290 596 2319 confluente
623 2288 796 2329 Rhodani]
825 2288 881 2328 (sc.
909 2299 984 2319 cnm
1008 2287 1187 2329 Drumma)
1211 2292 1281 2319 vett.
1310 2289 1400 2327 (teste
1427 2287 1551 2319 lsVesen-

227 2332 316 2373 bmg)
335 2344 341 2363 :
365 2333 405 2362 ab
423 2333 615 2362 confluente
639 2332 681 2362 ab
697 2333 777 2372 (om.
794 2333 836 2362 ab
853 2332 901 2372 D>
922 2333 1073 2362 rhodano
1091 2331 1182 2363 MD:
1207 2333 1360 2362 rhodano
1384 2333 1426 2362 ab
1451 2333 1548 2363 confl.

228 2376 286 2406 H:
309 2377 351 2406 ab
368 2377 560 2406 confluente
576 2375 675 2406 Arari
693 2381 725 2406 et
744 2376 910 2406 Rhodano
926 2374 1066 2405 Hz'ilmer
1162 2385 1202 2404 22
1226 2375 1442 2406 Antonianos
1459 2376 1549 2416 vulg.

231 2430 269 2458 27
297 2419 383 2450 milia
399 2420 546 2459 quinque
564 2418 721 2460 Madvtjg:
748 2418 792 2450 M.
812 2419 923 2458 itaque
940 2417 1031 2450 HD:
1058 2419 1168 2457 itaque
1187 2418 1225 2448 M
