1791 2796
125 146 194 183 VI.
220 145 295 182 xvi
622 145 677 182 M.
710 145 878 182 TVLLI
910 144 1219 183 CICERONIS

248 257 364 295 nullis
404 257 475 307 ipsi
515 257 652 296 officiis
690 257 888 307 prosecuti
927 265 1027 296 sunt.
1089 259 1229 308 Itaque
1267 263 1476 296 contentus
1515 270 1581 295 ero

247 331 380 361 nostra
401 322 573 373 ipsorum
595 322 766 361 amicitia
787 337 794 367 ;
837 322 947 361 cuius
971 322 1114 361 fiducia
1144 330 1236 373 peto
1265 336 1288 361 a
1311 330 1362 370 te,
1383 330 1425 361 ut
1445 322 1581 361 absen-

247 396 325 426 tem
362 402 437 435 me.
476 388 794 438 quibuscumque
834 388 873 426 in
908 389 1023 427 rebus
1063 402 1162 438 opus
1201 388 1324 435 fuerit,
1367 396 1509 435 tueare,
1549 389 1580 427 si

246 455 397 491 nullum
433 453 604 492 officium
635 461 747 492 tuum
777 454 884 504 apud
915 467 977 492 me
1008 453 1339 492 intermoriturum
1369 453 1577 493 existimas.

246 521 355 558 Vale.
1600 534 1616 565 5

288 648 423 684 XVII
538 651 608 684 Ser.
629 652 663 683 in
680 651 778 683 Latio
796 651 878 684 med.
900 663 944 683 m.
964 651 1049 694 Apr.
1071 663 1100 684 a.
1123 663 1180 693 710
1198 651 1287 694 (44).

689 735 864 767 CICERO
893 734 1165 767 BITHYNICO.

207 833 225 861 1
298 819 402 858 Cum
434 826 649 858 ceterarum
679 832 806 857 rerum
838 832 955 857 causa
985 818 1103 869 cupio
1137 831 1222 857 esse
1250 817 1466 869 aliquando
1495 831 1576 857 rem

243 897 279 935 p.
316 884 569 923 constitutam
605 894 689 923 turn
719 884 836 923 velim
867 884 963 922 mihi
992 885 1128 923 credas
1157 885 1358 931 accedere,
1388 883 1427 923 id
1458 883 1575 922 etiam

243 962 323 999 quo
344 950 466 1000 magis
486 957 680 1000 expetam,
702 949 938 1000 promissum
967 957 1092 996 tuum,
1113 961 1193 999 quo
1214 949 1253 986 in
1274 947 1409 987 litteris
1431 948 1548 987 uteris
1566 964 1575 997 ;
1600 970 1637 992 10

161 1057 165 1063 ,
199 1026 223 1053 2
242 1015 378 1053 scribis
399 1015 514 1062 enim,
539 1015 569 1053 si
590 1015 643 1054 ita
663 1015 725 1063 sit,
739 1023 776 1054 te
798 1028 954 1053 mecum
975 1028 1060 1053 esse
1080 1014 1285 1053 victurum.
1345 1014 1575 1053 Gratissima

242 1080 337 1118 mihi
365 1089 431 1118 tua
458 1082 638 1119 voluntas
668 1088 726 1119 est
756 1080 930 1130 facisque
960 1079 1056 1118 nihil
1083 1079 1256 1118 alienum
1283 1079 1575 1119 necessitudine

240 1154 373 1184 nostra
398 1145 632 1196 iudiciisque
662 1145 780 1196 patris
810 1145 866 1183 tui
896 1146 946 1184 de
976 1159 1052 1193 me,
1073 1145 1217 1183 summi
1246 1144 1326 1184 viri.
1386 1146 1490 1183 Nam
1520 1144 1574 1183 sic

240 1211 400 1259 habeto,
440 1211 723 1250 beneficiorum
771 1210 1043 1260 magnitudine
1090 1223 1172 1258 605,
1215 1209 1283 1260 qui
1330 1209 1574 1260 temporibus

240 1278 444 1316 valuerunt
476 1285 518 1315 ut
552 1277 720 1324 valeant,
750 1275 1042 1314 coniunctiores
1072 1283 1203 1314 tecum
1233 1288 1318 1314 esse
1347 1288 1466 1325 quam
1497 1288 1573 1323 me,
1596 1297 1633 1328 15

239 1341 530 1381 necessitudine
561 1341 772 1380 neminem.
833 1342 965 1390 Quam
995 1342 1047 1379 ob
1077 1354 1158 1379 rem
1187 1348 1295 1391 grata
1323 1340 1422 1378 mihi
1449 1348 1506 1378 est
1536 1348 1573 1378 et

239 1407 429 1446 memoria
455 1415 522 1446 tua
548 1414 704 1445 nostrae
731 1406 1024 1445 coniunctionis
1053 1414 1091 1444 et
1116 1405 1198 1444 eius
1226 1405 1344 1445 etiarn
1369 1406 1572 1456 augendae

239 1474 430 1511 voluntas.

281 1601 442 1637 XVIII
567 1603 636 1637 Scr.
657 1603 789 1636 Romae
803 1615 847 1635 ex.
870 1615 913 1655 nr.
934 1603 1008 1635 Ian.
1029 1614 1058 1635 α.
1080 1614 1138 1645 709
1159 1604 1239 1644 (42³.

685 1682 860 1714 CICERO
887 1681 1076 1712 LEPTAE.
1590 1690 1629 1712 20

200 1781 216 1808 1
290 1767 414 1807 Simul
435 1775 553 1817 atque
574 1765 709 1817 accepi
729 1779 751 1804 a
776 1767 942 1804 Seleuco
963 1773 1031 1804 tuo
1052 1765 1208 1813 litteras,
1241 1765 1372 1804 statim
1393 1764 1568 1816 quaesivi

235 1847 255 1872 e
279 1834 404 1872 Balbo
431 1846 500 1883 per
527 1831 730 1871 codicillos
757 1831 854 1882 quid
884 1839 985 1870 esset
1015 1830 1055 1868 in
1084 1833 1178 1882 lege.
1242 1830 1457 1881 Rescripsit
1487 1843 1564 1877 eos,

233 1899 301 1949 qui
328 1900 499 1936 facerent
529 1896 795 1947 praeconium,
821 1896 940 1935 vetari
971 1910 1065 1939 esse>
1086 1897 1125 1935 in
1149 1895 1430 1936 decurionibus
1449 1910 1458 1942 ;
1500 1895 1567 1946 qui

233 1963 428 2010 fecissent,
450 1976 530 2001 non
552 1962 681 2000 vetari.
745 1963 835 2011 Qua
856 1976 894 2001 re
912 1963 1020 2001 bono
1041 1962 1175 2001 animo
1196 1962 1273 2000 sint
1295 1969 1332 2000 et
1354 1961 1409 1999 tui
1430 1968 1467 2000 et
1490 1960 1566 1999 mei

232 2027 465 2073 familiares;
513 2041 643 2077 neque
689 2027 793 2066 enim
834 2035 914 2066 erat
960 2028 1175 2073 ferendum,
1217 2040 1307 2065 curn
1347 2026 1413 2076 qui
1447 2025 1565 2064 hodie
1587 2043 1625 2076 ²5

231 2093 521 2142 haruspicinam
561 2094 732 2131 facerent
768 2093 805 2130 in
837 2100 1016 2130 senatum
1050 2094 1202 2131 Rornae
1232 2093 1460 2142 legerentur,
1497 2104 1565 2130 eos

231 2158 296 2208 qui
318 2157 532 2207 aliquando
554 2157 806 2207 praeconium
828 2156 1010 2196 fecissent
1028 2156 1065 2194 in
1089 2156 1312 2206 municipiis
1332 2155 1565 2201 decuriones

230 2237 314 2262 csse
337 2237 415 2261 non
440 2223 564 2262 licere.

273 2338 294 2366 9
322 2326 511 2367 Wesenberg
543 2326 742 2366 immpungr's
773 2325 934 2355 accedere
952 2325 1062 2361 etiam,
1098 2325 1128 2354 id
1157 2334 1225 2363 quo
1258 2323 1377 2362 magis,
1413 2333 1467 2353 nec
1497 2333 1563 2353 non

229 2370 353 2401 Scln‘c't:
370 2371 427 2410 qui
450 2374 558 2399 tamen
586 2370 683 2400 ctiam
710 2369 820 2399 delevit
957 2378 993 2406 15
1020 2374 1053 2398 ut
1077 2367 1210 2398 valcant
1234 2367 1321 2397 codd.
1343 2378 1348 2396 z
1375 2372 1431 2397 aut
1451 2367 1562 2398 valent

229 2418 300 2445 vett.
321 2426 327 2444 z
352 2419 409 2444 aut
427 2413 602 2444 valuerunt
620 2418 677 2443 aut
695 2413 808 2443 valent
831 2411 1038 2452 Wesenbmg:
1063 2422 1127 2442 om.
1150 2410 1283 2441 Ernesti
