1791 2796
578 161 690 199 EPP.
722 161 800 199 AD
832 161 1179 199 FAMILIARES
1460 161 1579 199 XIII.
1598 159 1691 198 xlvi

257 290 405 329 XLVI
524 296 593 329 δαν.
615 296 744 328 Romae
760 296 828 328 eod.
837 297 908 337 sere
923 307 1012 328 anno
1028 308 1093 338 quo
1109 303 1155 339 ep.
1174 296 1242 329 xlv.

631 373 806 405 CICERO
831 374 1064 406 APPVLEIO
1090 375 1124 406 S.

270 453 311 490 L.
336 451 500 490 Nostius
527 451 659 491 Zoilus
686 459 744 491 est
771 453 934 491 coheres
959 465 1080 499 meus,
1105 453 1216 491 heres
1237 458 1368 491 autem
1391 451 1545 502 patroni

215 516 283 554 sui.
346 519 403 555 Ea
433 531 472 556 re
502 525 712 568 utrumque
742 516 887 568 scripsi,
911 525 954 556 ut
984 525 1022 557 et
1049 517 1145 556 mihi
1173 531 1263 556 cum
1292 517 1358 556 illo
1386 531 1544 556 causam

177 597 194 629 5
214 580 408 621 amicitiae
439 582 555 621 scires
586 596 670 622 esse
700 590 738 621 et
767 582 970 622 hominem
1000 583 1170 634 probum
1200 582 1450 630 existimares,
1478 582 1544 634 qui

215 647 369 698 patroni
402 647 548 687 iudicio
583 655 742 687 ornatus
777 656 889 687 esset.
961 650 1063 688 Eum
1100 648 1169 687 tibi
1204 647 1318 699 igitur
1352 648 1407 686 sic
1442 661 1546 687 com-

216 714 363 752 mendo
385 721 427 751 ut
448 727 569 752 unum
597 728 644 752 ex
671 721 804 753 nostra
824 715 956 754 domo.
1016 715 1144 754 Valde
1165 713 1261 752 mihi
1288 721 1439 764 gratum
1461 712 1543 760 erit,

216 777 246 816 si
272 777 416 816 curaris
438 785 481 816 ut
508 777 707 830 intellegat
731 780 833 818 hanc
861 779 1251 819 commendationem
1280 778 1353 818 sibi
1377 780 1483 830 apud
1508 786 1546 818 te

216 856 359 894 magno
379 843 611 884 adiumento
632 844 760 884 fuisse.

156 1002 196 1026 10
258 992 431 1028 XLVII
470 981 567 1037 Ser„
588 1000 624 1028 ut
640 996 776 1035 videtur,
794 1008 842 1029 cx.
861 1008 903 1029 m.
927 997 1050 1028 Martio
1066 1008 1097 1029 α.
1121 1006 1174 1038 705
1194 997 1274 1039 (χι).

686 1075 858 1106 CICERO
885 1075 1010 1107 SILIO
1036 1076 1071 1106 S.

269 1151 378 1201 Quid
408 1166 481 1203 ego
511 1152 580 1191 tibi
612 1154 891 1192 commendem
923 1167 1024 1200 eum,
1058 1167 1175 1203 quem
1208 1161 1248 1192 tu
1280 1152 1361 1204 ipse
1391 1152 1549 1203 diligis?

214 1219 293 1257 Sed
324 1225 467 1265 tamen,
499 1226 542 1256 ut
577 1218 694 1257 scires
733 1233 822 1257 eum
858 1233 880 1257 a
911 1232 972 1257 me
1005 1232 1085 1258 non
1117 1218 1225 1269 diligi
1256 1220 1382 1257 solum
1413 1232 1547 1257 verum

214 1282 332 1321 etiam
362 1283 493 1331 amari,
518 1283 570 1322 ob
595 1297 681 1323 eam
712 1298 793 1323 rem
822 1284 892 1323 tibi
921 1285 1018 1323 haec
1043 1283 1183 1322 scribo.
1244 1283 1435 1322 Omnium
1466 1290 1550 1322 tuo-

158 1365 193 1397 15
215 1362 299 1387 rum
321 1348 550 1397 officiorum,
574 1362 675 1400 quae
703 1357 741 1388 et
769 1351 892 1388 multa
916 1357 953 1388 et
981 1362 1123 1400 magna
1143 1356 1244 1396 sunt,
1268 1349 1363 1387 mihi
1383 1348 1549 1399 gratissi-

215 1429 322 1453 mum
345 1413 470 1463 fuerit,
493 1415 524 1453 si
552 1415 605 1454 ita
631 1415 804 1454 tractaris
827 1414 1049 1465 Egnatium,
1074 1422 1117 1453 ut
1137 1414 1279 1454 sentiat
1306 1423 1343 1453 et
1367 1429 1408 1453 se
1435 1429 1458 1453 a
1485 1429 1548 1454 me

214 1488 252 1519 et
277 1495 339 1519 me
366 1495 389 1519 a
415 1488 452 1520 te
480 1481 610 1520 amari.
675 1483 768 1520 Hoc
796 1488 833 1520 te
854 1482 1109 1520 vehementer
1136 1480 1254 1519 etiam
1283 1487 1401 1530 atque
1429 1479 1547 1519 etiam

214 1560 318 1597 rogo.
380 1548 452 1585 Illa
482 1554 616 1586 nostra
646 1547 794 1586 scilicet
826 1547 1064 1586 ceciderunt.
1126 1548 1296 1586 Utamur
1326 1546 1440 1597 igitur
1469 1547 1549 1584 vul-

213 1611 292 1661 gari
313 1612 608 1652 consolatione:
642 1612 784 1663 ‘Quid,
801 1612 830 1651 si
852 1614 928 1651 hoc
946 1612 1085 1651 melius
1099 1614 1135 1651 ?'
1189 1613 1266 1651 Sed
1284 1613 1381 1651 haec
1402 1625 1544 1650 coram.

157 1690 196 1712 20
214 1678 276 1715 Tu
298 1678 369 1725 fac,
392 1679 501 1729 quod
523 1678 627 1726 facis,
653 1686 694 1717 ut
710 1693 779 1718 me
800 1692 907 1718 ames
929 1686 1047 1729 teque
1067 1677 1188 1717 amari
1208 1692 1231 1716 a
1252 1691 1315 1717 me
1336 1677 1444 1717 scias.

257 1818 454 1854 XLVIII
573 1822 641 1854 ΞΝ.
663 1821 800 1861 Romae,
819 1826 855 1853 ut
866 1821 1000 1861 vidctzzr,
1017 1826 1182 1853 autumno

754 1888 833 1907 amn
854 1887 912 1917 707
927 1879 1008 1916 [47¹.

352 1954 526 1986 CICERO
553 1956 589 1985 C.
616 1955 835 1986 SEXTILIO
864 1955 987 1985 RVFO
1014 1954 1283 1994 QVAESTORI
1311 1956 1346 1986 5.
1374 1955 1412 1985 D.

269 2033 410 2072 Omnis
439 2032 508 2071 tibi
537 2034 776 2072 commendo
801 2033 978 2084 Cyprios,
1003 2034 1072 2072 sed
1101 2031 1222 2083 magis
1251 2032 1422 2083 Paphios
1448 2032 1546 2083 (qui-

155 2111 194 2142 25
215 2098 288 2137 bus
323 2106 363 2136 tu
399 2112 673 2148 quaecumque
709 2098 974 2154 commodaris
1014 2106 1127 2136 erunt
1168 2097 1262 2136 mihi
1297 2097 1542 2147 gratissima),

214 2178 341 2215 eoque
368 2163 467 2202 facio
489 2163 675 2202 libentius
697 2172 738 2202 ut
760 2178 827 2202 eos
849 2163 918 2202 tibi
941 2165 1233 2211 commendem,
1258 2165 1366 2214 quod
1392 2171 1430 2203 et
1456 2171 1544 2203 tuae

213 2229 330 2277 laudi,
352 2229 462 2268 cuius
484 2243 565 2280 ego-
578 2230 704 2268 fautor
725 2243 823 2276 sum,
843 2231 1067 2268 conducere
1088 2229 1262 2275 arbitror,
1283 2243 1373 2268 cum
1395 2229 1543 2280 primus

212 2294 251 2333 in
291 2309 377 2334 eam
417 2294 584 2332 insulam
625 2302 807 2344 quaestor
841 2294 1003 2341 veneris,
1045 2308 1090 2333 ea
1129 2302 1167 2332 te
1206 2294 1406 2333 instituere
1441 2308 1542 2344 quae

222 2409 302 2473 Uul
321 2399 406 2430 Fort.
434 2408 526 2430 S1L10
551 2408 678 2429 PROPR.
707 2398 744 2438 cf
764 2400 873 2437 61-65
1007 2399 1049 2428 26
1072 2397 1121 2438 et]
1146 2408 1212 2428 om.
1232 2397 1373 2429 Lamb.:
1407 2399 1439 2429 id
1457 2399 1536 2429 coni.

214 2454 225 2473 A
255 2444 334 2474 ulcr
