1791 2796
135 157 181 195 X.
202 157 341 193 xxviii
653 156 709 193 M.
743 155 911 210 TVLLI
943 153 1251 193 CICERONIS

287 274 423 316 postea
445 274 601 316 tempus
623 267 745 304 ullum
768 265 956 304 intermisi
979 265 1029 303 de
1051 277 1090 303 re
1110 278 1146 316 p.
1170 277 1251 303 non
1272 263 1470 315 cogitandi
1493 265 1620 304 solum

288 332 356 369 scd
378 330 495 369 etiam
516 331 670 381 agendi.

342 396 463 445 Quod
485 396 557 435 nisi
584 411 643 436 res
669 398 838 436 urbanas
863 404 1030 447 actaque
1054 395 1188 435 omnia
1211 397 1261 434 ad
1286 403 1324 435 te
1348 396 1505 447 perferri
1524 396 1623 435 arbi-

287 470 414 508 trarer,
445 462 528 512 ipse
559 462 851 512 perscriberem,
881 475 1122 512 quamquam
1158 475 1264 501 eram
1297 462 1475 500 maximis
1505 476 1622 501 occu-

286 527 513 578 pationibus
544 528 768 579 impeditus.
837 529 915 567 Sed
946 528 1011 566 illa
1039 541 1255 578 cognosces
1285 541 1331 567 ex
1360 527 1444 566 aliis
1460 543 1469 576 3
1507 542 1529 566 a
1560 542 1623 568 me
1643 544 1660 575 5

286 606 422 643 pauca,
453 602 491 632 et
521 607 566 632 ea
596 594 834 633 summatim.
896 594 1106 632 Habemus
1135 594 1275 632 fortem
1307 601 1497 640 senatum,
1528 607 1622 632 con-

286 659 422 697 sularis
458 660 597 710 partim
639 660 809 707 timidos,
845 659 985 710 partim
1027 661 1128 698 male
1166 659 1395 707 sentientisg
1435 673 1621 710 magnum

285 726 478 763 damnum
500 726 647 763 facturn
669 734 727 764 est
748 727 787 763 in
809 725 943 765 Servio
958 740 968 773 ,-
1003 726 1044 763 L.
1066 726 1211 764 Caesar
1231 725 1380 775 optime
1401 725 1518 764 sentit
1539 726 1621 774 sed,

286 791 394 840 quod
415 792 634 829 avunculus
654 799 722 839 est,
740 804 820 829 non
840 791 1047 830 acerrimas
1064 789 1159 829 dicit
1179 790 1392 829 sententias
1406 805 1416 839 3
1441 792 1623 830 consules

286 855 439 905 egregii,
463 857 684 906 praeclarus
718 858 763 894 Ι).
789 858 942 903 Brutus,
966 856 1142 906 egregius
1166 870 1262 906 puer
1290 856 1444 903 Caesar,
1468 857 1518 895 de
1543 870 1623 907 quo

286 934 400 971 spero
431 920 616 971 equidem
648 921 820 972 reliqua3
860 923 935 960 boc
965 935 1056 960 vero
1086 930 1234 960 certum
1265 922 1422 969 habeto,
1455 921 1529 960 nisi
1559 922 1623 962 ille

286 995 492 1025 veteranos
520 986 695 1026 celeriter
722 987 1017 1037 conscripsisset
1044 986 1297 1036 legionesque
1324 988 1426 1026 duae
1446 988 1497 1026 de
1521 1001 1625 1026 exer—

287 1051 366 1089 citu
398 1051 548 1089 Antoni
579 1053 629 1090 ad
659 1052 742 1090 eius
777 1066 818 1090 se
848 1051 1119 1090 auctoritatem
1150 1051 1410 1090 contulissent
1443 1060 1561 1103 atque
1591 1053 1624 1091 is

286 1116 493 1167 oppositus
517 1125 619 1156 esset
640 1125 760 1155 terror
777 1117 964 1164 Antonio,
982 1116 1079 1154 nihil
1101 1117 1321 1155 Antonium
1342 1117 1507 1165 sceleris,
1525 1118 1623 1157 nihil

287 1182 528 1221 crudelitatis
550 1182 846 1233 praeteriturum
870 1182 998 1221 fuisse.
1056 1183 1169 1221 Haec
1191 1182 1271 1229 tibi,
1291 1182 1361 1221 etsi
1383 1183 1517 1222 audita
1538 1198 1623 1224 esse

285 1246 511 1293 arbitrabar,
531 1247 635 1285 volui
660 1256 789 1286 tamen
814 1246 966 1285 notiora
991 1260 1086 1286 esse.
1151 1248 1263 1285 l'lura
1284 1247 1463 1295 scribam,
1483 1248 1512 1287 si
1534 1251 1623 1299 plus

285 1313 337 1352 oti
362 1307 548 1352 habuero.

330 1505 486 1541 XXIX
562 1507 629 1540 Scr.
649 1508 779 1539 Roman
791 1509 878 1549 prid.
897 1508 985 1540 Non.
1007 1509 1122 1549 Quint.
1142 1521 1171 1541 a.
1193 1520 1246 1550 711
1266 1510 1346 1551 (45N.

755 1596 931 1628 ClCERO
955 1597 1095 1628 APPIO
1122 1597 1158 1629 S.

343 1690 404 1727 De
425 1702 515 1727 meo
537 1688 670 1728 studio
691 1702 779 1739 erga
799 1691 964 1728 salutem
986 1698 1024 1728 et
1042 1689 1353 1729 incolumitatem
1377 1697 1483 1729 tuam
1505 1691 1624 1730 credo

286 1760 319 1792 te
349 1768 542 1804 cognosse
572 1769 619 1794 ex
649 1753 785 1795 litteris
814 1764 970 1795 tuorum
986 1772 995 1805 3
1034 1756 1180 1807 quibus
1216 1770 1280 1795 me
1314 1756 1624 1795 cumulatissime

286 1819 379 1858 satis
412 1820 550 1859 fecisse
586 1830 693 1860 certo
727 1821 820 1869 scio,
852 1836 925 1862 nec
957 1822 1002 1861 iis
1032 1823 1225 1870 concedo,
1259 1835 1500 1872 quamquam
1533 1829 1624 1860 sunt

288 1886 470 1935 singulari
500 1886 538 1923 in
562 1895 598 1925 te
621 1886 906 1934 benevolentia,
927 1896 971 1926 ut
998 1897 1035 1927 te
1054 1890 1211 1937 salvum
1238 1887 1375 1926 malint
1397 1900 1515 1937 quam
1539 1901 1621 1937 ego.

290 1951 349 1988 Illi
380 1950 475 1989 mihi
505 1964 667 1990 necesse
694 1959 752 1990 est
777 1954 999 1991 concedant
1026 1962 1068 1992 ut
1093 1953 1161 1992 tibi
1189 1955 1276 2004 plus
1302 1966 1420 2004 quam
1448 1952 1520 2003 ipsi
1549 1954 1624 1990 hoc

288 2025 466 2066 ternpore
494 2018 682 2066 prodesse
709 2017 856 2067 possim
872 2032 881 2064 ;
911 2019 1019 2067 quod
1046 2018 1208 2069 quidem
1238 2032 1310 2057 nec
1338 2017 1470 2056 destiti
1497 2019 1624 2057 facere

288 2095 361 2120 nec
389 2081 576 2120 desistam
607 2091 645 2120 et
674 2082 748 2120 iam
781 2081 819 2119 in
848 2083 1015 2122 maxima
1042 2099 1081 2123 re
1109 2084 1181 2123 feci
1207 2093 1244 2123 et
1267 2085 1525 2123 fundamenta
1552 2083 1624 2122 ieci

288 2147 423 2186 salutis
445 2155 545 2186 tuae.
605 2149 667 2186 Tu
690 2149 750 2186 fac
770 2149 879 2188 bono
899 2150 1032 2188 animo
1059 2163 1282 2200 magnoque
1310 2149 1361 2187 sis
1391 2163 1533 2199 meque
1554 2149 1624 2188 tibi

289 2213 397 2250 nulla
419 2227 457 2251 re
479 2214 703 2251 defuturum
726 2227 811 2253 esse
832 2217 1019 2254 confidas.
1080 2216 1208 2255 Pridie
1231 2217 1334 2255 Non.
1361 2215 1559 2265 Quintilis.

525 2328 563 2350 21
590 2323 623 2349 te
638 2317 691 2349 D:
717 2324 751 2349 ct
767 2319 848 2350 MH
976 2331 1016 2361 27
1042 2321 1100 2351 tibi
1119 2322 1150 2350 in
1171 2320 1260 2352 nulla
1277 2320 1391 2351 Baiter

1646 872 1685 895 10

1646 1705 1684 1727 20

1645 2030 1683 2062 25
