1791 2796
117 160 203 197 XV.
224 159 300 196 xix
622 159 676 195 M.
710 158 877 208 TVLLI
911 157 1218 196 CICERONIS

253 270 432 311 rescribe.
494 271 658 308 Peream
693 268 767 308 nisi
801 267 990 307 sollicitus
1020 281 1107 306 sum
1137 281 1183 307 ac
1211 269 1317 307 malo
1347 276 1517 307 veterem
1549 275 1587 308 et

251 338 489 375 clementem
519 334 729 374 dominum
758 334 903 372 habere
927 347 1047 384 quam
1078 347 1225 372 novum
1246 341 1285 372 et
1306 334 1505 373 crudelem
1527 348 1587 372 ex-

253 401 377 452 periri.
453 400 537 439 Scis
572 402 733 439 Gnaeus
772 413 891 450 quam
931 399 979 437 sit
1019 400 1176 447 fatuusg
1232 399 1308 437 scis
1346 413 1427 450 quo
1466 400 1587 438 modo

251 466 524 505 crudelitatem
546 465 728 504 virtutem
759 472 894 516 putet:
924 464 999 503 scis
1029 478 1148 515 quam
1177 478 1218 503 se
1245 476 1400 515 semper
1425 478 1448 503 a
1472 464 1587 503 nobis

252 531 424 571 derisum
457 539 567 582 putet
584 546 592 578 3
630 544 766 569 vereor
796 544 846 568 ne
880 543 952 568 nos
991 529 1134 568 rustice
1162 529 1294 580 gladio
1324 528 1415 568 velit
1445 532 1588 579 ἀντιμυ-
1607 541 1624 572 5

253 599 435 648 κτηρίσαι.
496 596 605 647 Quid
636 597 713 644 fiat,
744 595 775 634 si
811 609 875 634 me
915 593 1053 646 diligis,
1088 594 1267 634 rescribe.
1342 594 1436 644 Hui,
1466 609 1585 646 quam

252 662 367 702 velim
409 662 507 701 scire
546 669 676 700 utrum
716 660 789 699 ista
828 660 997 700 sollicito
1034 659 1169 699 animo
1202 674 1252 699 an
1292 661 1422 699 soluto
1456 662 1586 711 legas!

252 728 373 767 sciam
395 727 500 767 enim
522 728 665 766 eodem
694 734 871 777 tempore
901 725 997 776 quid
1030 740 1093 764 me
1120 727 1247 764 facere
1274 733 1464 776 oporteat.
1525 727 1587 764 Ne

251 793 404 844 longior
425 792 510 840 sim,
532 794 642 840 vale;
670 806 744 839 me,
777 799 819 830 ut
841 791 946 839 facis,
972 805 1070 830 ama.
1130 790 1171 830 Si
1193 792 1338 831 Caesar
1364 790 1466 839 vicit,
1489 792 1587 830 cele-

251 858 341 898 riter
362 872 425 897 me
447 865 639 908 exspecta.
1609 867 1647 890 10

292 977 377 1013 XX
602 979 672 1011 Ser.
696 979 826 1011 Romae
840 980 881 1021 (7,
905 990 949 1010 m.
969 979 1048 1020 Aps.
1075 990 1131 1018 710
1150 980 1235 1019 (47¹¹-

548 1057 592 1090 M.
620 1057 796 1089 CICERO
823 1058 858 1088 5.
889 1057 930 1088 D.
956 1057 995 1088 C.
1024 1056 1285 1088 TREBONIO.

215 1149 230 1176 1
309 1137 562 1174 ‘Oratorem'
589 1149 720 1174 meum
749 1134 820 1185 (sic
851 1134 956 1173 enim
989 1134 1184 1185 inscripsi)
1208 1133 1355 1173 Sabino
1387 1142 1455 1174 tuo
1483 1149 1586 1174 com-

252 1201 447 1239 mendavi.
509 1200 629 1240 Natio
655 1215 719 1239 me
751 1199 923 1239 hominis
945 1199 1100 1250 impulit
1122 1208 1163 1238 ut
1188 1199 1222 1239 ei
1251 1208 1355 1239 recte
1383 1208 1586 1250 putarem3

251 1265 324 1304 nisi
347 1267 444 1305 forte
466 1266 767 1305 candidatorum
790 1264 947 1304 licentia
975 1264 1039 1303 hic
1061 1279 1221 1315 quoque
1243 1279 1335 1303 usus
1357 1266 1434 1304 hoc
1454 1265 1586 1304 subito
1609 1278 1645 1310 15

251 1344 472 1381 cognomen
494 1330 655 1382 arripuit
672 1345 679 1377 ;
710 1330 781 1369 etsi
805 1331 1007 1369 modestus
1024 1329 1107 1369 eius
1125 1332 1253 1369 vultus
1270 1344 1479 1381 sermoque
1496 1344 1586 1369 con-

252 1404 358 1435 stans
380 1397 524 1436 habere
546 1396 738 1447 quiddam
760 1410 782 1435 a
804 1395 974 1436 Curibus
997 1395 1213 1435 videbatur.
1266 1396 1345 1435 Sed
1366 1396 1416 1435 de
1437 1395 1585 1435 Sabino

251 1462 354 1501 satis.

207 1538 231 1564 2
306 1529 380 1574 Tu,
405 1527 456 1566 mi
479 1526 665 1574 Treboni,
689 1526 877 1578 quoniam
900 1528 950 1566 ad
975 1540 1151 1566 amorem
1180 1540 1312 1566 meum
1331 1526 1584 1577 aliquantum

251 1593 325 1631 olei
348 1593 557 1632 discedens
582 1592 780 1640 addidisti,
805 1607 884 1643 quo
907 1591 1146 1630 tolerabilius
1175 1593 1342 1630 feramus
1370 1591 1583 1642 igniculum
1606 1607 1646 1629 20

250 1659 417 1698 desideri
442 1659 507 1706 tui,
532 1658 676 1698 crebris
709 1673 781 1697 nos
807 1647 942 1697 litteris
963 1659 1171 1709 appellato,
1194 1666 1313 1709 atque
1334 1657 1396 1706 ita,
1421 1657 1451 1696 si
1479 1657 1585 1696 idem

252 1725 315 1761 liet
336 1738 357 1761 a
379 1723 503 1763 nobis.
565 1726 819 1774 Quamquam
842 1725 944 1762 duae
965 1737 1106 1762 causae
1139 1731 1230 1761 sunt
1259 1737 1326 1762 cur
1348 1731 1387 1761 tu
1410 1723 1586 1773 frequen-

251 1788 323 1825 tior
344 1787 382 1825 in
404 1787 478 1826 isto
500 1787 630 1826 officio
651 1802 736 1827 esse
758 1789 904 1827 debeas
927 1802 1046 1838 quam
1068 1802 1150 1834 nos,
1170 1787 1338 1838 primum
1362 1788 1470 1838 quod
1491 1787 1584 1825 olim

249 1854 429 1892 solebant
456 1853 521 1904 qui
548 1855 700 1892 Romae
736 1862 845 1892 erant
874 1855 924 1892 ad
959 1853 1207 1903 provincialis
1233 1852 1382 1891 amicos
1409 1853 1459 1891 de
1486 1867 1525 1891 re
1547 1866 1584 1902 p.

249 1919 428 1966 scribere,
458 1932 563 1957 nunc
596 1927 636 1957 tu
671 1918 786 1957 nobis
819 1918 965 1957 scribas
999 1926 1152 1969 oportet
1172 1913 1260 1965 '(res
1290 1917 1395 1956 enim
1426 1917 1584 1968 publica
1606 1929 1644 1961 25

250 1984 335 2021 istic
365 1985 464 2028 est);
498 1983 644 2023 deinde
675 1985 785 2035 quod
816 1998 888 2022 nos
920 1983 1004 2022 aliis
1035 1982 1172 2022 officiis
1205 1983 1275 2022 tibi
1306 1981 1459 2022 absenti
1492 1982 1583 2021 satis

251 2050 376 2088 facere
398 2063 617 2098 possumus,
643 2057 682 2087 tu
708 2049 822 2088 nobis
845 2049 916 2086 nisi
941 2048 1075 2087 litteris
1097 2062 1176 2087 non
1199 2048 1315 2086 video
1340 2061 1418 2098 qua
1445 2061 1484 2086 re
1508 2047 1583 2086 alia

209 2123 232 2159 3
251 2113 342 2152 satis
363 2115 488 2153 facere
513 2114 648 2164 possis.
710 2115 787 2152 sed
809 2123 937 2152 cetera
954 2113 1100 2152 scribes
1120 2114 1170 2151 ad
1193 2127 1264 2152 nos
1286 2121 1422 2163 postea
1438 2127 1447 2160 3
1477 2127 1582 2150 nunc

250 2180 347 2218 haec
369 2178 495 2229 primo
519 2178 636 2229 cupio
661 2193 898 2227 cognoscere
930 2178 999 2217 iter
1025 2186 1135 2217 tuum
1165 2177 1275 2217 euius
1297 2177 1404 2217 modi
1433 2176 1490 2224 Sit,
1515 2177 1581 2216 ubi

252 2247 415 2283 Brutum
454 2252 630 2283 nostrum
662 2243 814 2290 videris,
847 2258 965 2293 (luam
999 2243 1066 2283 diu
1103 2243 1218 2281 simul
1255 2243 1398 2290 sueris3
1437 2242 1581 2281 deinde
1601 2254 1643 2284 30

292 2354 311 2381 5
335 2341 607 2382 ἀντιμυκτηρίσαι,
628 2342 666 2381 cf.
688 2342 716 2372 ,δ’
732 2353 794 2372 mar.
815 2341 913 2372 Sans.
935 2341 954 2372 i.
979 2351 997 2379 5
1155 2353 1176 2377 r)
1203 2351 1321 2380 meque
1343 2340 1378 2370 Ν
1396 2339 1584 2380 ΙἸῖιέιίιρῑιῃ

252 2396 283 2415 11
317 2386 414 2417 llam
430 2392 474 2427 ψ.
495 2387 649 2426 scriptam
671 2398 735 2415 am*
753 2386 856 2425 paulu
875 2389 950 2425 pasl
965 2390 1009 2424 rs=⁶
1033 2395 1067 2415 21
1091 2389 1187 2424 pum!
1207 2384 1387 2425 Slcruknsys
1544 2395 1582 2423 ¹9

248 2431 452 2468 aliquantum
477 2430 540 2459 olei
563 2430 648 2459 lx'mlz
671 2429 826 2459 Knuus:
866 2440 894 2458 a.
925 2429 1001 2458 olim
1029 2428 1139 2459 cudeb:
1166 2440 1232 2459 om.
1262 2428 1339 2459 olim
1372 2427 1580 2469 chscnlntg:

249 2473 490 2512 aliquantulum
511 2474 604 2505 Mun.
