1791 2796
639 128 751 166 EPP.
784 129 860 165 AD
892 128 1239 167 FAMILIARES
1553 128 1583 166 Ι.
1607 128 1669 166 vii

267 237 441 278 studium
469 251 587 289 quam
619 237 836 277 constantis
865 246 1024 277 senatus
1054 238 1263 277 consilium
1293 252 1379 277 esse
1408 238 1596 286 videatur,

267 311 305 342 te
334 303 553 355 perspicere
583 317 710 354 posse,
740 303 808 354 qui
835 303 1016 344 Ciliciam
1044 304 1299 354 Cyprumque
1329 311 1474 351 teneas,
1502 303 1599 354 quid

267 369 419 408 efficere
446 376 484 407 et
511 369 606 419 quid
634 368 825 419 consequi
853 368 990 419 possis,
1014 376 1062 416 et,
1091 368 1122 407 si
1150 382 1209 407 res
1236 370 1462 408 facultatem
1493 368 1599 407 habi-

268 442 351 472 tura
367 433 553 481 videatur,
570 441 612 472 ut
627 435 915 472 Alexandream
936 442 1055 483 atque
1069 436 1293 484 Aegyptum
1310 442 1442 473 tenere
1458 433 1596 484 possis,

226 512 245 544 5
268 512 352 537 esse
374 507 411 537 et
433 507 522 537 tuae
539 507 577 537 et
594 498 715 537 nostri
736 498 874 549 imperi
895 498 1094 549 dignitatis
1113 499 1361 538 Ptolomaide
1377 507 1444 537 aut
1463 498 1597 549 aliquo

267 564 491 615 propinquo
512 566 600 603 loco
622 578 710 614 rege
731 566 940 602 conlocato
961 572 999 602 te
1020 578 1111 602 cum
1136 565 1260 602 classe
1284 572 1402 614 atque
1427 563 1598 602 exercitu

268 629 461 680 proficisci
482 629 773 677 Alexandriam,
797 637 848 677 ut,
873 643 960 668 eam
987 643 1077 667 cum
1109 623 1205 679 pace
1233 629 1515 680 praesidiisque
1540 631 1599 668 fir-

268 695 392 742 maris,
418 697 670 734 Ptolomaeus
698 696 831 733 redeat
859 694 897 732 in
928 708 1116 744 regnum,
1146 695 1199 733 ita
1223 697 1373 734 fore-ut
1401 703 1438 734 et
1465 709 1534 746 per
1560 703 1598 734 te

267 759 498 807 restituatur,
523 773 641 809 quem
669 761 719 798 ad
748 761 912 798 modum
940 767 1098 798 senatus
1123 759 1235 798 initio
1263 759 1424 807 censuit,
1449 768 1486 798 et
1513 759 1597 798 sine

210 838 247 860 10
267 825 519 864 multitudine
548 826 766 872 reducatur,
792 838 910 875 quem
940 826 991 863 ad
1021 826 1186 863 modum
1217 824 1398 863 homines
1428 824 1597 875 religiosi

267 890 436 940 Sibyllae
463 891 617 940 placere
644 890 835 929 dixerunt.
896 891 975 929 Sed
1003 891 1100 929 haec
1128 890 1321 928 sententia
1347 890 1401 929 sic
1422 898 1460 929 et
1484 890 1538 928 illi
1560 898 1597 928 et
1616 898 1641 937 5

266 956 380 995 nobis
415 956 666 1006 probabatur,
698 963 740 994 ut
775 970 822 994 ex
856 964 998 994 eventu
1033 955 1214 994 homines
1247 957 1296 994 de
1331 963 1400 994 tuo
1431 954 1597 994 consilio

267 1020 552 1060 existimaturos
581 1021 803 1060 videremus
821 1035 830 1070 3
869 1020 901 1059 si
932 1020 1139 1059 cecidisset
1172 1028 1215 1059 ut
1244 1021 1425 1059 volumus
1460 1028 1498 1059 et
1531 1033 1598 1071 op-

267 1094 405 1134 tamus,
437 1086 566 1126 omnis
600 1094 639 1125 te
673 1094 711 1125 et
745 1086 941 1136 sapienter
975 1093 1013 1125 et
1046 1085 1205 1133 fortiter,
1247 1085 1279 1123 si
1313 1085 1461 1136 aliquid
1496 1092 1599 1124 esset

209 1164 244 1197 15
267 1153 471 1199 offensum,
496 1153 658 1191 eosdem
683 1152 770 1190 illos
792 1160 830 1190 et
851 1151 995 1202 cupide
1016 1160 1053 1190 et
1074 1159 1221 1190 temere
1248 1150 1386 1190 fecisse
1410 1150 1594 1190 dicturos.

267 1219 358 1266 Qua
378 1232 427 1265 re,
452 1217 548 1267 quid
568 1216 733 1267 adsequi
754 1216 890 1267 possis,
913 1230 994 1255 non
1016 1224 1095 1254 tam
1117 1216 1229 1254 facile
1257 1224 1314 1255 est
1341 1215 1456 1255 nobis
1477 1229 1596 1266 quam

267 1282 347 1330 tibi,
371 1282 482 1321 cuius
509 1296 633 1333 prope
658 1281 700 1321 in
729 1290 946 1333 conspectu
976 1284 1178 1332 Aegyptus
1206 1290 1275 1329 est,
1298 1281 1470 1320 iudicare
1485 1295 1494 1329 3
1524 1295 1597 1320 nos

266 1347 429 1397 quidem
456 1349 533 1386 hoc
563 1347 763 1394 sentimus,
788 1347 819 1385 si
847 1349 1089 1398 exploratum
1119 1346 1189 1386 tibi
1214 1347 1262 1385 sit
1289 1360 1405 1398 posse
1432 1354 1470 1385 te
1494 1346 1597 1385 illius

267 1413 373 1464 regni
393 1413 518 1464 potiri,
542 1427 623 1452 non
651 1427 736 1452 esse
763 1414 1044 1460 cunctandum,
1067 1413 1099 1451 si
1126 1412 1292 1452 dubium
1321 1412 1379 1459 sit,
1403 1426 1484 1451 non
1511 1425 1598 1451 esse

208 1491 248 1513 20
266 1480 504 1518 conandum.
565 1480 670 1519 Illud
699 1478 770 1517 tibi
799 1479 976 1526 adfirmo,
1007 1478 1038 1517 si
1068 1492 1150 1517 rem
1180 1478 1294 1517 istam
1325 1492 1371 1517 ex
1402 1477 1597 1517 sententia

265 1543 439 1594 gesseris,
461 1545 544 1583 fore
567 1551 610 1582 ut
636 1544 779 1582 absens
803 1557 827 1582 a
853 1543 995 1590 multis,
1019 1557 1110 1582 cum
1139 1543 1309 1591 redieris,
1332 1544 1382 1582 ab
1410 1542 1595 1582 omnibus

265 1609 503 1648 conlaudere
518 1623 528 1657 3
571 1608 831 1648 offensionem
871 1622 956 1647 esse
996 1607 1256 1659 periculosam
1291 1616 1449 1658 propter
1482 1607 1594 1646 inter-

265 1674 432 1725 positam
460 1673 733 1713 auctoritatem
758 1673 1068 1724 religionemque
1088 1673 1214 1712 video.
1275 1674 1353 1712 Sed
1381 1686 1454 1723 ego
1481 1680 1530 1719 te,
1554 1680 1596 1710 ut

264 1740 314 1778 ad
342 1746 487 1777 certam
515 1740 674 1777 laudem
703 1739 902 1785 adhortor,
926 1738 981 1777 sic
1008 1752 1030 1776 a
1053 1737 1309 1777 dimicatione
1337 1738 1514 1777 deterreo
1541 1751 1596 1776 re-

206 1815 242 1847 25
265 1805 421 1854 deoque
441 1805 491 1842 ad
513 1803 619 1850 illud,
644 1804 752 1853 quod
773 1802 884 1842 initio
905 1802 1052 1854 scripsi,
1076 1803 1194 1842 totius
1216 1803 1306 1842 facti
1328 1803 1383 1841 tui
1404 1803 1593 1843 iudicium

265 1883 345 1907 non
367 1876 445 1906 tam
467 1882 513 1906 ex
533 1868 698 1907 consilio
724 1876 791 1907 tuo
813 1882 931 1918 quam
960 1883 1006 1908 ex
1033 1877 1175 1908 eventu
1200 1869 1381 1908 homines
1409 1882 1493 1908 esse
1520 1870 1595 1907 fac-

265 1942 381 1972 turos.
442 1935 563 1983 Quod
584 1933 615 1971 si
643 1934 741 1972 haec
766 1933 863 1972 ratio
887 1933 941 1973 rei
961 1935 1156 1984 gerendae
1177 1934 1396 1985 periculosa
1417 1933 1487 1973 tibi
1508 1948 1593 1973 esse
1612 1939 1639 1976 6

264 1999 468 2046 videbitur,
492 1999 673 2049 placebat
700 1999 808 2047 illud,
831 2007 882 2047 ut,
907 1999 938 2037 si
966 2014 1030 2038 rex
1057 1999 1192 2039 amicis
1217 1999 1302 2047 tuis,
1327 1999 1394 2050 qui
1418 2013 1486 2050 per
1511 2013 1595 2050 pro-

264 2064 432 2103 vinciam
448 2073 566 2115 atque
583 2065 790 2116 imperium
808 2074 919 2104 tuum
935 2065 1123 2116 pecunias
1137 2065 1171 2104 ei
1189 2065 1457 2112 credidissent,
1474 2066 1593 2104 fidem

205 2139 247 2171 30
265 2143 375 2168 suam
403 2130 666 2180 praestitisset,
690 2139 727 2169 et
753 2130 903 2170 auxiliis
931 2145 1021 2170 eum
1050 2131 1125 2169 tuis
1150 2139 1188 2170 et
1215 2130 1338 2181 copiis
1366 2130 1594 2177 adiuvares,

264 2208 350 2233 eam
373 2209 457 2234 esse
478 2203 656 2234 naturam
684 2204 721 2235 et
746 2196 945 2247 regionem
971 2196 1195 2247 provinciae
1221 2204 1320 2243 tuae,
1345 2203 1386 2234 ut
1414 2195 1515 2234 illius
1540 2210 1593 2234 re-

263 2259 389 2299 ditum
410 2262 471 2300 vel
491 2260 718 2301 adiuvando
740 2263 991 2301 confirmares
1013 2263 1073 2300 vel
1096 2263 1341 2312 neglegendo
1369 2260 1589 2311 impedires.

305 2374 324 2403 5
351 2364 556 2396 Ptolemaide
574 2389 580 2396 .
602 2389 608 2396 .
629 2389 636 2396 .
658 2365 871 2397 Ptolemaeus
887 2366 975 2406 vulg.
1073 2376 1109 2404 17
1137 2365 1284 2396 iudicare
1298 2369 1368 2396 vclt.
1389 2376 1395 2395 :
1419 2364 1482 2395 -ari
1500 2363 1588 2395 codd.

262 2419 304 2449 29
329 2409 506 2448 imperium
526 2414 617 2440 tuum
637 2410 795 2449 pecunias
817 2408 890 2441 Vict.
911 2421 917 2441 :
942 2409 1075 2450 imperii
1094 2409 1140 2440 tui
1160 2409 1353 2449 provincias
1371 2408 1457 2440 codd.
