1791 2796
137 119 309 159 111.vi'ii
629 121 686 160 M.
719 121 888 159 TVLLI
919 122 1227 161 CICERONIS

215 955 239 993 8

208 1421 236 1458 9

188 1946 235 1972 10

263 241 335 279 tus,
358 246 448 271 cum
470 233 509 271 in
532 246 580 272 eo
600 246 743 284 genere
770 232 939 272 maxime
964 242 1190 284 quereretur
1210 241 1248 272 te
1268 232 1433 271 aliorum
1454 233 1595 283 impro-

262 298 383 337 bitate
414 298 543 337 minus
575 298 730 337 felicem
760 298 888 337 fuisse.
952 300 1040 337 Hos
1070 312 1144 348 ego
1174 311 1385 345 sermones,
1418 299 1527 349 quod
1558 306 1596 337 et

262 364 373 402 multi
412 372 503 402 sunt
542 372 580 402 et
619 372 727 402 tuam
767 363 1108 411 existimationem,
1145 372 1188 402 ut
1227 377 1300 413 ego
1339 363 1477 411 sentio,
1514 377 1594 401 non

260 430 477 477 offendunt,
502 429 680 468 lacessivi
711 443 944 479 numquam,
972 430 1042 468 sed
1073 443 1152 467 non
1177 429 1291 467 valde
1321 427 1494 479 repressi.
1555 427 1593 466 Si

260 494 346 544 quis
381 503 439 533 est
474 494 542 545 qui
576 495 779 533 neminem
810 495 917 534 bona
948 495 1026 534 fide
1060 494 1100 533 in
1131 494 1293 544 gratiam
1325 502 1436 545 putet
1469 494 1594 532 redire
1614 505 1631 536 5

260 573 386 610 posse,
410 574 491 599 non
513 569 688 599 nostram
709 560 740 598 is
761 561 968 610 perfidiam
989 560 1174 610 coarguit,
1201 561 1272 599 sed
1298 559 1446 598 indicat
1469 572 1594 607 suam,

259 625 455 677 simulque
485 639 567 665 non
597 627 648 665 de
678 639 742 665 me
771 625 803 664 is
833 626 945 677 peius
975 639 1093 677 quarn
1123 626 1174 664 de
1203 632 1242 664 te
1276 624 1495 673 existimat;
1535 624 1594 663 sin

258 698 391 731 autem
427 706 546 742 quem
577 705 666 730 mea
695 691 874 730 instituta
903 691 943 729 in
976 690 1178 742 provincia
1211 704 1293 730 non
1324 691 1523 730 delectant
1557 698 1595 729 et

259 758 431 807 quadam
470 756 792 795 dissimilitudine
830 756 1097 796 institutorum
1135 769 1314 795 meorum
1352 769 1398 794 ac
1436 763 1592 795 tuorum

259 822 361 861 laedi
389 836 430 861 se
455 830 580 873 putat,
601 836 692 861 cum
723 830 888 872 uterque
915 831 1093 861 nostrum
1119 830 1224 860 recte
1253 821 1400 869 fecerit,
1422 822 1490 860 sed
1512 835 1592 860 non
1616 835 1655 858 10

258 887 365 927 idem
400 897 564 939 uterque
595 897 754 927 secutus
786 889 844 936 sit,
881 889 988 926 hunc
1019 901 1092 939 ego
1125 887 1297 926 amicum
1333 888 1477 926 habere
1511 901 1592 926 non

259 967 363 993 curo.
425 954 656 993 Liberalitas
683 962 751 994 tua
774 963 817 994 ut
841 954 1013 993 hominis
1043 953 1277 993 nobilissimi
1301 952 1416 992 latius
1441 952 1481 991 in
1508 966 1593 1003 pro-

258 1021 386 1061 vincia
416 1022 568 1073 patuit3
610 1030 743 1061 nostra
773 1022 804 1061 si
836 1021 1036 1073 angustior
1065 1027 1121 1060 est
1148 1021 1235 1073 (etsi
1267 1022 1318 1060 de
1348 1029 1414 1059 tua
1444 1021 1592 1071 prolixa

257 1087 516 1138 beneficaque
547 1096 685 1126 natura
711 1087 860 1125 limavit
887 1087 1036 1137 aliquid
1066 1086 1257 1138 posterior
1285 1099 1412 1124 annus
1433 1093 1591 1135 propter

257 1153 457 1204 quandam
479 1153 672 1191 tristitiam
695 1153 950 1203 temporum),
970 1166 1050 1191 non
1076 1152 1224 1191 debent
1245 1151 1374 1190 mirari
1395 1150 1587 1198 homines,
1613 1166 1650 1199 ¹5

256 1232 346 1257 cum
387 1226 425 1257 et
464 1226 602 1257 natura
640 1232 795 1268 semper
832 1219 883 1256 ad
924 1217 1167 1268 largiendum
1206 1231 1253 1255 ex
1290 1216 1420 1255 alieno
1451 1215 1590 1255 fuerim

256 1283 465 1323 restrictior
495 1291 533 1322 et
564 1283 818 1334 temporibus,
849 1282 993 1333 quibus
1023 1282 1088 1321 alii
1117 1290 1335 1328 moventur,
1362 1281 1488 1320 isdem
1518 1295 1592 1332 ego

258 1363 424 1397 movear,
451 1353 459 1369 ‘
477 1351 568 1388 med
591 1363 675 1388 esse
696 1350 882 1388 acerbum
905 1348 988 1396 sibi,
1013 1348 1068 1387 uti
1090 1348 1163 1387 sim
1184 1347 1310 1387 dulcis
1331 1347 1452 1386 mihi)

312 1417 374 1454 De
395 1416 511 1454 rebus
532 1414 692 1454 urbanis
720 1416 828 1465 quod
854 1428 917 1453 me
946 1414 1151 1453 certiorem
1180 1413 1318 1462 fecisti,
1339 1426 1429 1451 curn
1454 1427 1523 1463 per
1549 1426 1591 1452 se

257 1479 352 1518 mihi
385 1488 537 1530 gratum
577 1480 661 1527 fuit,
696 1487 779 1518 tum
820 1481 927 1530 quod
968 1479 1193 1530 significasti
1233 1477 1303 1517 tibi
1335 1477 1469 1517 omnia
1502 1491 1591 1516 mea
1613 1495 1653 1516 20

256 1547 443 1584 mandata
472 1559 587 1584 curae
617 1546 708 1584 fore.
771 1546 818 1583 In
848 1544 993 1595 quibus
1027 1558 1150 1583 unum
1182 1543 1279 1582 illud
1314 1551 1351 1582 te
1381 1542 1590 1593 praecipue

256 1624 350 1661 rogo
372 1619 413 1649 ut
434 1625 556 1657 cureS,
580 1625 629 1649 ne
655 1610 750 1660 quid
780 1609 875 1648 mihi
902 1611 953 1649 ad
980 1611 1056 1648 hoc
1081 1609 1212 1659 negoti
1234 1616 1300 1648 aut
1328 1608 1457 1648 oneris
1484 1622 1591 1647 acce-

255 1677 323 1715 dat
357 1684 423 1715 aut
463 1675 663 1725 temporis,
698 1675 1052 1725 Hortensiumque,
1092 1683 1269 1713 nostrum
1308 1675 1512 1723 conlegam
1553 1681 1591 1712 et

256 1741 499 1789 familiarem,
524 1755 636 1791 roges
667 1749 720 1788 ut,
743 1740 774 1779 si
802 1754 991 1791 umquam
1022 1753 1110 1779 mea
1140 1753 1258 1778 causa
1284 1738 1496 1790 quicquam
1524 1745 1591 1776 aut

256 1807 375 1846 sensit
396 1815 462 1846 aut
483 1806 584 1854 fecit,
609 1808 659 1845 de
680 1808 753 1845 hac
782 1820 941 1856 quoque
969 1805 1163 1845 sententia
1184 1805 1290 1844 bima
1311 1805 1488 1851 decedat,
1512 1817 1590 1855 qua
1611 1817 1648 1850 ²5

256 1872 351 1910 milii
374 1872 468 1910 nihil
490 1879 619 1922 potest
641 1885 725 1910 esse
748 1871 953 1911 inimicius.

314 1939 373 1976 l)e
399 1936 539 1975 nostris
565 1937 680 1975 rebus
710 1938 818 1987 quod
844 1936 941 1975 scire
962 1936 1031 1984 vis,
1053 1938 1177 1975 larso
1200 1936 1326 1975 Nonis
1349 1934 1588 1975 Octobribus

254 2004 309 2039 ml
327 2004 524 2039 Χιῃῑιηυιη
551 2015 683 2039 versus
714 2001 877 2051 profecti
908 2016 1071 2049 sumus,
1110 2003 1207 2041 haec
1237 2001 1371 2051 scripsi
1401 1999 1588 2051 postridie

254 2066 336 2105 eius
367 2066 458 2107 diei,
489 2080 577 2104 cum
610 2074 735 2105 castra
764 2067 950 2105 haberem
987 2067 1025 2105 in
1055 2081 1147 2118 agro
1178 2066 1487 2117 Mopsuhestiae.
1547 2063 1586 2103 Si

253 2131 348 2182 quid
374 2146 502 2182 egero,
525 2132 690 2170 scribam
722 2133 772 2171 ad
805 2141 841 2171 te
871 2146 1000 2183 neque
1031 2134 1195 2172 domum
1227 2146 1414 2183 umquam
1444 2132 1494 2185 ad
1524 2144 1586 2169 me
1609 2144 1648 2175 30

253 2197 398 2236 litteras
430 2197 592 2243 mittam,
621 2197 714 2247 quin
746 2197 958 2247 adiungam
989 2212 1068 2247 eas,
1097 2212 1194 2249 quas
1225 2198 1294 2237 tibi
1325 2197 1434 2236 reddi
1456 2196 1583 2235 velim,

301 2311 338 2340 13
363 2307 416 2332 cst
434 2301 507 2332 add.
530 2300 646 2331 Lamb.
808 2302 845 2332 18
872 2303 946 2333 med
965 2326 971 2333 .
994 2326 1000 2333 .
1023 2327 1028 2333 .
1051 2303 1143 2341 milii,
1163 2303 1199 2343 cs
1220 2302 1355 2334 Ribbeck
1372 2302 1467 2342 Frag.
1492 2301 1582 2333 Com.

250 2350 282 2386 p.
308 2356 368 2377 120
561 2345 636 2375 med
669 2344 938 2386 Marovni-Lag.:
980 2356 1033 2377 me
1066 2346 1151 2379 codd.
1369 2347 1410 2377 28
1434 2345 1475 2376 ad
1507 2344 1582 2377 add.

259 2389 447 2429 chsenbas‘g
