1791 2796
577 177 687 214 EPP.
721 178 797 213 AD
830 177 1176 215 FAMILIARES
1493 179 1561 215 XI.
1583 177 1674 214 xvii

211 287 301 326 tatis
325 288 552 339 perfunctus
578 287 674 339 petit
702 296 932 338 praeturam,
959 302 1178 339 omnesque
1206 289 1437 340 intellegunt
1468 304 1542 328 nec

211 352 441 403 dignitatem
472 354 507 392 ei
533 355 671 392 deesse
694 367 767 392 nec
796 354 958 404 gratiam
974 369 983 402 3
1017 356 1087 393 sed
1118 354 1150 392 is
1181 355 1353 393 ambitus
1384 355 1540 394 excitari

210 417 363 456 videtur
396 426 437 456 ut
476 432 548 468 ego
587 418 719 456 omnia
754 419 1025 469 pertimescam
1065 427 1269 469 totamque
1308 421 1538 470 petitionem

211 483 370 522 Lamiae
398 483 493 522 mihi
523 484 793 523 sustinendam
824 494 969 535 putem.
1031 487 1078 523 In
1108 499 1154 523 ea
1185 500 1225 523 re
1257 494 1448 535 quantum
1477 501 1538 525 me
1559 496 1582 524 2

172 549 334 599 5p0ssis
372 549 556 588 adiuvare
596 550 707 588 facile
746 551 939 600 perspicio
977 565 1051 589 nec
1089 564 1181 589 vero
1220 560 1411 600 quantum
1453 566 1539 590 mea

208 627 326 653 causa
345 614 440 654 velis
461 615 611 653 dubito.
671 616 800 654 Velim
832 616 958 666 igitur,
979 616 1032 654 mi
1055 619 1185 663 Brute,
1209 616 1279 654 tibi
1304 618 1539 666 persuadeas

208 679 305 717 nihil
335 694 398 718 me
430 680 575 719 maiore
610 680 741 719 studio
772 694 795 718 a
825 688 862 719 te
894 688 1036 732 petere,
1069 681 1165 719 nihil
1200 688 1237 719 te
1270 681 1366 719 mihi
1395 682 1539 732 gratius

208 746 334 783 facere
372 759 487 796 posse
526 759 644 795 quam
684 746 713 783 si
747 746 932 784 omnibus
966 746 1041 784 tuis
1076 746 1230 796 opibus,
1264 747 1372 784 omni
1408 748 1538 786 studio

209 811 385 849 Lamiam
418 811 455 849 in
487 811 675 862 petitione
707 811 856 849 iuveris.
918 813 1039 861 Quod
1067 819 1108 850 ut
1140 812 1257 850 facias
1285 814 1538 852 vehementer

152 893 187 914 10
207 883 244 914 te
266 889 368 925 l‘OgO.

248 1039 408 1075 XVIII
529 1043 598 1074 Ser.
621 1043 749 1074 Romae
764 1044 892 1076 .1·1'1'1'1'K.
913 1044 987 1077 Jtm.
1009 1055 1039 1075 a.
1062 1055 1118 1084 711
1137 1045 1218 1085 (45).

338 1131 381 1162 M.
411 1131 584 1162 CICERO
611 1131 644 1162 S.
674 1132 713 1163 D.
744 1133 782 1163 D.
811 1132 967 1164 BRVTO
996 1133 1086 1164 ΙΜΡ.
1115 1133 1213 1164 COS.
1243 1133 1391 1165 DESIG.

257 1220 339 1259 Etsi
366 1235 412 1259 ex
437 1221 642 1268 mandatis,
667 1235 766 1271 quae
792 1222 942 1260 Galbae
963 1222 1259 1272 Volumnioque
1280 1224 1331 1261 ad
1352 1230 1530 1262 senatum
1551 1235 1566 1262 1

201 1286 354 1333 dedisti,
379 1286 474 1336 quid
505 1287 724 1325 timendum
755 1295 910 1337 putares
940 1287 1245 1337 suspicabamur,
1273 1297 1404 1327 tamen
1435 1288 1533 1326 timi-

145 1369 181 1401 ¹5
201 1351 311 1390 diora
339 1353 524 1390 mandata
544 1351 777 1390 videbantur
798 1366 916 1402 quam
938 1360 1018 1390 erat
1039 1352 1202 1403 dignum
1224 1360 1290 1391 tua
1317 1353 1532 1404 populique

203 1417 374 1455 Romani
407 1417 576 1456 victoria.
637 1419 802 1456 Senatus
834 1426 976 1464 autem,
1012 1418 1065 1456 mi
1100 1420 1230 1465 Brute,
1267 1419 1374 1457 fortis
1409 1427 1467 1457 est
1494 1426 1532 1458 et

201 1482 319 1520 habet
348 1483 455 1521 fortis
485 1485 616 1522 duces.
678 1485 817 1533 Itaque
846 1485 1011 1522 moleste
1038 1484 1185 1522 ferebat
1212 1498 1253 1523 se
1279 1498 1301 1522 a
1330 1492 1378 1532 te,
1411 1498 1529 1535 quem

200 1547 377 1586 omnium
417 1549 657 1599 quicumque
696 1549 859 1587 fuissent
898 1549 1151 1588 fortissimum
1191 1550 1390 1597 iudicaret,
1431 1550 1530 1588 timi-

199 1615 294 1652 dum
315 1622 432 1664 atque
454 1615 636 1664 ignavum
658 1614 830 1653 iudicari.
891 1615 1048 1653 Etenim
1076 1628 1165 1652 cum
1187 1623 1224 1653 te
1246 1615 1397 1654 incluso
1417 1629 1527 1666 spem
1547 1630 1570 1656 2

142 1697 179 1718 20
200 1679 409 1725 maximam
431 1693 567 1718 omnes
595 1680 824 1718 habuissent
845 1680 883 1717 in
909 1688 975 1718 tua
994 1680 1134 1718 virtute
1155 1682 1318 1719 florente
1339 1681 1526 1729 Antonio,

199 1745 285 1794 quis
315 1732 395 1790 erat
424 1746 490 1796 qui
521 1746 732 1796 quicquam
767 1746 919 1784 timeret
946 1746 1150 1796 profligato
1172 1746 1248 1793 1110,
1272 1754 1309 1784 te
1336 1746 1530 1785 liberato?

200 1812 284 1848 Nec
305 1825 395 1849 vero
417 1811 612 1862 Lepidum
644 1812 890 1850 timebamus.
951 1812 1050 1861 Quis
1075 1811 1180 1849 enim
1208 1819 1309 1850 esset
1330 1812 1396 1861 qui
1417 1812 1526 1850 illum

198 1883 277 1913 tam
308 1876 495 1914 furiosum
525 1877 772 1916 arbitraretur
803 1885 856 1924 ut,
886 1877 952 1927 qui
984 1877 1021 1914 in
1053 1876 1223 1915 maximo
1254 1878 1357 1915 bello
1387 1891 1525 1928 pacem

198 1942 296 1979 velle
324 1955 364 1979 se
394 1942 563 1989 dixisset,
587 1943 617 1979 is
644 1943 684 1980 in
711 1942 955 1992 optatissima
984 1956 1079 1992 pace
1105 1942 1250 1980 bellum
1281 1942 1334 1981 rei
1363 1957 1399 1993 p.
1429 1943 1526 1981 indi-

141 2021 178 2052 25
199 2009 334 2044 ceret?
402 2008 486 2045 Nec
521 2008 660 2045 dubito
692 2008 786 2057 quin
820 2017 860 2046 tu
900 2009 985 2058 plus
1019 2007 1249 2057 provideas3
1289 2009 1358 2046 sed
1393 2016 1524 2047 tamen
1544 2016 1568 2052 3

198 2079 277 2109 tam
309 2072 453 2110 recenti
482 2072 739 2122 gratulatione
769 2086 887 2122 quam
918 2082 986 2111 tuo
1011 2072 1172 2111 nomine
1198 2075 1248 2111 ad
1276 2073 1409 2111 omnia
1435 2075 1526 2112 deo-

198 2151 281 2174 rum
313 2139 458 2187 templa
488 2138 661 2184 fecimus,
686 2139 886 2177 renovatio
911 2138 1059 2177 timoris
1092 2152 1273 2189 magnam
1305 2139 1523 2177 molestiam

195 2202 406 2240 adferebat.
468 2204 557 2251 Qua
578 2217 617 2241 re
638 2203 753 2241 velim
781 2203 977 2253 equidem,
1001 2204 1040 2242 id
1062 2206 1169 2254 quod
1198 2217 1323 2254 spero,
1347 2212 1388 2241 ut
1409 2205 1524 2253 plane

196 2266 370 2305 abiectus
401 2275 439 2306 et
469 2258 611 2306 fractus
646 2268 694 2306 sit
723 2268 948 2316 Antonius,
988 2269 1047 2307 sin
1077 2269 1226 2319 aliquid
1256 2268 1394 2306 virium
1425 2270 1523 2307 forte

139 2344 178 2375 30
196 2333 417 2382 conlegerit,
448 2333 587 2372 sentiet
621 2347 694 2371 nec
728 2334 879 2372 senatui
914 2334 1121 2372 consilium
1156 2347 1228 2372 nec
1263 2335 1410 2383 populo
1447 2335 1523 2372 Ro-

609 2448 627 2467 2
651 2437 789 2468 excitari
808 2441 877 2468 vett.
896 2449 901 2469 ε
929 2448 998 2468 -are
1014 2437 1102 2468 codd.

239 2501 302 2523 elc.
320 2500 366 2522 AD
385 2501 463 2522 FAM.
1394 2492 1436 2521 22
