<?xml version="1.0" encoding="UTF-8"?>
<!DOCTYPE html PUBLIC "-//W3C//DTD XHTML 1.0 Transitional//EN"
    "http://www.w3.org/TR/xhtml1/DTD/xhtml1-transitional.dtd">
<html xmlns="http://www.w3.org/1999/xhtml" xml:lang="en" lang="en">
 <head>
  <title>
</title>
<meta http-equiv="Content-Type" content="text/html;charset=utf-8" />
  <meta name='ocr-system' content='tesseract 3.04.00' />
  <meta name='ocr-capabilities' content='ocr_page ocr_carea ocr_par ocr_line ocrx_word'/>
</head>
<body>
  <div class='ocr_page' id='page_1' title='image "./epistulaerecogno01ciceuoft_0041.png"; bbox 0 0 1791 2796; ppageno 0'>
   <div class='ocr_carea' id='block_1_1' title="bbox 541 149 1556 191">
    <p class='ocr_par' dir='ltr' id='par_1_1' title="bbox 541 149 1556 191">
     <span class='ocr_line' id='line_1_1' title="bbox 541 149 1556 191; baseline -0.005 0"><span class='ocrx_word' id='word_1_1' title='bbox 541 155 653 191; x_wconf 90' lang='lat' dir='ltr'>EPP.</span> <span class='ocrx_word' id='word_1_2' title='bbox 687 154 764 190; x_wconf 78' lang='lat' dir='ltr'>AD</span> <span class='ocrx_word' id='word_1_3' title='bbox 796 152 1142 190; x_wconf 70' lang='lat' dir='ltr'>FAMILIARES</span> <span class='ocrx_word' id='word_1_4' title='bbox 1462 150 1490 187; x_wconf 94' lang='lat' dir='ltr'>I.</span> <span class='ocrx_word' id='word_1_5' title='bbox 1511 149 1556 186; x_wconf 88' lang='lat' dir='ltr'>ix</span> 
     </span>
    </p>
   </div>
   <div class='ocr_carea' id='block_1_2' title="bbox 110 262 1564 2267">
    <p class='ocr_par' dir='ltr' id='par_1_2' title="bbox 170 262 1501 505">
     <span class='ocr_line' id='line_1_2' title="bbox 172 262 1500 316; baseline -0.005 -12"><span class='ocrx_word' id='word_1_6' title='bbox 172 266 319 316; x_wconf 87' lang='lat' dir='ltr'>populo</span> <span class='ocrx_word' id='word_1_7' title='bbox 340 278 413 303; x_wconf 84' lang='lat' dir='ltr'>nec</span> <span class='ocrx_word' id='word_1_8' title='bbox 437 264 585 314; x_wconf 80' lang='lat' dir='ltr'>integra</span> <span class='ocrx_word' id='word_1_9' title='bbox 612 278 651 302; x_wconf 93' lang='lat' dir='ltr'>re</span> <span class='ocrx_word' id='word_1_10' title='bbox 679 262 773 301; x_wconf 89' lang='lat' dir='ltr'>mihi</span> <span class='ocrx_word' id='word_1_11' title='bbox 800 264 851 301; x_wconf 88' lang='lat' dir='ltr'>ad</span> <span class='ocrx_word' id='word_1_12' title='bbox 876 262 1177 307; x_wconf 84' lang='lat' dir='ltr'>consulendum,</span> <span class='ocrx_word' id='word_1_13' title='bbox 1203 273 1500 316; x_wconf 74' lang='lat' dir='ltr'>capesseremne</span> 
     </span>
     <span class='ocr_line' id='line_1_3' title="bbox 171 328 1497 380; baseline -0.005 -11"><span class='ocrx_word' id='word_1_14' title='bbox 171 345 251 369; x_wconf 90' lang='lat' dir='ltr'>rem</span> <span class='ocrx_word' id='word_1_15' title='bbox 273 329 482 380; x_wconf 81' lang='lat' dir='ltr'>publicam,</span> <span class='ocrx_word' id='word_1_16' title='bbox 506 329 727 380; x_wconf 84' lang='lat' dir='ltr'>implicatus</span> <span class='ocrx_word' id='word_1_17' title='bbox 755 328 925 374; x_wconf 87' lang='lat' dir='ltr'>tenebar,</span> <span class='ocrx_word' id='word_1_18' title='bbox 950 328 1019 366; x_wconf 92' lang='lat' dir='ltr'>sed</span> <span class='ocrx_word' id='word_1_19' title='bbox 1047 328 1212 365; x_wconf 87' lang='lat' dir='ltr'>laetatus</span> <span class='ocrx_word' id='word_1_20' title='bbox 1240 333 1370 364; x_wconf 84' lang='lat' dir='ltr'>tamen</span> <span class='ocrx_word' id='word_1_21' title='bbox 1399 339 1497 372; x_wconf 89' lang='lat' dir='ltr'>sum,</span> 
     </span>
     <span class='ocr_line' id='line_1_4' title="bbox 171 390 1501 446; baseline -0.005 -12"><span class='ocrx_word' id='word_1_22' title='bbox 171 397 278 446; x_wconf 90' lang='lat' dir='ltr'>quod</span> <span class='ocrx_word' id='word_1_23' title='bbox 309 395 403 433; x_wconf 90' lang='lat' dir='ltr'>mihi</span> <span class='ocrx_word' id='word_1_24' title='bbox 435 395 566 434; x_wconf 85' lang='lat' dir='ltr'>liceret</span> <span class='ocrx_word' id='word_1_25' title='bbox 596 394 635 432; x_wconf 87' lang='lat' dir='ltr'>in</span> <span class='ocrx_word' id='word_1_26' title='bbox 666 395 805 432; x_wconf 87' lang='lat' dir='ltr'>eadem</span> <span class='ocrx_word' id='word_1_27' title='bbox 835 406 953 431; x_wconf 85' lang='lat' dir='ltr'>causa</span> <span class='ocrx_word' id='word_1_28' title='bbox 982 400 1019 431; x_wconf 84' lang='lat' dir='ltr'>et</span> <span class='ocrx_word' id='word_1_29' title='bbox 1051 390 1145 429; x_wconf 90' lang='lat' dir='ltr'>mihi</span> <span class='ocrx_word' id='word_1_30' title='bbox 1177 390 1286 429; x_wconf 89' lang='lat' dir='ltr'>utilia</span> <span class='ocrx_word' id='word_1_31' title='bbox 1315 398 1351 429; x_wconf 87' lang='lat' dir='ltr'>et</span> <span class='ocrx_word' id='word_1_32' title='bbox 1379 390 1501 428; x_wconf 83' lang='lat' dir='ltr'>cuivis</span> 
     </span>
     <span class='ocr_line' id='line_1_5' title="bbox 170 457 1501 505; baseline -0.005 -6"><span class='ocrx_word' id='word_1_33' title='bbox 170 461 278 499; x_wconf 89' lang='lat' dir='ltr'>bono</span> <span class='ocrx_word' id='word_1_34' title='bbox 302 468 406 498; x_wconf 88' lang='lat' dir='ltr'>recta</span> <span class='ocrx_word' id='word_1_35' title='bbox 426 461 648 498; x_wconf 76' lang='lat' dir='ltr'>defendere.</span> <span class='ocrx_word' id='word_1_36' title='bbox 711 460 804 496; x_wconf 85' lang='lat' dir='ltr'>Huc</span> <span class='ocrx_word' id='word_1_37' title='bbox 830 457 993 496; x_wconf 84' lang='lat' dir='ltr'>accessit</span> <span class='ocrx_word' id='word_1_38' title='bbox 1016 457 1365 494; x_wconf 87' lang='lat' dir='ltr'>commemoranda</span> <span class='ocrx_word' id='word_1_39' title='bbox 1386 470 1501 505; x_wconf 82' lang='lat' dir='ltr'>quae-</span> 
     </span>
    </p>

    <p class='ocr_par' dir='ltr' id='par_1_3' title="bbox 133 520 1502 832">
     <span class='ocr_line' id='line_1_6' title="bbox 133 520 1500 572; baseline -0.004 -8"><span class='ocrx_word' id='word_1_40' title='bbox 133 541 149 572; x_wconf 80' lang='lat'>5</span> <span class='ocrx_word' id='word_1_41' title='bbox 170 526 262 564; x_wconf 89' lang='lat' dir='ltr'>dam</span> <span class='ocrx_word' id='word_1_42' title='bbox 289 533 326 564; x_wconf 92' lang='lat' dir='ltr'>et</span> <span class='ocrx_word' id='word_1_43' title='bbox 347 524 480 563; x_wconf 77' lang='lat' dir='ltr'>divina</span> <span class='ocrx_word' id='word_1_44' title='bbox 501 523 678 564; x_wconf 80' lang='lat' dir='ltr'>Caesaris</span> <span class='ocrx_word' id='word_1_45' title='bbox 706 523 744 562; x_wconf 91' lang='lat' dir='ltr'>in</span> <span class='ocrx_word' id='word_1_46' title='bbox 767 537 828 562; x_wconf 90' lang='lat' dir='ltr'>me</span> <span class='ocrx_word' id='word_1_47' title='bbox 850 524 1084 572; x_wconf 84' lang='lat' dir='ltr'>fratremque</span> <span class='ocrx_word' id='word_1_48' title='bbox 1112 535 1244 560; x_wconf 90' lang='lat' dir='ltr'>meum</span> <span class='ocrx_word' id='word_1_49' title='bbox 1266 520 1475 559; x_wconf 80' lang='lat' dir='ltr'>liberalitas</span> <span class='ocrx_word' id='word_1_50' title='bbox 1490 535 1500 569; x_wconf 80' lang='lat'>,·</span> 
     </span>
     <span class='ocr_line' id='line_1_7' title="bbox 170 588 1500 641; baseline -0.003 -13"><span class='ocrx_word' id='word_1_51' title='bbox 170 590 237 641; x_wconf 89' lang='lat' dir='ltr'>qui</span> <span class='ocrx_word' id='word_1_52' title='bbox 277 590 381 637; x_wconf 92' lang='lat' dir='ltr'>mihi,</span> <span class='ocrx_word' id='word_1_53' title='bbox 425 603 695 640; x_wconf 85' lang='lat' dir='ltr'>quascumque</span> <span class='ocrx_word' id='word_1_54' title='bbox 737 603 796 628; x_wconf 88' lang='lat' dir='ltr'>res</span> <span class='ocrx_word' id='word_1_55' title='bbox 833 596 991 639; x_wconf 82' lang='lat' dir='ltr'>gereret,</span> <span class='ocrx_word' id='word_1_56' title='bbox 1027 588 1198 626; x_wconf 88' lang='lat' dir='ltr'>tuendus</span> <span class='ocrx_word' id='word_1_57' title='bbox 1242 594 1352 633; x_wconf 83' lang='lat' dir='ltr'>esset,</span> <span class='ocrx_word' id='word_1_58' title='bbox 1395 600 1500 624; x_wconf 82' lang='lat' dir='ltr'>nunc</span> 
     </span>
     <span class='ocr_line' id='line_1_8' title="bbox 170 651 1500 705; baseline -0.005 -11"><span class='ocrx_word' id='word_1_59' title='bbox 170 656 209 694; x_wconf 92' lang='lat' dir='ltr'>in</span> <span class='ocrx_word' id='word_1_60' title='bbox 231 664 337 694; x_wconf 88' lang='lat' dir='ltr'>tanta</span> <span class='ocrx_word' id='word_1_61' title='bbox 365 655 548 694; x_wconf 85' lang='lat' dir='ltr'>felicitate</span> <span class='ocrx_word' id='word_1_62' title='bbox 576 655 772 705; x_wconf 87' lang='lat' dir='ltr'>tantisque</span> <span class='ocrx_word' id='word_1_63' title='bbox 794 653 974 700; x_wconf 80' lang='lat' dir='ltr'>victoriis,</span> <span class='ocrx_word' id='word_1_64' title='bbox 998 652 1115 691; x_wconf 90' lang='lat' dir='ltr'>etiam</span> <span class='ocrx_word' id='word_1_65' title='bbox 1143 652 1174 690; x_wconf 91' lang='lat' dir='ltr'>si</span> <span class='ocrx_word' id='word_1_66' title='bbox 1201 651 1240 689; x_wconf 93' lang='lat' dir='ltr'>in</span> <span class='ocrx_word' id='word_1_67' title='bbox 1262 665 1334 690; x_wconf 83' lang='lat' dir='ltr'>nos</span> <span class='ocrx_word' id='word_1_68' title='bbox 1362 665 1441 689; x_wconf 89' lang='lat' dir='ltr'>non</span> <span class='ocrx_word' id='word_1_69' title='bbox 1470 651 1500 689; x_wconf 87' lang='lat' dir='ltr'>is</span> 
     </span>
     <span class='ocr_line' id='line_1_9' title="bbox 170 716 1500 771; baseline -0.005 -11"><span class='ocrx_word' id='word_1_70' title='bbox 170 729 281 768; x_wconf 85' lang='lat' dir='ltr'>esset,</span> <span class='ocrx_word' id='word_1_71' title='bbox 323 721 389 771; x_wconf 85' lang='lat' dir='ltr'>qui</span> <span class='ocrx_word' id='word_1_72' title='bbox 429 729 496 768; x_wconf 80' lang='lat' dir='ltr'>est,</span> <span class='ocrx_word' id='word_1_73' title='bbox 539 728 671 759; x_wconf 89' lang='lat' dir='ltr'>tamen</span> <span class='ocrx_word' id='word_1_74' title='bbox 710 720 910 758; x_wconf 86' lang='lat' dir='ltr'>ornandus</span> <span class='ocrx_word' id='word_1_75' title='bbox 949 717 1154 756; x_wconf 75' lang='lat' dir='ltr'>videretur.</span> <span class='ocrx_word' id='word_1_76' title='bbox 1215 716 1278 755; x_wconf 76' lang='lat' dir='ltr'>Sic</span> <span class='ocrx_word' id='word_1_77' title='bbox 1319 716 1423 754; x_wconf 86' lang='lat' dir='ltr'>enim</span> <span class='ocrx_word' id='word_1_78' title='bbox 1464 723 1500 754; x_wconf 89' lang='lat' dir='ltr'>te</span> 
     </span>
     <span class='ocr_line' id='line_1_10' title="bbox 171 782 1502 832; baseline -0.004 -8"><span class='ocrx_word' id='word_1_79' title='bbox 171 786 389 825; x_wconf 80' lang='lat' dir='ltr'>existimare</span> <span class='ocrx_word' id='word_1_80' title='bbox 405 786 531 832; x_wconf 83' lang='lat' dir='ltr'>velim,</span> <span class='ocrx_word' id='word_1_81' title='bbox 549 799 639 824; x_wconf 88' lang='lat' dir='ltr'>cum</span> <span class='ocrx_word' id='word_1_82' title='bbox 660 799 683 823; x_wconf 88' lang='lat' dir='ltr'>a</span> <span class='ocrx_word' id='word_1_83' title='bbox 698 784 810 823; x_wconf 83' lang='lat' dir='ltr'>vobis</span> <span class='ocrx_word' id='word_1_84' title='bbox 832 798 942 822; x_wconf 87' lang='lat' dir='ltr'>meae</span> <span class='ocrx_word' id='word_1_85' title='bbox 963 783 1096 822; x_wconf 87' lang='lat' dir='ltr'>salutis</span> <span class='ocrx_word' id='word_1_86' title='bbox 1117 782 1343 821; x_wconf 83' lang='lat' dir='ltr'>auctoribus</span> <span class='ocrx_word' id='word_1_87' title='bbox 1359 782 1502 820; x_wconf 82' lang='lat' dir='ltr'>disces-</span> 
     </span>
    </p>

    <p class='ocr_par' dir='ltr' id='par_1_4' title="bbox 114 847 1499 965">
     <span class='ocr_line' id='line_1_11' title="bbox 114 847 1499 898; baseline -0.001 -12"><span class='ocrx_word' id='word_1_88' title='bbox 114 863 151 886; x_wconf 87' lang='lat'>10</span> <span class='ocrx_word' id='word_1_89' title='bbox 171 851 296 898; x_wconf 89' lang='lat' dir='ltr'>serim,</span> <span class='ocrx_word' id='word_1_90' title='bbox 318 851 520 890; x_wconf 84' lang='lat' dir='ltr'>neminem</span> <span class='ocrx_word' id='word_1_91' title='bbox 548 864 643 897; x_wconf 90' lang='lat' dir='ltr'>esse,</span> <span class='ocrx_word' id='word_1_92' title='bbox 667 849 778 889; x_wconf 86' lang='lat' dir='ltr'>cuius</span> <span class='ocrx_word' id='word_1_93' title='bbox 805 849 942 888; x_wconf 87' lang='lat' dir='ltr'>officiis</span> <span class='ocrx_word' id='word_1_94' title='bbox 971 863 1033 887; x_wconf 89' lang='lat' dir='ltr'>me</span> <span class='ocrx_word' id='word_1_95' title='bbox 1058 856 1136 886; x_wconf 90' lang='lat' dir='ltr'>tam</span> <span class='ocrx_word' id='word_1_96' title='bbox 1165 862 1250 887; x_wconf 92' lang='lat' dir='ltr'>esse</span> <span class='ocrx_word' id='word_1_97' title='bbox 1271 847 1499 887; x_wconf 82' lang='lat' dir='ltr'>devinctum</span> 
     </span>
     <span class='ocr_line' id='line_1_12' title="bbox 170 914 1072 965; baseline -0.002 -11"><span class='ocrx_word' id='word_1_98' title='bbox 170 930 250 955; x_wconf 91' lang='lat' dir='ltr'>non</span> <span class='ocrx_word' id='word_1_99' title='bbox 271 918 398 955; x_wconf 89' lang='lat' dir='ltr'>solum</span> <span class='ocrx_word' id='word_1_100' title='bbox 420 917 617 962; x_wconf 81' lang='lat' dir='ltr'>confitear,</span> <span class='ocrx_word' id='word_1_101' title='bbox 641 916 711 955; x_wconf 89' lang='lat' dir='ltr'>sed</span> <span class='ocrx_word' id='word_1_102' title='bbox 732 914 847 953; x_wconf 87' lang='lat' dir='ltr'>etiam</span> <span class='ocrx_word' id='word_1_103' title='bbox 869 915 1072 965; x_wconf 83' lang='lat' dir='ltr'>gaudeam.</span> 
     </span>
    </p>

    <p class='ocr_par' dir='ltr' id='par_1_5' title="bbox 170 979 1564 1160">
     <span class='ocr_line' id='line_1_13' title="bbox 225 979 1564 1032; baseline -0.001 -13"><span class='ocrx_word' id='word_1_104' title='bbox 225 982 347 1030; x_wconf 83' lang='lat' dir='ltr'>Quod</span> <span class='ocrx_word' id='word_1_105' title='bbox 368 980 555 1032; x_wconf 86' lang='lat' dir='ltr'>quoniam</span> <span class='ocrx_word' id='word_1_106' title='bbox 577 980 648 1019; x_wconf 83' lang='lat' dir='ltr'>tibi</span> <span class='ocrx_word' id='word_1_107' title='bbox 670 979 844 1030; x_wconf 78' lang='lat' dir='ltr'>exposui,</span> <span class='ocrx_word' id='word_1_108' title='bbox 866 979 995 1018; x_wconf 76' lang='lat' dir='ltr'>facilia</span> <span class='ocrx_word' id='word_1_109' title='bbox 1015 986 1104 1018; x_wconf 88' lang='lat' dir='ltr'>sunt</span> <span class='ocrx_word' id='word_1_110' title='bbox 1126 993 1181 1027; x_wconf 86' lang='lat' dir='ltr'>ea,</span> <span class='ocrx_word' id='word_1_111' title='bbox 1201 993 1301 1030; x_wconf 89' lang='lat' dir='ltr'>quae</span> <span class='ocrx_word' id='word_1_112' title='bbox 1322 993 1345 1018; x_wconf 90' lang='lat' dir='ltr'>a</span> <span class='ocrx_word' id='word_1_113' title='bbox 1366 993 1427 1018; x_wconf 91' lang='lat' dir='ltr'>me</span> <span class='ocrx_word' id='word_1_114' title='bbox 1448 980 1497 1018; x_wconf 91' lang='lat' dir='ltr'>de</span> <span class='ocrx_word' id='word_1_115' title='bbox 1518 989 1564 1026; x_wconf 89' lang='lat'>19</span> 
     </span>
     <span class='ocr_line' id='line_1_14' title="bbox 170 1044 1499 1095; baseline -0.001 -12"><span class='ocrx_word' id='word_1_116' title='bbox 170 1045 330 1084; x_wconf 80' lang='lat' dir='ltr'>Vatinio</span> <span class='ocrx_word' id='word_1_117' title='bbox 351 1053 389 1084; x_wconf 92' lang='lat' dir='ltr'>et</span> <span class='ocrx_word' id='word_1_118' title='bbox 409 1047 459 1084; x_wconf 89' lang='lat' dir='ltr'>de</span> <span class='ocrx_word' id='word_1_119' title='bbox 481 1047 623 1085; x_wconf 86' lang='lat' dir='ltr'>Crasso</span> <span class='ocrx_word' id='word_1_120' title='bbox 645 1044 818 1095; x_wconf 82' lang='lat' dir='ltr'>requiris.</span> <span class='ocrx_word' id='word_1_121' title='bbox 879 1046 983 1083; x_wconf 89' lang='lat' dir='ltr'>Nam</span> <span class='ocrx_word' id='word_1_122' title='bbox 1004 1046 1055 1084; x_wconf 87' lang='lat' dir='ltr'>de</span> <span class='ocrx_word' id='word_1_123' title='bbox 1076 1044 1208 1095; x_wconf 85' lang='lat' dir='ltr'>Appio</span> <span class='ocrx_word' id='word_1_124' title='bbox 1229 1045 1338 1095; x_wconf 89' lang='lat' dir='ltr'>quod</span> <span class='ocrx_word' id='word_1_125' title='bbox 1363 1044 1499 1083; x_wconf 89' lang='lat' dir='ltr'>scribis</span> 
     </span>
     <span class='ocr_line' id='line_1_15' title="bbox 170 1109 1498 1160; baseline -0.001 -12"><span class='ocrx_word' id='word_1_126' title='bbox 170 1110 284 1149; x_wconf 88' lang='lat' dir='ltr'>sicuti</span> <span class='ocrx_word' id='word_1_127' title='bbox 300 1111 350 1149; x_wconf 91' lang='lat' dir='ltr'>de</span> <span class='ocrx_word' id='word_1_128' title='bbox 367 1111 534 1149; x_wconf 87' lang='lat' dir='ltr'>Caesare</span> <span class='ocrx_word' id='word_1_129' title='bbox 555 1117 592 1148; x_wconf 93' lang='lat' dir='ltr'>te</span> <span class='ocrx_word' id='word_1_130' title='bbox 613 1123 693 1148; x_wconf 90' lang='lat' dir='ltr'>non</span> <span class='ocrx_word' id='word_1_131' title='bbox 716 1110 1012 1160; x_wconf 87' lang='lat' dir='ltr'>reprehendere,</span> <span class='ocrx_word' id='word_1_132' title='bbox 1028 1111 1182 1159; x_wconf 85' lang='lat' dir='ltr'>gaudeo</span> <span class='ocrx_word' id='word_1_133' title='bbox 1200 1109 1269 1148; x_wconf 92' lang='lat' dir='ltr'>tibi</span> <span class='ocrx_word' id='word_1_134' title='bbox 1290 1109 1498 1148; x_wconf 81' lang='lat' dir='ltr'>consilium</span> 
     </span>
    </p>

    <p class='ocr_par' dir='ltr' id='par_1_6' title="bbox 113 1174 1501 1485">
     <span class='ocr_line' id='line_1_16' title="bbox 113 1174 1501 1226; baseline -0.001 -12"><span class='ocrx_word' id='word_1_135' title='bbox 113 1188 149 1221; x_wconf 80' lang='lat'>15</span> <span class='ocrx_word' id='word_1_136' title='bbox 170 1175 325 1226; x_wconf 89' lang='lat' dir='ltr'>probari</span> <span class='ocrx_word' id='word_1_137' title='bbox 347 1189 490 1214; x_wconf 90' lang='lat' dir='ltr'>meum.</span> <span class='ocrx_word' id='word_1_138' title='bbox 552 1177 614 1214; x_wconf 88' lang='lat' dir='ltr'>De</span> <span class='ocrx_word' id='word_1_139' title='bbox 630 1174 791 1214; x_wconf 78' lang='lat' dir='ltr'>Vatinio</span> <span class='ocrx_word' id='word_1_140' title='bbox 807 1183 938 1214; x_wconf 86' lang='lat' dir='ltr'>autem</span> <span class='ocrx_word' id='word_1_141' title='bbox 961 1174 1130 1225; x_wconf 92' lang='lat' dir='ltr'>primum</span> <span class='ocrx_word' id='word_1_142' title='bbox 1152 1174 1299 1213; x_wconf 90' lang='lat' dir='ltr'>reditus</span> <span class='ocrx_word' id='word_1_143' title='bbox 1320 1174 1501 1213; x_wconf 86' lang='lat' dir='ltr'>interces-</span> 
     </span>
     <span class='ocr_line' id='line_1_17' title="bbox 170 1239 1500 1290; baseline -0.002 -11"><span class='ocrx_word' id='word_1_144' title='bbox 170 1248 270 1279; x_wconf 87' lang='lat' dir='ltr'>serat</span> <span class='ocrx_word' id='word_1_145' title='bbox 300 1240 339 1279; x_wconf 85' lang='lat' dir='ltr'>in</span> <span class='ocrx_word' id='word_1_146' title='bbox 369 1239 530 1290; x_wconf 83' lang='lat' dir='ltr'>gratiam</span> <span class='ocrx_word' id='word_1_147' title='bbox 561 1253 630 1290; x_wconf 88' lang='lat' dir='ltr'>per</span> <span class='ocrx_word' id='word_1_148' title='bbox 661 1239 907 1289; x_wconf 86' lang='lat' dir='ltr'>Pompeium,</span> <span class='ocrx_word' id='word_1_149' title='bbox 937 1239 1066 1277; x_wconf 88' lang='lat' dir='ltr'>statim</span> <span class='ocrx_word' id='word_1_150' title='bbox 1098 1247 1138 1277; x_wconf 90' lang='lat' dir='ltr'>ut</span> <span class='ocrx_word' id='word_1_151' title='bbox 1169 1239 1233 1277; x_wconf 92' lang='lat' dir='ltr'>ille</span> <span class='ocrx_word' id='word_1_152' title='bbox 1262 1247 1416 1289; x_wconf 89' lang='lat' dir='ltr'>praetor</span> <span class='ocrx_word' id='word_1_153' title='bbox 1443 1247 1500 1277; x_wconf 87' lang='lat' dir='ltr'>est</span> 
     </span>
     <span class='ocr_line' id='line_1_18' title="bbox 170 1303 1499 1355; baseline -0.002 -12"><span class='ocrx_word' id='word_1_154' title='bbox 170 1306 306 1351; x_wconf 86' lang='lat' dir='ltr'>factus,</span> <span class='ocrx_word' id='word_1_155' title='bbox 322 1318 412 1342; x_wconf 87' lang='lat' dir='ltr'>curn</span> <span class='ocrx_word' id='word_1_156' title='bbox 430 1304 591 1355; x_wconf 90' lang='lat' dir='ltr'>quidem</span> <span class='ocrx_word' id='word_1_157' title='bbox 609 1318 681 1354; x_wconf 77' lang='lat' dir='ltr'>ego</span> <span class='ocrx_word' id='word_1_158' title='bbox 698 1304 780 1342; x_wconf 90' lang='lat' dir='ltr'>eius</span> <span class='ocrx_word' id='word_1_159' title='bbox 802 1303 1032 1354; x_wconf 82' lang='lat' dir='ltr'>petitionem</span> <span class='ocrx_word' id='word_1_160' title='bbox 1055 1303 1289 1353; x_wconf 77' lang='lat' dir='ltr'>gravissimis</span> <span class='ocrx_word' id='word_1_161' title='bbox 1306 1304 1344 1342; x_wconf 91' lang='lat' dir='ltr'>in</span> <span class='ocrx_word' id='word_1_162' title='bbox 1363 1312 1499 1342; x_wconf 82' lang='lat' dir='ltr'>senatu</span> 
     </span>
     <span class='ocr_line' id='line_1_19' title="bbox 170 1369 1501 1420; baseline -0.001 -12"><span class='ocrx_word' id='word_1_163' title='bbox 170 1369 373 1409; x_wconf 84' lang='lat' dir='ltr'>sententiis</span> <span class='ocrx_word' id='word_1_164' title='bbox 408 1383 711 1420; x_wconf 81' lang='lat' dir='ltr'>oppugnassem,</span> <span class='ocrx_word' id='word_1_165' title='bbox 746 1384 875 1420; x_wconf 83' lang='lat' dir='ltr'>neque</span> <span class='ocrx_word' id='word_1_166' title='bbox 915 1377 994 1408; x_wconf 88' lang='lat' dir='ltr'>tam</span> <span class='ocrx_word' id='word_1_167' title='bbox 1030 1369 1130 1407; x_wconf 90' lang='lat' dir='ltr'>illius</span> <span class='ocrx_word' id='word_1_168' title='bbox 1165 1369 1347 1408; x_wconf 86' lang='lat' dir='ltr'>laedendi</span> <span class='ocrx_word' id='word_1_169' title='bbox 1383 1383 1501 1408; x_wconf 85' lang='lat' dir='ltr'>causa</span> 
     </span>
     <span class='ocr_line' id='line_1_20' title="bbox 170 1434 1499 1485; baseline -0.001 -12"><span class='ocrx_word' id='word_1_170' title='bbox 170 1448 288 1485; x_wconf 88' lang='lat' dir='ltr'>quam</span> <span class='ocrx_word' id='word_1_171' title='bbox 337 1434 579 1473; x_wconf 89' lang='lat' dir='ltr'>defendendi</span> <span class='ocrx_word' id='word_1_172' title='bbox 627 1442 745 1484; x_wconf 90' lang='lat' dir='ltr'>atque</span> <span class='ocrx_word' id='word_1_173' title='bbox 790 1434 957 1473; x_wconf 88' lang='lat' dir='ltr'>ornandi</span> <span class='ocrx_word' id='word_1_174' title='bbox 997 1434 1160 1474; x_wconf 87' lang='lat' dir='ltr'>Catonis</span> <span class='ocrx_word' id='word_1_175' title='bbox 1179 1449 1188 1481; x_wconf 78' lang='lat'><em>3</em></span> <span class='ocrx_word' id='word_1_176' title='bbox 1235 1442 1324 1484; x_wconf 90' lang='lat' dir='ltr'>post</span> <span class='ocrx_word' id='word_1_177' title='bbox 1367 1442 1499 1472; x_wconf 90' lang='lat' dir='ltr'>autem</span> 
     </span>
    </p>

    <p class='ocr_par' dir='ltr' id='par_1_7' title="bbox 111 1499 1501 1812">
     <span class='ocr_line' id='line_1_21' title="bbox 111 1499 1501 1546; baseline -0.002 -6"><span class='ocrx_word' id='word_1_178' title='bbox 111 1512 152 1534; x_wconf 81' lang='lat'>20</span> <span class='ocrx_word' id='word_1_179' title='bbox 171 1499 359 1546; x_wconf 86' lang='lat' dir='ltr'>Caesaris,</span> <span class='ocrx_word' id='word_1_180' title='bbox 380 1500 433 1538; x_wconf 79' lang='lat' dir='ltr'>‘ut</span> <span class='ocrx_word' id='word_1_181' title='bbox 464 1499 573 1538; x_wconf 90' lang='lat' dir='ltr'>illum</span> <span class='ocrx_word' id='word_1_182' title='bbox 609 1501 876 1546; x_wconf 84' lang='lat' dir='ltr'>defenderem,</span> <span class='ocrx_word' id='word_1_183' title='bbox 910 1499 1006 1538; x_wconf 83' lang='lat' dir='ltr'>mira</span> <span class='ocrx_word' id='word_1_184' title='bbox 1040 1499 1242 1538; x_wconf 85' lang='lat' dir='ltr'>contentio</span> <span class='ocrx_word' id='word_1_185' title='bbox 1275 1507 1333 1537; x_wconf 92' lang='lat' dir='ltr'>est</span> <span class='ocrx_word' id='word_1_186' title='bbox 1367 1513 1501 1538; x_wconf 88' lang='lat' dir='ltr'>conse-</span> 
     </span>
     <span class='ocr_line' id='line_1_22' title="bbox 170 1564 1499 1615; baseline -0.001 -11"><span class='ocrx_word' id='word_1_187' title='bbox 170 1574 269 1604; x_wconf 84' lang='lat' dir='ltr'>cuta.</span> <span class='ocrx_word' id='word_1_188' title='bbox 330 1567 410 1605; x_wconf 90' lang='lat' dir='ltr'>Cur</span> <span class='ocrx_word' id='word_1_189' title='bbox 436 1573 569 1603; x_wconf 85' lang='lat' dir='ltr'>autem</span> <span class='ocrx_word' id='word_1_190' title='bbox 599 1564 802 1612; x_wconf 87' lang='lat' dir='ltr'>laudarim,</span> <span class='ocrx_word' id='word_1_191' title='bbox 827 1573 919 1615; x_wconf 87' lang='lat' dir='ltr'>peto</span> <span class='ocrx_word' id='word_1_192' title='bbox 943 1579 966 1603; x_wconf 90' lang='lat' dir='ltr'>a</span> <span class='ocrx_word' id='word_1_193' title='bbox 993 1573 1041 1612; x_wconf 88' lang='lat' dir='ltr'>te,</span> <span class='ocrx_word' id='word_1_194' title='bbox 1065 1573 1106 1603; x_wconf 92' lang='lat' dir='ltr'>ut</span> <span class='ocrx_word' id='word_1_195' title='bbox 1132 1565 1171 1603; x_wconf 90' lang='lat' dir='ltr'>id</span> <span class='ocrx_word' id='word_1_196' title='bbox 1195 1579 1218 1604; x_wconf 87' lang='lat' dir='ltr'>a</span> <span class='ocrx_word' id='word_1_197' title='bbox 1246 1579 1308 1604; x_wconf 89' lang='lat' dir='ltr'>me</span> <span class='ocrx_word' id='word_1_198' title='bbox 1335 1579 1433 1604; x_wconf 81' lang='lat' dir='ltr'>neve</span> <span class='ocrx_word' id='word_1_199' title='bbox 1461 1565 1499 1603; x_wconf 88' lang='lat' dir='ltr'>in</span> 
     </span>
     <span class='ocr_line' id='line_1_23' title="bbox 169 1630 1497 1680; baseline 0 -12"><span class='ocrx_word' id='word_1_200' title='bbox 169 1631 245 1670; x_wconf 86' lang='lat' dir='ltr'>hoc</span> <span class='ocrx_word' id='word_1_201' title='bbox 275 1645 340 1670; x_wconf 92' lang='lat' dir='ltr'>reo</span> <span class='ocrx_word' id='word_1_202' title='bbox 368 1645 466 1669; x_wconf 80' lang='lat' dir='ltr'>neve</span> <span class='ocrx_word' id='word_1_203' title='bbox 494 1630 532 1668; x_wconf 92' lang='lat' dir='ltr'>in</span> <span class='ocrx_word' id='word_1_204' title='bbox 560 1630 645 1669; x_wconf 86' lang='lat' dir='ltr'>aliis</span> <span class='ocrx_word' id='word_1_205' title='bbox 676 1630 858 1680; x_wconf 85' lang='lat' dir='ltr'>requiras,</span> <span class='ocrx_word' id='word_1_206' title='bbox 882 1644 932 1668; x_wconf 90' lang='lat' dir='ltr'>ne</span> <span class='ocrx_word' id='word_1_207' title='bbox 960 1630 1030 1668; x_wconf 91' lang='lat' dir='ltr'>tibi</span> <span class='ocrx_word' id='word_1_208' title='bbox 1058 1644 1130 1680; x_wconf 80' lang='lat' dir='ltr'>ego</span> <span class='ocrx_word' id='word_1_209' title='bbox 1161 1630 1267 1669; x_wconf 90' lang='lat' dir='ltr'>idem</span> <span class='ocrx_word' id='word_1_210' title='bbox 1297 1644 1497 1680; x_wconf 80' lang='lat' dir='ltr'>reponam,</span> 
     </span>
     <span class='ocr_line' id='line_1_24' title="bbox 169 1695 1499 1746; baseline -0.002 -11"><span class='ocrx_word' id='word_1_211' title='bbox 169 1710 260 1735; x_wconf 86' lang='lat' dir='ltr'>cum</span> <span class='ocrx_word' id='word_1_212' title='bbox 298 1695 459 1735; x_wconf 80' lang='lat' dir='ltr'>veneris.</span> <span class='ocrx_word' id='word_1_213' title='bbox 537 1695 713 1734; x_wconf 80' lang='lat' dir='ltr'>Tametsi</span> <span class='ocrx_word' id='word_1_214' title='bbox 761 1709 923 1746; x_wconf 88' lang='lat' dir='ltr'>possum</span> <span class='ocrx_word' id='word_1_215' title='bbox 963 1697 1023 1734; x_wconf 79' lang='lat' dir='ltr'>vel</span> <span class='ocrx_word' id='word_1_216' title='bbox 1070 1695 1246 1734; x_wconf 83' lang='lat' dir='ltr'>absenti:</span> <span class='ocrx_word' id='word_1_217' title='bbox 1295 1696 1499 1734; x_wconf 85' lang='lat' dir='ltr'>recordare</span> 
     </span>
     <span class='ocr_line' id='line_1_25' title="bbox 169 1760 1499 1812; baseline -0.002 -12"><span class='ocrx_word' id='word_1_218' title='bbox 169 1761 286 1809; x_wconf 91' lang='lat' dir='ltr'>enim,</span> <span class='ocrx_word' id='word_1_219' title='bbox 320 1761 463 1812; x_wconf 90' lang='lat' dir='ltr'>quibus</span> <span class='ocrx_word' id='word_1_220' title='bbox 499 1760 767 1800; x_wconf 89' lang='lat' dir='ltr'>laudationem</span> <span class='ocrx_word' id='word_1_221' title='bbox 803 1775 849 1799; x_wconf 80' lang='lat' dir='ltr'>ex</span> <span class='ocrx_word' id='word_1_222' title='bbox 884 1760 1030 1799; x_wconf 87' lang='lat' dir='ltr'>ultimis</span> <span class='ocrx_word' id='word_1_223' title='bbox 1066 1760 1174 1799; x_wconf 85' lang='lat' dir='ltr'>terris</span> <span class='ocrx_word' id='word_1_224' title='bbox 1209 1760 1382 1808; x_wconf 86' lang='lat' dir='ltr'>miseris;</span> <span class='ocrx_word' id='word_1_225' title='bbox 1426 1774 1499 1799; x_wconf 88' lang='lat' dir='ltr'>nec</span> 
     </span>
    </p>

    <p class='ocr_par' dir='ltr' id='par_1_8' title="bbox 112 1825 1500 2071">
     <span class='ocr_line' id='line_1_26' title="bbox 112 1825 1500 1877; baseline 0.001 -14"><span class='ocrx_word' id='word_1_226' title='bbox 112 1841 149 1873; x_wconf 87' lang='lat'>25</span> <span class='ocrx_word' id='word_1_227' title='bbox 169 1827 246 1865; x_wconf 84' lang='lat' dir='ltr'>hoc</span> <span class='ocrx_word' id='word_1_228' title='bbox 272 1825 528 1877; x_wconf 88' lang='lat' dir='ltr'>pertimueris‚</span> <span class='ocrx_word' id='word_1_229' title='bbox 552 1839 643 1864; x_wconf 84' lang='lat' dir='ltr'>nam</span> <span class='ocrx_word' id='word_1_230' title='bbox 671 1839 695 1864; x_wconf 88' lang='lat' dir='ltr'>a</span> <span class='ocrx_word' id='word_1_231' title='bbox 720 1839 785 1864; x_wconf 88' lang='lat' dir='ltr'>me</span> <span class='ocrx_word' id='word_1_232' title='bbox 814 1825 901 1876; x_wconf 88' lang='lat' dir='ltr'>ipso</span> <span class='ocrx_word' id='word_1_233' title='bbox 928 1826 1137 1864; x_wconf 88' lang='lat' dir='ltr'>laudantur</span> <span class='ocrx_word' id='word_1_234' title='bbox 1167 1833 1204 1864; x_wconf 89' lang='lat' dir='ltr'>et</span> <span class='ocrx_word' id='word_1_235' title='bbox 1234 1826 1500 1864; x_wconf 86' lang='lat' dir='ltr'>laudabuntur</span> 
     </span>
     <span class='ocr_line' id='line_1_27' title="bbox 169 1890 1496 1937; baseline -0.002 -6"><span class='ocrx_word' id='word_1_236' title='bbox 169 1890 286 1931; x_wconf 89' lang='lat' dir='ltr'>idem.</span> <span class='ocrx_word' id='word_1_237' title='bbox 332 1891 411 1930; x_wconf 89' lang='lat' dir='ltr'>Sed</span> <span class='ocrx_word' id='word_1_238' title='bbox 432 1899 564 1930; x_wconf 86' lang='lat' dir='ltr'>tamen</span> <span class='ocrx_word' id='word_1_239' title='bbox 586 1890 828 1929; x_wconf 84' lang='lat' dir='ltr'>defendendi</span> <span class='ocrx_word' id='word_1_240' title='bbox 843 1890 976 1929; x_wconf 73' lang='lat' dir='ltr'>Vatini</span> <span class='ocrx_word' id='word_1_241' title='bbox 993 1890 1064 1929; x_wconf 89' lang='lat' dir='ltr'>fuit</span> <span class='ocrx_word' id='word_1_242' title='bbox 1081 1890 1198 1929; x_wconf 87' lang='lat' dir='ltr'>etiam</span> <span class='ocrx_word' id='word_1_243' title='bbox 1220 1890 1284 1929; x_wconf 87' lang='lat' dir='ltr'>ille</span> <span class='ocrx_word' id='word_1_244' title='bbox 1305 1890 1496 1937; x_wconf 87' lang='lat' dir='ltr'>stimulus,</span> 
     </span>
     <span class='ocr_line' id='line_1_28' title="bbox 169 1955 1499 2006; baseline 0 -11"><span class='ocrx_word' id='word_1_245' title='bbox 169 1957 219 1995; x_wconf 87' lang='lat' dir='ltr'>de</span> <span class='ocrx_word' id='word_1_246' title='bbox 246 1969 325 2006; x_wconf 89' lang='lat' dir='ltr'>quo</span> <span class='ocrx_word' id='word_1_247' title='bbox 353 1955 391 1994; x_wconf 88' lang='lat' dir='ltr'>in</span> <span class='ocrx_word' id='word_1_248' title='bbox 419 1955 576 2002; x_wconf 84' lang='lat' dir='ltr'>iudicio,</span> <span class='ocrx_word' id='word_1_249' title='bbox 600 1970 721 2005; x_wconf 89' lang='lat' dir='ltr'>quom</span> <span class='ocrx_word' id='word_1_250' title='bbox 750 1955 859 1994; x_wconf 90' lang='lat' dir='ltr'>illum</span> <span class='ocrx_word' id='word_1_251' title='bbox 887 1957 1152 2003; x_wconf 85' lang='lat' dir='ltr'>defenderem,</span> <span class='ocrx_word' id='word_1_252' title='bbox 1176 1956 1254 1994; x_wconf 77' lang='lat' dir='ltr'>dixi</span> <span class='ocrx_word' id='word_1_253' title='bbox 1284 1971 1345 1995; x_wconf 91' lang='lat' dir='ltr'>me</span> <span class='ocrx_word' id='word_1_254' title='bbox 1374 1958 1499 1995; x_wconf 86' lang='lat' dir='ltr'>facere</span> 
     </span>
     <span class='ocr_line' id='line_1_29' title="bbox 169 2020 1353 2071; baseline 0.001 -11"><span class='ocrx_word' id='word_1_255' title='bbox 169 2020 371 2071; x_wconf 87' lang='lat' dir='ltr'>quiddam,</span> <span class='ocrx_word' id='word_1_256' title='bbox 394 2022 502 2071; x_wconf 89' lang='lat' dir='ltr'>quod</span> <span class='ocrx_word' id='word_1_257' title='bbox 523 2021 561 2059; x_wconf 88' lang='lat' dir='ltr'>in</span> <span class='ocrx_word' id='word_1_258' title='bbox 586 2022 782 2060; x_wconf 83' lang='lat' dir='ltr'>Eunucho</span> <span class='ocrx_word' id='word_1_259' title='bbox 804 2021 994 2071; x_wconf 85' lang='lat' dir='ltr'>parasitus</span> <span class='ocrx_word' id='word_1_260' title='bbox 1016 2022 1196 2060; x_wconf 88' lang='lat' dir='ltr'>suaderet</span> <span class='ocrx_word' id='word_1_261' title='bbox 1218 2021 1353 2061; x_wconf 85' lang='lat' dir='ltr'>militi:</span> 
     </span>
    </p>

    <p class='ocr_par' dir='ltr' id='par_1_9' title="bbox 306 2085 1296 2137">
     <span class='ocr_line' id='line_1_30' title="bbox 306 2085 1296 2137; baseline -0.001 -11"><span class='ocrx_word' id='word_1_262' title='bbox 306 2086 413 2126; x_wconf 90' lang='lat' dir='ltr'>‘Ubi</span> <span class='ocrx_word' id='word_1_263' title='bbox 442 2085 663 2125; x_wconf 77' lang='lat' dir='ltr'>nominabit</span> <span class='ocrx_word' id='word_1_264' title='bbox 696 2085 941 2133; x_wconf 77' lang='lat' dir='ltr'>Phaedriam,</span> <span class='ocrx_word' id='word_1_265' title='bbox 976 2094 1017 2124; x_wconf 88' lang='lat' dir='ltr'>tu</span> <span class='ocrx_word' id='word_1_266' title='bbox 1050 2086 1296 2137; x_wconf 72' lang='lat' dir='ltr'>Pamphilam</span> 
     </span>
    </p>

    <p class='ocr_par' dir='ltr' id='par_1_10' title="bbox 110 2151 1376 2201">
     <span class='ocr_line' id='line_1_31' title="bbox 110 2151 1376 2201; baseline 0.002 -13"><span class='ocrx_word' id='word_1_267' title='bbox 110 2165 150 2196; x_wconf 77' lang='lat'>30</span> <span class='ocrx_word' id='word_1_268' title='bbox 330 2151 546 2199; x_wconf 62' lang='lat' dir='ltr'>continuo,</span> <span class='ocrx_word' id='word_1_269' title='bbox 584 2151 615 2189; x_wconf 91' lang='lat' dir='ltr'>si</span> <span class='ocrx_word' id='word_1_270' title='bbox 646 2152 807 2201; x_wconf 89' lang='lat' dir='ltr'>quando</span> <span class='ocrx_word' id='word_1_271' title='bbox 838 2151 903 2189; x_wconf 78' lang='lat' dir='ltr'>illa</span> <span class='ocrx_word' id='word_1_272' title='bbox 933 2151 1063 2190; x_wconf 85' lang='lat' dir='ltr'>dicet:</span> <span class='ocrx_word' id='word_1_273' title='bbox 1108 2152 1376 2192; x_wconf 76' lang='lat' dir='ltr'>“Phaedriam</span> 
     </span>
    </p>

    <p class='ocr_par' dir='ltr' id='par_1_11' title="bbox 330 2216 1237 2267">
     <span class='ocr_line' id='line_1_32' title="bbox 330 2216 1237 2267; baseline 0 -13"><span class='ocrx_word' id='word_1_274' title='bbox 330 2216 635 2258; x_wconf 79' lang='lat' dir='ltr'>intromittamus</span> <span class='ocrx_word' id='word_1_275' title='bbox 667 2216 958 2263; x_wconf 78' lang='lat' dir='ltr'>comissatum‚⁷’</span> <span class='ocrx_word' id='word_1_276' title='bbox 990 2217 1237 2267; x_wconf 75' lang='lat' dir='ltr'>Pamphilam</span> 
     </span>
    </p>
   </div>
   <div class='ocr_carea' id='block_1_3' title="bbox 167 2318 1500 2493">
    <p class='ocr_par' dir='ltr' id='par_1_12' title="bbox 167 2318 1500 2493">
     <span class='ocr_line' id='line_1_33' title="bbox 212 2318 1500 2360; baseline 0 -8"><span class='ocrx_word' id='word_1_277' title='bbox 212 2322 233 2351; x_wconf 89' lang='lat'><strong>6</strong></span> <span class='ocrx_word' id='word_1_278' title='bbox 255 2325 391 2360; x_wconf 85' lang='lat' dir='ltr'>gereret</span> <span class='ocrx_word' id='word_1_279' title='bbox 408 2321 486 2351; x_wconf 37' lang='grc' dir='ltr'>ΜΚ·</span> <span class='ocrx_word' id='word_1_280' title='bbox 516 2325 612 2359; x_wconf 87' lang='lat' dir='ltr'>geret</span> <span class='ocrx_word' id='word_1_281' title='bbox 629 2318 697 2352; x_wconf 67' lang='lat' dir='ltr'>llll:</span> <span class='ocrx_word' id='word_1_282' title='bbox 728 2320 829 2351; x_wconf 87' lang='lat' dir='ltr'>iniret</span> <span class='ocrx_word' id='word_1_283' title='bbox 849 2321 977 2360; x_wconf 73' lang='lat' dir='ltr'>G‚sorl.</span> <span class='ocrx_word' id='word_1_284' title='bbox 1001 2324 1090 2352; x_wconf 68' lang='lat' dir='ltr'>necte:</span> <span class='ocrx_word' id='word_1_285' title='bbox 1119 2321 1150 2351; x_wconf 86' lang='lat' dir='ltr'>in</span> <span class='ocrx_word' id='word_1_286' title='bbox 1170 2321 1216 2351; x_wconf 83' lang='lat' dir='ltr'>ira</span> <span class='ocrx_word' id='word_1_287' title='bbox 1234 2321 1267 2351; x_wconf 79' lang='lat' dir='ltr'><em>R</em></span> <span class='ocrx_word' id='word_1_288' title='bbox 1408 2322 1428 2351; x_wconf 92' lang='lat'>8</span> <span class='ocrx_word' id='word_1_289' title='bbox 1452 2322 1500 2352; x_wconf 83' lang='lat' dir='ltr'>sic</span> 
     </span>
     <span class='ocr_line' id='line_1_34' title="bbox 170 2363 1500 2401; baseline 0 -7"><span class='ocrx_word' id='word_1_290' title='bbox 170 2363 241 2396; x_wconf 63' lang='lat' dir='ltr'>Mr:</span> <span class='ocrx_word' id='word_1_291' title='bbox 271 2365 298 2394; x_wconf 85' lang='lat' dir='ltr'>si</span> <span class='ocrx_word' id='word_1_292' title='bbox 319 2364 405 2395; x_wconf 83' lang='lat' dir='ltr'>codd.</span> <span class='ocrx_word' id='word_1_293' title='bbox 544 2375 582 2394; x_wconf 83' lang='lat' dir='ltr'>ro</span> <span class='ocrx_word' id='word_1_294' title='bbox 607 2374 692 2401; x_wconf 80' lang='lat' dir='ltr'>esse,</span> <span class='ocrx_word' id='word_1_295' title='bbox 714 2365 808 2395; x_wconf 84' lang='lat' dir='ltr'>cuius</span> <span class='ocrx_word' id='word_1_296' title='bbox 829 2368 919 2395; x_wconf 56' lang='lat' dir='ltr'>vetat</span> <span class='ocrx_word' id='word_1_297' title='bbox 951 2369 1126 2395; x_wconf 83' lang='lat' dir='ltr'>essecutus</span> <span class='ocrx_word' id='word_1_298' title='bbox 1147 2363 1205 2395; x_wconf 82' lang='lat' dir='ltr'>M:</span> <span class='ocrx_word' id='word_1_299' title='bbox 1230 2376 1265 2395; x_wconf 87' lang='lat' dir='ltr'>es</span> <span class='ocrx_word' id='word_1_300' title='bbox 1284 2370 1418 2395; x_wconf 79' lang='lat' dir='ltr'>secutus</span> <span class='ocrx_word' id='word_1_301' title='bbox 1438 2365 1500 2394; x_wconf 77' lang='lat' dir='ltr'>GR</span> 
     </span>
     <span class='ocr_line' id='line_1_35' title="bbox 167 2407 1498 2447; baseline 0.001 -10"><span class='ocrx_word' id='word_1_302' title='bbox 167 2418 205 2446; x_wconf 78' lang='lat'>31</span> <span class='ocrx_word' id='word_1_303' title='bbox 228 2407 453 2447; x_wconf 83' lang='lat' dir='ltr'>Pamphilam]</span> <span class='ocrx_word' id='word_1_304' title='bbox 471 2412 506 2438; x_wconf 83' lang='lat' dir='ltr'>tu</span> <span class='ocrx_word' id='word_1_305' title='bbox 526 2408 559 2439; x_wconf 83' lang='lat' dir='ltr'>P.</span> <span class='ocrx_word' id='word_1_306' title='bbox 579 2411 649 2438; x_wconf 81' lang='lat' dir='ltr'>vell.</span> <span class='ocrx_word' id='word_1_307' title='bbox 668 2418 706 2438; x_wconf 74' lang='lat' dir='ltr'>ex</span> <span class='ocrx_word' id='word_1_308' title='bbox 721 2408 786 2438; x_wconf 85' lang='lat' dir='ltr'>cod.</span> <span class='ocrx_word' id='word_1_309' title='bbox 805 2408 918 2439; x_wconf 82' lang='lat' dir='ltr'>Bemb.</span> <span class='ocrx_word' id='word_1_310' title='bbox 945 2408 1070 2438; x_wconf 75' lang='lat' dir='ltr'>Terenti</span> <span class='ocrx_word' id='word_1_311' title='bbox 1081 2408 1168 2438; x_wconf 79' lang='lat' dir='ltr'>Eun.</span> <span class='ocrx_word' id='word_1_312' title='bbox 1188 2419 1260 2446; x_wconf 83' lang='lat'>442.</span> <span class='ocrx_word' id='word_1_313' title='bbox 1317 2409 1400 2438; x_wconf 76' lang='lat' dir='ltr'>Tum</span> <span class='ocrx_word' id='word_1_314' title='bbox 1424 2409 1498 2438; x_wconf 65' lang='lat' dir='ltr'>scri-</span> 
     </span>
     <span class='ocr_line' id='line_1_36' title="bbox 168 2450 1458 2493; baseline 0.001 -12"><span class='ocrx_word' id='word_1_315' title='bbox 168 2451 310 2481; x_wconf 76' lang='lat' dir='ltr'>bendum</span> <span class='ocrx_word' id='word_1_316' title='bbox 333 2451 567 2481; x_wconf 72' lang='lat' dir='ltr'>“Phaedriam</span> <span class='ocrx_word' id='word_1_317' title='bbox 587 2452 618 2482; x_wconf 86' lang='lat' dir='ltr'>in</span> <span class='ocrx_word' id='word_1_318' title='bbox 642 2450 646 2493; x_wconf 66' lang='grc' dir='ltr'>Ι</span> <span class='ocrx_word' id='word_1_319' title='bbox 668 2456 718 2481; x_wconf 81' lang='lat' dir='ltr'>tro</span> <span class='ocrx_word' id='word_1_320' title='bbox 737 2451 907 2482; x_wconf 84' lang='lat' dir='ltr'>mittamus</span> <span class='ocrx_word' id='word_1_321' title='bbox 925 2450 1175 2489; x_wconf 79' lang='lat' dir='ltr'>comissatum,&#39;&#39;</span> <span class='ocrx_word' id='word_1_322' title='bbox 1194 2457 1228 2482; x_wconf 91' lang='lat' dir='ltr'>tu</span> <span class='ocrx_word' id='word_1_323' title='bbox 1249 2451 1458 2491; x_wconf 79' lang='lat' dir='ltr'>Pamphilam</span> 
     </span>
    </p>
   </div>
  </div>
 </body>
</html>
