1791 2796
123 130 191 167 IX.
215 141 274 166 xv
593 128 648 165 M.
681 128 850 164 TVLLI
885 128 1192 165 (¹1(‘1‹2RONIS

225 242 381 287 litteras,
411 240 556 290 quibus
588 239 683 277 mihi
712 241 853 290 gratias
884 248 1011 289 agant,
1041 241 1149 290 quod
1181 253 1221 278 se
1251 254 1339 279 mea
1368 240 1561 280 sententia

225 320 334 356 reges
354 305 643 356 appellaverim,
660 318 759 355 quos
781 319 854 354 ego
871 319 951 343 non
974 305 1096 344 modo
1116 318 1224 355 reges
1244 307 1472 356 appellat05‚
1493 307 1561 344 sed

182 379 206 417 5
225 372 390 410 omnino
411 379 524 410 natos
546 370 786 409 nesciebam.
849 370 957 419 Quid
975 384 1066 420 ergo
1087 373 1175 409 est?
1203 377 1337 409 tamen
1354 384 1472 421 quam
1494 371 1561 410 diu

224 437 287 475 hic
317 437 388 476 erit
418 445 550 476 noster
584 436 648 474 hic
683 437 902 486 praefectus
939 435 1124 482 moribus,
1158 437 1307 487 parebo
1340 436 1561 475 auctoritati

223 511 337 549 tuae3
379 516 500 553 quom
540 515 632 540 vero
670 501 805 547 aberit,
847 502 898 540 ad
939 502 1079 551 fungos
1119 515 1182 540 me
1221 509 1309 540 tuos
1348 503 1559 541 conferam.
1582 519 1598 549 5

224 569 400 606 Domum
426 567 456 605 si
478 567 646 613 habebo,
670 566 710 604 in
735 568 861 605 denos
882 566 966 604 dies
987 565 1161 616 singulos
1183 567 1447 616 sumptuariae
1468 567 1562 617 legis

224 633 309 671 dies
340 634 565 679 conferam;
605 631 664 669 sin
699 639 831 669 autem
867 631 998 669 minus
1030 630 1218 670 invenero
1257 633 1365 681 quod
1396 632 1559 682 placeat,

221 698 376 737 decrevi
406 697 582 736 habitare
610 698 716 747 apud
745 704 807 744 te3
846 696 928 734 scio
959 696 1065 734 enim
1096 709 1159 734 me
1189 696 1285 734 nihil
1317 696 1386 734 tibi
1416 696 1561 746 gratius

222 765 348 802 facere
378 776 503 814 posse.
570 764 747 800 Domum
778 762 979 799 Sullanam
1010 761 1269 811 desperabam
1301 760 1388 807 iam,
1419 769 1461 799 ut
1489 760 1558 799 tibi

222 829 397 879 proxime
418 827 564 878 scripsi,
583 828 653 866 sed
675 834 807 865 tamen
830 840 910 865 non
931 825 1069 864 abieci.
1119 828 1182 863 Tu
1199 826 1327 873 velim,
1346 833 1388 864 ut
1409 825 1555 872 scribis,
1582 844 1618 864 ιο

177 925 180 928 .
221 907 312 931 cum
340 893 457 932 fabris
484 906 571 932 eam
602 892 814 943 perspicias
830 907 838 939 ;
874 891 904 929 si
935 891 1040 929 enim
1068 891 1165 928 nihil
1193 899 1250 929 est
1278 891 1317 929 in
1345 890 1558 942 parietibus

221 967 287 997 aut
314 959 354 996 in
382 966 487 997 tecto
511 957 589 1005 viti,
614 965 744 996 cetera
773 956 869 994 mihi
897 957 1179 1007 probabuntur.

264 1110 374 1145 XVI
497 1113 566 1144 Scr.
588 1113 620 1143 in
644 1112 828 1143 Tusculano
845 1122 909 1142 non
925 1114 998 1151 post
1015 1110 1098 1142 med.
1120 1122 1163 1143 m.
1182 1110 1294 1151 Quint.

778 1178 807 1198 a.
831 1168 893 1208 708
911 1167 997 1207 (46).

558 1243 732 1275 CICERO
759 1242 985 1285 [PAPIRIO]
1012 1242 1164 1273 PAETO
1192 1242 1225 1274 S.
1581 1251 1618 1284 15

188 1335 206 1363 Ι
281 1326 537 1363 Delectarunt
572 1337 634 1362 me
669 1330 759 1360 tuae
793 1321 953 1369 litterae,
986 1321 1024 1359 in
1056 1321 1200 1372 quibus
1231 1321 1558 1374 primumamavi

223 1403 398 1428 amorem
421 1398 544 1435 tuum,
568 1388 634 1438 qui
657 1396 694 1426 te
721 1389 772 1426 ad
801 1386 1054 1425 scribendum
1083 1386 1258 1425 incitavit
1279 1395 1478 1426 verentem
1510 1401 1560 1425 ne

223 1455 339 1493 Silius
369 1468 441 1492 suo
470 1453 610 1491 nuntio
644 1452 793 1502 aliquid
825 1452 920 1489 mihi
952 1451 1227 1490 sollicitudinis
1258 1452 1475 1500 attulisset3
1509 1453 1559 1490 de

221 1533 301 1569 quo
322 1527 360 1557 et
381 1528 422 1557 tu
444 1518 538 1556 mihi
559 1526 675 1556 antea
702 1517 910 1567 scripseras
935 1516 994 1555 bis
1016 1517 1177 1566 quidem
1199 1518 1341 1556 eodem
1363 1518 1554 1567 exemplo,

222 1584 333 1623 facile
370 1592 410 1622 ut
444 1584 710 1633 intellegerem
745 1590 783 1621 te
815 1595 899 1620 esse
934 1590 1191 1629 commotum,
1224 1590 1262 1621 et
1293 1596 1366 1632 ego
1396 1582 1465 1620 tibi
1498 1596 1558 1621 ac-
1579 1596 1616 1617 20

222 1658 354 1688 curate
382 1648 664 1699 rescripseram,
688 1656 729 1686 ut
757 1661 836 1697 quo
865 1648 986 1685 modo
1014 1647 1052 1684 in
1081 1647 1145 1685 tali
1175 1662 1213 1686 re
1240 1656 1359 1698 atque
1381 1656 1558 1698 tempore

180 1725 202 1750 2
221 1723 289 1753 aut
319 1714 524 1753 liberarem
546 1722 582 1751 te
605 1713 676 1751 ista
701 1726 793 1751 cura
813 1720 880 1750 aut
901 1721 1005 1751 certe
1027 1714 1207 1751 levarem.
1268 1714 1343 1752 Sed
1369 1713 1557 1763 quoniam

223 1779 407 1829 proximis
435 1792 595 1829 quoque
622 1778 757 1817 litteris
787 1778 962 1816 ostendis
997 1786 1168 1829 quantae
1197 1778 1266 1817 tibi
1294 1792 1409 1817 curae
1438 1778 1485 1816 sit
1513 1792 1558 1817 ea

222 1858 290 1891 res,
318 1844 384 1892 sic,
408 1844 461 1882 mi
489 1846 618 1891 Paete,
642 1845 799 1891 habeto,
825 1844 1015 1894 quicquid
1043 1852 1123 1883 arte
1152 1844 1233 1883 fieri
1260 1843 1431 1894 potuerit
1458 1842 1556 1894 (non

221 1909 326 1947 enim
359 1909 435 1947 iam
470 1909 561 1948 satis
596 1918 654 1948 est
684 1910 851 1949 consilio
886 1924 1084 1960 pugnare,·
1117 1909 1324 1948 artificium
1353 1910 1555 1960 quoddam
1579 1923 1614 1954 25

221 1974 523 2024 excogitandum
552 1974 638 2024 est),
663 1976 731 2013 sed
761 1983 904 2022 tamen,
929 1974 1118 2025 quicquid
1147 1974 1336 2013 elaborari
1364 1981 1430 2013 aut
1457 1973 1557 2013 effici

221 2039 390 2089 potuerit
421 2039 471 2076 ad
507 2039 668 2078 istorum
710 2040 1026 2079 benevolentiam
1067 2039 1354 2078 conciliandam
1395 2047 1433 2078 et
1467 2053 1557 2078 con-

220 2103 429 2153 ligendam,
459 2118 616 2143 summo
644 2105 776 2144 studio
806 2118 868 2143 me
898 2112 1156 2143 consecutum
1185 2118 1280 2152 esse,
1305 2118 1377 2143 nec
1406 2106 1553 2151 frustra,

220 2177 261 2207 ut
281 2169 468 2216 arbitror3
500 2169 554 2207 sic
579 2170 683 2207 enim
713 2171 830 2216 color,
854 2170 909 2207 sie
931 2170 1116 2208 observor
1135 2171 1186 2208 ab
1207 2169 1392 2207 omnibus
1414 2169 1468 2215 iis,
1488 2169 1554 2219 qui

219 2249 242 2273 a
263 2236 431 2274 Caesare
458 2235 682 2285 diliguntur,
707 2243 747 2273 ut
775 2235 825 2273 ab
853 2235 898 2272 iis
927 2249 989 2274 me
1019 2235 1139 2273 amari
1166 2243 1327 2285 putem;
1361 2248 1451 2272 nam
1482 2233 1553 2272 etsi
1575 2247 1614 2278 30

269 2349 306 2379 15
332 2349 475 2370 PAPIRIO
497 2338 692 2370 onz.1'nd1‘ccs
708 2337 806 2376 MH;
830 2339 970 2378 itemque
987 2349 1015 2370 L.
1032 2348 1176 2369 PAPIRIO
1191 2339 1284 2369 initio
1299 2342 1365 2378 epp.
1387 2347 1435 2376 17,
1452 2339 1499 2377 18,
1518 2347 1555 2377 19

225 2385 263 2414 16
286 2384 393 2414 amavi
412 2382 498 2414 codd.
518 2395 524 2413 :
550 2382 773 2413 animadverti
791 2381 916 2422 Kleyn:
942 2383 1065 2421 agnovi
1083 2382 1202 2412 Becker
1341 2392 1379 2421 24
1405 2381 1553 2421 potuerit

221 2431 290 2459 vell.
310 2439 315 2458 :
342 2427 463 2467 poterit
481 2426 569 2458 codd.
705 2437 747 2465 30
772 2436 847 2457 narn
866 2426 946 2457 etsi]
966 2426 1098 2456 tametsi
1119 2426 1203 2457 frat.
