1791 2796
185 136 271 194 :Li
584 135 639 172 M.
671 134 839 171 TVLLI
870 132 1178 173 CICERONIS

212 254 332 293 tuam,
357 254 398 284 ut
428 258 558 296 neque
587 244 813 294 eloquentia
842 243 989 282 maiore
1017 242 1228 293 quisquam
1257 255 1331 281 nec
1359 240 1545 292 gravitate

213 325 286 350 nec
326 311 456 350 studio
496 324 569 349 nec
608 309 863 349 contentione
901 322 1015 360 agere
1050 308 1229 359 potuerit,
1266 321 1356 346 cum
1391 319 1545 346 summa

213 376 487 415 testificatione
512 384 668 414 tuorum
692 375 729 413 in
751 389 791 414 se
812 374 1029 414 officiorum
1060 383 1097 413 et
1123 373 1266 412 amoris
1288 386 1375 423 erga
1405 381 1443 411 te
1472 372 1542 411 sui.

215 442 492 480 Marcellinum
526 441 597 480 tibi
627 453 712 479 esse
741 440 882 478 iratum
911 439 1014 485 scis3
1043 439 1074 478 is
1103 440 1177 477 hac
1207 438 1309 489 regia
1339 451 1456 477 causa
1485 451 1545 476 ex—

214 516 327 558 cepta
359 507 496 546 ceteris
530 507 570 544 in
601 507 716 545 rebus
751 519 792 544 se
823 505 1055 544 acerrimum
1095 504 1150 543 tui
1185 499 1434 543 defensorem
1463 504 1544 543 fore
1563 517 1581 549 5

214 572 397 611 ostendit.
458 572 580 620 Quod
610 571 688 618 dat,
711 570 926 620 accipimus
941 585 952 617 ς
991 570 1101 619 quod
1130 568 1298 607 instituit
1325 570 1465 608 referre
1493 569 1545 608 de

214 636 400 687 religione
439 644 477 675 et
516 649 633 687 saepe
667 635 744 674 iam
777 635 916 681 retulit,
950 635 1002 673 ab
1033 647 1081 674 eo
1112 632 1258 673 deduci
1288 647 1369 673 non
1402 641 1542 684 potest.

172 710 197 747 3
216 703 297 741 Res
317 711 408 741 ante
431 703 526 741 Idus
547 710 632 740 acta
653 701 708 740 sic
729 708 787 740 est
808 702 916 750 (narn
938 701 1036 739 haec
1067 699 1206 739 Idibus
1233 712 1348 739 mane
1368 698 1545 750 scripsi):

216 767 407 806 Hortensi
446 775 483 806 et
523 780 610 806 mea
649 774 686 806 et
726 766 881 805 Luculli
919 765 1112 805 sententia
1151 765 1255 804 cedit
1288 764 1463 815 religioni
1494 765 1545 803 de

215 834 414 881 exercitu3
456 832 578 872 teneri
609 832 714 871 enim
747 845 806 871 res
837 831 947 870 aliter
981 844 1060 871 non
1093 839 1221 882 potest
1239 845 1249 878 ;
1288 831 1358 869 sed
1391 843 1438 869 ex
1477 829 1544 868 illo
1566 847 1606 870 10

215 907 373 938 senatus
394 899 586 945 consulto,
609 898 718 949 quod
739 905 777 937 te
797 898 987 936 referente
1007 897 1154 935 facturn
1175 903 1244 943 est,
1266 894 1337 934 tibi
1356 894 1542 942 decernit,

215 972 257 1002 ut
287 977 416 1014 regem
447 964 622 1011 reducam,
646 964 754 1014 quod
785 963 999 1002 commodo
1029 961 1082 1001 rei
1112 974 1147 1012 p.
1180 962 1306 999 facere
1335 959 1472 1010 possis,
1503 968 1545 998 ut

161 1074 166 1081 ἡ
215 1029 427 1068 exercitum
475 1028 609 1079 religio
656 1029 776 1075 tollat,
826 1036 865 1067 te
910 1035 1111 1066 auctorem
1166 1034 1323 1065 senatus
1370 1025 1542 1065 retineat.

215 1094 380 1133 Crassus
401 1093 466 1132 tris
487 1095 633 1145 legatos
655 1094 829 1133 decernit
850 1107 923 1132 nec
944 1092 1115 1133 excludit
1146 1091 1390 1142 Pompeium,
1412 1099 1546 1130 censet

216 1158 321 1198 enim
343 1159 460 1197 etiam
483 1172 528 1198 ex
545 1159 600 1207 iis,
617 1159 683 1210 qui
705 1173 795 1198 cum
812 1159 977 1210 imperio
993 1159 1069 1197 sint
1085 1174 1095 1206 5
1127 1158 1291 1197 Bibulus
1312 1157 1378 1196 tris
1397 1159 1546 1208 legatos
1569 1173 1604 1205 15

216 1238 263 1264 ex
279 1224 334 1272 iis,
351 1224 417 1275 qui
434 1225 571 1275 privati
592 1233 692 1264 sunt.
756 1225 864 1264 Huic
879 1225 1153 1264 adsentiuntur
1169 1223 1306 1275 reliqui
1322 1225 1546 1263 consulares

216 1297 370 1340 praeter
408 1290 625 1337 Servilium,
659 1290 727 1341 qui
766 1290 930 1329 omnino
969 1290 1103 1329 reduci
1136 1298 1251 1340 negat
1282 1296 1472 1340 oportere,
1509 1297 1547 1328 et

217 1355 461 1401 Volcacium,
485 1355 552 1405 qui
583 1357 697 1406 Lupo
726 1357 917 1395 referente
947 1355 1139 1406 Pompeio
1169 1355 1354 1402 decernit,
1377 1356 1549 1394 etAfra-

217 1419 338 1466 nium,
361 1419 428 1469 qui
448 1420 666 1458 adsentitur
681 1420 880 1459 Volcacio.
941 1422 1055 1470 Quae
1075 1434 1134 1460 res
1155 1428 1270 1472 auget
1282 1420 1547 1471 suspicionem

218 1484 383 1534 Pompei
422 1485 643 1532 voluntatis,
685 1499 775 1523 nam
815 1485 1091 1524 advertebatur
1138 1486 1304 1537 Pompei
1347 1485 1547 1524 familiaris
1568 1499 1609 1521 20

216 1548 403 1587 adsentiri
418 1549 617 1588 Volcacio.
662 1550 880 1588 Laboratur
895 1551 1148 1590 vehementer
1163 1566 1174 1600 3
1193 1551 1377 1591 inclinata
1397 1565 1456 1590 res
1477 1558 1545 1590 est.

218 1614 382 1652 Libonis
415 1622 452 1652 et
483 1614 659 1665 Hypsaei
689 1628 768 1653 non
799 1616 966 1660 obscura
999 1617 1247 1656 concursatio
1280 1625 1319 1656 et
1347 1616 1550 1656 contentio

218 1679 477 1729 omniumque
500 1679 663 1730 Pompei
686 1680 931 1719 familiarium
953 1681 1127 1721 studium
1149 1682 1188 1721 in
1209 1696 1295 1721 eam
1320 1681 1549 1733 opinionem

219 1758 300 1783 rem
334 1745 592 1792 adduxerunt,
630 1753 671 1784 ut
706 1746 919 1797 Pompeius
958 1761 1102 1798 cupere
1141 1747 1344 1795 videatur3
1390 1747 1453 1786 cui
1482 1746 1550 1797 qui

173 1822 200 1860 4
219 1811 368 1856 nolunt,
392 1809 498 1848 idem
531 1810 610 1857 tibi,
635 1811 743 1860 quod
773 1825 864 1850 eum
895 1813 1050 1860 ornasti,
1079 1826 1157 1851 non
1189 1820 1279 1852 sunt
1307 1812 1448 1860 amici3
1476 1825 1549 1851 nos
1571 1825 1609 1856 25

219 1874 258 1911 in
298 1887 416 1912 causa
453 1875 725 1914 auctoritatem
767 1890 815 1915 eo
856 1877 1047 1916 minorem
1088 1879 1290 1931 habe-mus,
1333 1879 1441 1928 quod
1479 1876 1550 1916 tibi

221 1940 424 1985 debemus,
461 1939 623 1988 gratiam
653 1949 785 1980 autem
817 1950 989 1981 nostram
1021 1938 1229 1994 exstinguit
1253 1943 1460 1982 hominum
1492 1955 1551 1980 su-

221 2003 354 2054 spicio,
389 2005 497 2053 quod
531 2005 719 2054 Pompeio
754 2020 795 2045 se
829 2007 1032 2056 gratificari
1066 2016 1213 2057 putant.
1274 2009 1330 2047 Ut
1365 2007 1402 2045 in
1434 2007 1551 2045 rebus

222 2069 347 2106 multo
367 2076 468 2115 ante,
492 2082 609 2118 quam
633 2071 829 2119 profectus
851 2085 903 2117 ες,
925 2072 975 2110 ab
997 2071 1082 2121 ipso
1103 2086 1190 2121 rege
1212 2080 1248 2110 et
1269 2072 1318 2110 ab
1340 2071 1485 2110 intimis
1505 2084 1551 2109 ac

266 2182 286 2211 4
311 2171 388 2212 tibi]
416 2172 484 2211 regi
510 2173 562 2202 vir
583 2172 694 2203 doctus
719 2178 770 2213 ap.
794 2172 998 2204 Cormdum:
1034 2174 1159 2204 tibicini
1189 2174 1221 2211 (i.
1234 2185 1257 2206 e.
1277 2174 1417 2214 αὐλητῇ)
1441 2185 1547 2215 matg.

225 2214 312 2246 Crat.
458 2215 595 2254 iratum]
614 2221 745 2255 gratum
763 2216 814 2246 vel
828 2227 894 2246 non
914 2218 1081 2256 ingratum
1106 2217 1226 2257 Zau-rell
1348 2228 1384 2248 12
1410 2219 1551 2249 reducas

228 2258 303 2290 Vict.
319 2270 325 2289 :
351 2258 499 2289 deducas
517 2258 602 2290 codd.
736 2260 774 2290 16
797 2260 866 2291 sint
882 2260 1020 2301 Ernesti,
1032 2261 1111 2299 sorl.
1133 2265 1207 2291 recte
1321 2270 1359 2300 19
1382 2261 1478 2300 Quae
1496 2271 1551 2292 res

224 2327 231 2334 .
251 2327 258 2334 .
278 2327 285 2334 .
306 2302 465 2332 Volcacio
501 2301 557 2333 dcl.
594 2301 738 2335 Gurlirt:
777 2313 852 2334 nam
877 2328 884 2335 .
903 2328 910 2335 .
931 2328 938 2335 .
958 2304 1115 2334 Volcacio
1142 2304 1199 2336 dcl.
1233 2304 1366 2335 Krauss
1509 2314 1552 2335 20

225 2345 557 2377 animadvertebatur
597 2345 713 2377 Lamb.
899 2357 938 2377 21
972 2348 1136 2378 adsentiri
1174 2347 1260 2379 Crat.
1299 2348 1399 2387 (ass-)
1436 2348 1525 2389 vulg.
1542 2359 1549 2378 :

223 2389 398 2466 {dsenltire
428 2399 513 2429 gass-
541 2388 619 2429 GR)
645 2388 733 2421 codd.
897 2391 939 2420 26
961 2391 1049 2429 quod
1076 2390 1131 2423 M:
1167 2402 1234 2431 quo
1261 2390 1345 2423 GR:
1381 2401 1450 2431 quo
1474 2392 1550 2432 plus

266 2443 381 2464 maner
