1791 2796
100 148 198 186 XII.
224 149 299 186 xvi
622 149 676 185 M.
710 148 877 185 TVLLI
911 147 1219 185 CICERONIS

207 793 231 829 3

199 1703 224 1739 4

215 2269 232 2298 1

250 260 391 297 simum
426 259 538 297 nohis
570 259 841 296 obtinentibus
872 259 1110 309 provinciam
1148 260 1314 301 sacer-eu
1353 258 1414 297 cui
1445 272 1517 296 nos
1549 265 1587 296 et

250 325 408 363 caritate
448 333 485 363 et
524 338 658 362 amore
692 333 803 362 tuum
839 324 1011 362 officium
1048 331 1310 374 praestaturos
1345 337 1425 361 non
1465 324 1587 362 debes

250 391 440 428 dubitare.
503 391 606 428 Illud
635 403 794 440 quoque
819 389 889 427 erit
917 388 1032 427 nobis
1063 402 1178 426 curae
1199 396 1240 427 ut
1270 388 1480 439 Cratippus
1509 402 1587 427 una

250 470 339 494 cum
366 470 413 494 eo
444 455 501 501 sit,
527 469 576 494 ne
597 463 710 505 putes
732 455 770 492 in
794 454 887 492 Asia
908 454 1085 492 feriatum
1116 453 1223 492 illum
1246 454 1296 492 ab
1318 453 1362 491 iis
1388 454 1526 492 studiis
1547 454 1586 492 in

250 535 351 572 quae
382 531 447 559 tua
477 520 751 559 cohortatione
779 519 960 557 incitatur
989 521 1186 563 futur-unu
1225 532 1315 557 nam
1345 518 1453 557 illum
1483 533 1587 570 para-

250 597 344 633 tum,
370 595 410 625 ut
432 586 558 633 video,
578 594 615 624 et
637 586 852 636 ingressum
875 587 993 635 pleno
1013 585 1136 634 gradu
1157 584 1351 622 cohortari
1374 598 1454 623 non
1475 584 1588 624 inter-

251 653 462 699 mittemus,
500 666 580 703 quo
615 651 653 689 in
686 651 770 690 dies
805 651 958 701 longius
991 650 1183 689 discendo
1216 651 1514 701 exercendoque
1546 665 1587 690 se

251 720 448 768 procedat.

308 786 388 821 Vos
416 782 511 833 quid
537 782 700 832 ageretis
732 781 768 819 in
798 796 837 820 re
861 795 909 832 p.,
941 794 1030 819 cum
1059 781 1128 818 has
1153 780 1298 819 litteras
1326 780 1481 827 dabam,
1505 794 1585 819 non

246 849 422 887 sciebam
442 864 448 890 ;
477 848 689 886 audiebam
712 848 906 897 quaedam
925 846 1158 892 turbulenta,
1179 859 1280 895 quae
1301 845 1448 885 scilicet
1468 846 1586 897 cupio

249 929 334 952 esse
365 915 459 952 salsa
487 921 528 952 ut
554 913 769 963 aliquando
797 912 923 951 otiosa
951 912 1128 950 libertate
1159 912 1355 958 fruamur:
1389 913 1497 961 quod
1525 914 1585 950 vel

249 979 410 1017 minime
433 978 528 1017 mihi
549 979 680 1017 adhuc
701 977 874 1027 contigit.
936 978 1020 1026 Ego
1043 984 1173 1014 tamen
1203 984 1339 1014 nactus
1368 975 1405 1013 in
1434 976 1586 1027 naviga-

248 1045 354 1083 tione
375 1053 507 1083 nostra
529 1044 711 1094 pusillum
732 1042 938 1081 laxamenti
958 1041 1190 1080 concinnavi
1214 1041 1283 1079 tibi
1306 1044 1583 1080 munusculum

247 1125 293 1148 ex
315 1110 492 1148 instituto
521 1123 610 1148 meo
638 1117 675 1147 et
706 1108 854 1146 dictum
878 1121 968 1146 cum
991 1121 1134 1157 magno
1164 1114 1297 1144 nostro
1322 1107 1471 1145 honore
1495 1121 1518 1145 a
1546 1115 1585 1147 te

247 1175 396 1213 dictum
432 1174 606 1213 conclusi
640 1182 678 1212 et
710 1173 778 1212 tibi
812 1173 908 1210 infra
939 1171 1160 1222 subscripsi.
1224 1173 1270 1209 In
1301 1171 1444 1221 quibus
1472 1172 1584 1211 versi-

247 1241 344 1278 culis
379 1240 408 1278 si
445 1240 513 1278 tibi
549 1239 788 1290 quibusdam
828 1238 955 1276 verbis
997 1238 1372 1288 εὐθυρρημονέστερος
1408 1237 1583 1286 videbor,

247 1305 449 1355 turpitudo
482 1318 672 1355 personae
707 1304 790 1342 eius
829 1303 868 1341 in
909 1317 1027 1354 quam
1063 1303 1220 1342 liberius
1262 1303 1483 1342 invehimur
1513 1318 1584 1342 nos

247 1370 471 1409 vindicabit.
525 1372 712 1420 Ignosces
734 1369 850 1408 etiam
871 1368 1094 1407 iracundiae
1112 1376 1277 1415 nostrae,
1295 1382 1395 1419 quae
1411 1367 1512 1408 iusta
1527 1377 1584 1408 est

247 1435 284 1473 in
311 1436 393 1474 eius
424 1435 530 1473 modi
560 1443 597 1473 et
626 1434 806 1473 homines
837 1441 875 1472 et
902 1434 1006 1472 civis.
1074 1434 1229 1473 Deinde
1260 1433 1326 1484 qui
1355 1435 1478 1485 magis
1508 1436 1583 1473 hoc

247 1501 399 1539 Lucilio
448 1500 597 1539 licuerit
636 1501 844 1539 adsumere
888 1499 1075 1538 libertatis
1123 1512 1240 1549 quam
1292 1499 1439 1538 nobis?
1492 1514 1581 1539 cum

245 1566 361 1604 etiam
389 1566 417 1604 si
441 1566 534 1604 odio
555 1565 634 1616 pari
658 1565 770 1603 fuerit
797 1565 835 1602 in
863 1578 930 1603 eos
951 1578 1050 1615 quos
1072 1565 1191 1611 laesit,
1214 1573 1345 1604 tamen
1371 1574 1474 1604 certe
1502 1580 1582 1604 non

247 1631 367 1680 magis
407 1630 547 1681 dignos
587 1630 766 1669 habuerit
802 1630 839 1667 in
876 1643 975 1680 quos
1017 1638 1123 1669 tanta
1160 1631 1337 1670 libertate
1374 1632 1581 1670 verborum

247 1699 467 1736 incurreret.
527 1699 589 1734 'l‘u
618 1696 716 1735 sicut
739 1696 832 1734 mihi
859 1696 1056 1746 pollicitus
1085 1710 1136 1743 es,
1159 1697 1349 1747 adiunges
1379 1711 1441 1736 mc
1462 1711 1581 1747 quam

246 1763 414 1813 primum
459 1764 510 1801 ad
550 1770 638 1801 tuos
684 1776 909 1808 sermones3
962 1776 1133 1812 namque
1180 1762 1275 1801 illud
1319 1776 1398 1801 non
1442 1763 1582 1801 dubito

245 1828 351 1877 quin,
385 1828 414 1865 si
441 1827 535 1878 quid
567 1829 616 1866 de
648 1827 803 1866 interitu
835 1827 1011 1865 Caesaris
1041 1827 1196 1874 scribas,
1226 1841 1304 1865 non
1333 1827 1488 1878 patiaris
1519 1841 1581 1866 me

248 1893 449 1931 minimam
473 1902 620 1943 partem
644 1901 681 1931 et
704 1892 755 1931 rei
781 1901 817 1931 et
840 1892 982 1930 amoris
1005 1892 1061 1935 tui
1082 1894 1188 1931 ferre.
1242 1894 1338 1931 Vale
1359 1901 1396 1931 et
1419 1901 1580 1932 matrem

247 1972 435 2008 meosque
457 1958 524 1996 tihi
550 1959 850 1996 commendatos
873 1958 984 1996 habe.
1049 1960 1094 1996 l).
1120 1970 1191 1996 viii
1218 1960 1265 1996 Κ.
1293 1960 1377 1996 Iun.
1401 1958 1577 1997 Athenis.

291 2104 425 2138 XVII
497 2108 565 2139 ΞΝ.
589 2108 716 2138 Ronmae
734 2110 802 2140 c'rr.
826 2108 908 2139 mrd.
933 2119 976 2139 m.
998 2107 1083 2148 Sept.
1107 2118 1137 2138 a.
1163 2108 1223 2146 708
1246 2108 1325 2146 236&

458 2186 633 2217 CICERO
661 2187 694 2216 Ξ
729 2186 766 2217 D.
797 2184 1076 2216 CORNIFICIO
1102 2182 1368 2215 CONLEGAE.

316 2266 435 2302 (lrata
468 2265 560 2302 mihi
600 2265 852 2303 vehementer
892 2271 948 2301 est
984 2262 1173 2300 memoria
1207 2260 1326 2299 nostri
1362 2268 1428 2298 tua
1462 2271 1579 2308 quam

250 2329 472 2378 significasti
494 2329 626 2368 litteris
644 2345 650 2371 ;
683 2342 801 2379 quam
825 2336 865 2365 ut
887 2340 1104 2373 conserves,
1130 2340 1209 2365 non
1235 2339 1315 2376 quo
1336 2326 1386 2363 de
1406 2332 1471 2362 tua
1492 2337 1577 2363 con—

249 2396 390 2434 stantia
412 2395 588 2434 dubitem
614 2395 681 2433 sed
705 2393 795 2443 quia
818 2405 903 2430 mos
924 2400 981 2430 est
1004 2392 1055 2429 ita
1078 2390 1250 2441 rogandi,
1275 2403 1378 2439 rogo.

672 2491 708 2511 21
737 2480 807 2520 pari
828 2478 946 2510 Lamb.
966 2490 971 2508 :
998 2488 1058 2518 par
1074 2477 1160 2508 codd.

1609 864 1647 886 10

1607 1189 1643 1221 15

1605 1517 1645 1539 20

1604 1844 1640 1874 25

1603 2266 1643 2298 30
