1791 2796
134 139 181 176 V.
206 137 265 174 xii
587 137 641 173 M.
675 136 844 173 TVLLI
876 135 1182 173 CICERONIS

217 251 279 287 'l'u
304 249 447 286 interca
470 262 550 286 non
572 248 744 286 cessabis
761 256 798 287 ct
815 261 869 295 ea,
890 260 990 298 quae
1011 248 1132 286 habes
1155 247 1341 294 instituta,
1358 248 1551 298 perpolies

219 330 370 365 nosqua-
393 315 539 364 diliges.

259 450 378 485 XIII
459 453 528 484 Ser.
549 452 696 484 Aslurae
712 456 772 484 aut
787 453 820 484 in
837 453 941 484 Attici
952 453 1125 485 Ficuleano
1142 464 1186 486 m.
1208 453 1306 484 Mart.

686 512 747 539 ant
761 508 845 549 Apr.
866 520 897 541 a.
920 519 979 550 7⁰9
1000 509 1080 550 (45)-

469 586 511 618 M.
542 586 719 617 CICERO
745 586 778 617 S.
809 587 848 618 D.
879 587 914 618 Ι..
946 586 1144 617 LVCCEIO
1192 586 1232 626 Q.
1263 586 1298 618 F.
1569 599 1586 629 5

182 678 197 704 1
273 666 528 715 Quamquam
579 665 663 716 ipsa
720 664 940 703 consolatio
989 664 1201 703 litterarum
1251 672 1404 702 tuarum
1453 663 1549 702 mihi

216 729 434 778 gratissima
482 739 540 768 est
587 730 776 781 (declarat
828 730 933 768 enim
985 743 1180 768 summam
1231 729 1547 768 benevolentiam

215 795 470 834 coniunctam
510 795 591 846 pari
632 794 868 846 prudentia),
903 803 1034 834 tamen
1075 794 1184 833 illum
1219 795 1388 833 fructum
1423 808 1469 833 ex
1503 794 1548 832 iis

216 860 350 899 litteris
378 862 438 899 vel
470 860 685 899 maximum
715 860 812 910 cepi,
836 861 945 910 quod
976 868 1014 899 te
1041 861 1236 910 praeclare
1266 873 1325 898 res
1355 861 1547 898 humanas

215 933 537 964 contemnentem
567 933 606 964 ct
641 925 790 976 optime
821 934 958 964 contra
988 926 1184 963 fortunam
1219 932 1395 975 paratum
1427 938 1548 963 arma-
1569 939 1607 961 ιο

215 1000 380 1041 tumque
409 990 604 1041 cognovi3
633 1004 753 1041 quam
785 990 946 1040 quidem
980 991 1136 1029 laudem
1174 989 1388 1040 sapientiae
1418 997 1548 1028 statuo

161 1054 165 1060 ’
213 1069 299 1094 esse
332 1056 553 1102 maximam,
589 1070 670 1094 non
703 1055 863 1094 aliunde
895 1056 1066 1106 pendere
1101 1069 1174 1093 nec
1213 1055 1451 1094 extrinsecus
1480 1063 1546 1093 aut

172 1122 316 1161 2l)ene
349 1130 415 1160 aut
449 1123 550 1160 male
584 1121 742 1159 vivendi
774 1135 982 1171 suspensas
1017 1122 1162 1159 habere
1193 1120 1372 1159 rationes.
1433 1122 1547 1170 Quae

213 1186 399 1236 cogitatio
419 1201 509 1225 cum
538 1186 635 1224 mihi
662 1200 743 1224 non
774 1186 938 1225 omnino
968 1186 1176 1225 excidisset
1198 1185 1360 1236 (etenim
1389 1185 1546 1236 penitus

214 1251 437 1302 insederat),
460 1252 497 1289 vi
525 1260 658 1290 tamen
688 1259 967 1301 tempestatum
998 1259 1035 1289 et
1063 1265 1257 1290 concursu
1278 1251 1544 1290 calamitatum
1567 1266 1604 1300 15

211 1327 291 1355 erat
312 1317 557 1367 aliquantum
581 1318 813 1355 labefactata
833 1324 952 1366 atque
973 1318 1186 1364 convulsa;
1217 1317 1278 1355 cui
1306 1324 1344 1355 te
1365 1315 1545 1366 opitulari

211 1390 249 1421 et
282 1382 398 1421 video
433 1392 471 1421 et
511 1382 551 1421 id
587 1382 725 1421 fecisse
759 1382 876 1420 etiam
909 1382 1094 1432 proximis
1130 1382 1265 1420 litteris
1297 1381 1546 1432 multumque

211 1448 422 1498 profecisse
457 1447 595 1486 sentio.
669 1449 808 1496 Itaque
842 1448 919 1485 hoc
957 1447 1112 1498 saepius
1147 1447 1362 1486 (licendum
1394 1446 1545 1497 tibique

212 1527 293 1551 non
321 1513 625 1563 significandum
652 1514 779 1550 solum
808 1513 877 1551 sed
908 1512 1026 1550 etiam
1056 1513 1337 1551 declarandum
1367 1512 1541 1560 arbitror,

171 1579 310 1630 3nihil
352 1578 447 1617 mihi
487 1592 572 1617 esse
611 1578 785 1629 potuisse
825 1577 900 1616 tuis
939 1578 1073 1616 litteris
1111 1577 1265 1628 gratius.
1344 1579 1407 1615 Ad
1453 1592 1543 1615 con-
1564 1595 1604 1617 20

213 1645 421 1683 solandum
461 1652 593 1682 autem
633 1657 723 1681 cum
765 1643 828 1681 illa
866 1644 1007 1689 valent,
1042 1656 1144 1693 quae
1178 1645 1375 1693 eleganter
1412 1642 1543 1693 copio-

211 1722 331 1759 seque
361 1708 576 1758 conlegisti,
609 1716 694 1746 tum
729 1707 826 1745 nihil
854 1709 941 1758 plus
971 1721 1090 1758 quarn
1120 1709 1229 1759 quod
1259 1707 1540 1746 firmitudinem

208 1774 516 1824 gravitatemque
550 1773 671 1812 animi
706 1773 762 1811 tui
796 1773 996 1823 perspexi,
1027 1787 1145 1823 quam
1180 1787 1261 1811 non
1296 1773 1434 1811 imitari
1468 1781 1542 1811 tur-

209 1840 413 1889 pissimum
445 1839 635 1878 existimo.
697 1840 837 1889 Itaque
867 1839 943 1877 hoc
975 1838 1093 1877 etiam
1123 1838 1322 1877 fortiorem
1352 1852 1415 1877 me
1445 1847 1541 1889 puto

208 1918 326 1954 quam
362 1913 399 1942 te
435 1904 573 1954 ipsum,
612 1911 905 1953 praeceptorem
942 1903 1192 1951 fortitudinis,
1229 1905 1337 1954 quod
1372 1912 1413 1942 tu
1444 1904 1539 1942 mihi
1562 1922 1599 1955 ²5

207 1969 339 2008 videre
378 1982 487 2018 spem
528 1983 609 2006 non
650 1970 796 2006 nullam
838 1970 982 2007 habere
1022 1970 1119 2007 haec
1159 1969 1374 2019 aliquando
1412 1971 1540 2008 futura

208 2034 391 2081 mcliora3
422 2047 535 2071 casus
566 2033 671 2071 enim
701 2033 919 2083 gladiatorii
950 2033 1307 2083 similitudinesque
1341 2048 1420 2081 eac,
1455 2043 1537 2073 tum

207 2098 375 2136 rationes
397 2098 435 2135 in
458 2112 503 2135 ea
525 2097 791 2147 disputatione
812 2112 835 2136 a
856 2107 893 2136 te
914 2101 1116 2138 conlectae
1139 2100 1321 2138 vetabant
1343 2113 1405 2137 me
1426 2099 1477 2138 rei
1500 2114 1535 2150 p.

205 2163 361 2214 penitus
391 2162 577 2201 diffidere.
641 2164 780 2213 Itaque
809 2165 974 2202 alterurn
1003 2164 1133 2202 minus
1163 2165 1315 2211 mirum,
1339 2165 1536 2208 fortiorem

206 2236 244 2267 tc
270 2241 364 2274 esse,
389 2241 480 2266 cum
505 2227 655 2277 aliquid
687 2241 827 2278 speres,
851 2230 1016 2266 alterurn
1038 2229 1190 2275 mirum,
1215 2242 1283 2279 spe
1303 2231 1381 2267 ulla
1401 2230 1532 2268 teneri.
1557 2245 1597 2276 30

207 2293 314 2343 Quid
345 2300 402 2332 est
437 2293 541 2331 enim
575 2306 654 2331 non
690 2293 742 2331 ita
771 2294 981 2340 adfectum,
1015 2302 1056 2331 ut
1088 2294 1128 2332 id
1164 2307 1243 2331 non
1271 2295 1445 2333 deletum
1475 2308 1535 2332 ex-

252 2407 285 2427 11
313 2398 479 2437 sapientia
500 2403 552 2428 cst
576 2402 655 2428 atuo
674 2395 733 2428 M:
769 2398 956 2436 sapientiae
976 2403 1114 2428 autumo
1135 2398 1197 2429 GR
1213 2397 1371 2429 Streiclter
1493 2409 1533 2438 24

204 2446 304 2480 atquc
326 2441 467 2471 Ursinus
600 2442 642 2471 26
666 2441 790 2472 videris
811 2440 1001 2481 lVesenbcrg
