1791 2796
119 151 166 188 X.
187 149 296 187 xxxi
619 149 675 186 M.
708 149 877 210 TVLLI
910 148 1215 187 CICERONIS

251 276 314 301 me
341 262 526 312 profiteor
557 259 773 314 inimicum,
804 273 878 299 nec
904 259 1121 310 periculum
1150 267 1208 298 est
1233 260 1356 298 ullum
1384 262 1492 311 quod
1516 276 1586 313 pro

204 335 231 372 4
250 328 427 367 libertate
461 334 528 365 aut
557 325 745 377 refugiam
775 334 842 364 aut
871 327 1068 377 deprecer.
1133 327 1211 365 Sed
1246 327 1426 365 consules
1458 341 1586 378 neque

250 401 408 432 senatus
436 394 619 432 consulto
647 406 777 443 neque
802 391 938 431 litteris
963 391 1042 430 suis
1069 399 1350 443 praeceperant
1374 392 1469 430 mihi
1491 393 1585 443 quid

249 460 416 497 facerem
435 473 442 503 3
466 472 564 497 unas
585 457 690 497 enim
712 465 801 508 post
820 458 916 497 Idus
939 458 1053 496 Mart.
1072 459 1234 497 demum
1255 471 1278 496 a
1295 459 1422 496 Pansa
1442 457 1586 497 litteras

248 524 394 574 accepi,
429 524 468 561 in
504 523 648 574 quibus
688 524 863 563 hortatur
898 537 961 562 me
993 530 1035 561 ut
1069 530 1207 562 senatu
1247 522 1414 562 scribam
1450 537 1513 563 me
1548 532 1622 569 et5

249 590 461 629 exercitum
493 589 532 628 in
560 596 754 640 potestate
784 589 867 628 eius
894 591 1078 628 futurum.
1139 591 1271 639 Quod,
1296 603 1386 628 cum
1412 589 1586 641 Lepidus

249 655 542 695 contionaretur
573 663 692 706 atque
727 655 912 694 omnibus
947 655 1132 695 scriberet
1164 669 1204 694 se
1239 655 1460 695 consentire
1495 669 1585 694 cum

249 721 437 767 Antonio,
468 721 637 760 maxime
668 720 907 760 contrarium
937 721 1009 759 fuit
1024 735 1034 769 ,·
1068 735 1159 760 nam
1188 721 1331 771 quibus
1361 722 1586 760 commeati-

250 788 323 826 bus
348 787 471 825 invito
499 786 566 825 illo
591 801 660 837 per
681 786 782 826 illius
808 786 1051 838 provinciam
1076 787 1250 837 legiones
1275 788 1490 826 ducerem?
1518 794 1585 825 aut

250 853 279 891 si
306 861 433 892 cetera
461 852 696 900 transissem,
724 866 819 891 num
850 852 968 892 etiam
990 853 1106 903 Alpis
1133 859 1308 903 poteram
1335 854 1582 897 transvolare.
1607 865 1643 887 10

250 932 350 968 quae
384 918 581 969 praesidio
614 918 717 957 illius
752 920 966 957 tenentur?
1022 919 1140 957 Adde
1176 918 1251 956 huc
1286 919 1393 968 quod
1428 917 1582 968 perferri

249 984 398 1022 litterae
437 985 545 1022 nulla
579 983 816 1022 condicione
850 991 1088 1034 potuerunt;
1127 982 1314 1022 sescentis
1348 980 1452 1021 enim
1489 983 1584 1022 locis

250 1048 507 1095 excutiuntur,
540 1048 686 1087 deinde
718 1048 834 1088 etiam
870 1048 1085 1088 retinentur
1114 1048 1164 1087 ab
1194 1047 1348 1098 Lepido
1382 1049 1583 1087 tabellarii.

205 1124 231 1161 5
252 1116 356 1153 Illud
387 1128 449 1154 me
478 1115 689 1153 Cordubae
719 1128 790 1165 pro
820 1114 1006 1154 contione
1036 1114 1180 1153 dixisse
1210 1127 1329 1152 nemo
1357 1111 1514 1152 vocabit
1543 1113 1581 1151 in

249 1179 427 1226 dubium,
459 1179 700 1230 provinciam
741 1194 804 1218 me
843 1180 951 1226 nulli,
985 1180 1058 1217 nisi
1093 1178 1157 1229 qui
1193 1179 1244 1218 ab
1272 1185 1409 1217 senatu
1442 1177 1582 1217 missus
1604 1191 1639 1223 15

247 1243 428 1291 venisset,
461 1244 704 1284 traditurum.
766 1246 869 1284 Nam
902 1246 952 1283 de
987 1244 1140 1295 legione
1169 1243 1365 1283 tricesima
1391 1243 1582 1282 tradenda

247 1319 413 1360 quantas
448 1309 724 1349 contentiones
760 1310 965 1348 habuerim
1000 1310 1095 1360 quid
1130 1323 1203 1360 ego
1236 1309 1433 1349 scribam?
1490 1310 1581 1359 Qua

247 1375 388 1414 tradita
409 1384 558 1426 quanto
585 1390 656 1427 pro
681 1390 720 1414 re
751 1390 786 1427 p.
810 1375 1000 1415 infirmior
1021 1377 1174 1414 futurus
1200 1375 1338 1414 suerin]
1363 1370 1450 1426 quis
1474 1378 1580 1426 igno-

245 1443 332 1479 rat?
381 1443 470 1479 Hac
492 1442 596 1480 enim
618 1441 773 1490 legione
798 1440 878 1479 noli
899 1439 1025 1479 acrius
1044 1447 1110 1479 aut
1130 1440 1346 1491 pugnacius
1367 1442 1577 1492 quicquam

245 1514 381 1556 putare
416 1520 510 1545 esse.
573 1507 664 1555 Qua
691 1520 730 1545 re
765 1520 855 1545 eum
884 1519 948 1544 rne
975 1506 1152 1545 existima
1187 1519 1282 1550 esse,
1310 1505 1377 1557 qui
1408 1508 1578 1557 primum
1601 1519 1637 1540 20

245 1572 352 1622 pacis
374 1571 653 1623 cupidissimus
681 1571 753 1610 sim
777 1571 922 1621 (omnis
949 1571 1055 1611 enirn
1077 1572 1170 1611 civis
1192 1574 1307 1624 plane
1331 1573 1473 1612 studeo
1493 1586 1578 1612 esse

246 1638 402 1687 salvos),
436 1638 582 1677 deinde
614 1637 681 1689 qui
716 1646 754 1677 et
789 1651 851 1677 me
885 1646 928 1676 'et
959 1651 1039 1677 rem
1074 1638 1274 1688 publicam
1305 1638 1504 1678 vindicare
1537 1641 1578 1677 in

197 1707 225 1743 6
245 1703 464 1742 libertatem
497 1712 654 1755 paratus
689 1703 772 1742 sim.
834 1704 954 1753 Quod
989 1703 1217 1744 familiarem
1252 1717 1384 1743 meum
1419 1711 1576 1743 tuorum

243 1782 408 1809 numero
438 1770 572 1816 habes
600 1769 787 1822 opinione
819 1777 886 1808 tua
920 1769 1016 1810 mihi
1044 1771 1188 1822 gratius
1218 1778 1299 1819 est3
1333 1769 1492 1811 invideo
1521 1770 1575 1810 illi

242 1842 386 1881 tamen,
419 1836 527 1885 quod
557 1835 734 1874 ambulat
765 1842 803 1874 et
838 1837 987 1874 iocatur
1026 1843 1167 1876 tecum.
1228 1837 1404 1886 Quaeres
1438 1836 1574 1888 quanti
1597 1844 1632 1876 25

239 1899 455 1939 aestimem.
521 1899 560 1938 si
591 1914 780 1951 umquam
815 1901 966 1941 licuerit
993 1903 1122 1943 vivere
1151 1903 1191 1942 in
1221 1902 1312 1949 otio,
1345 1901 1575 1953 experieris3

239 1966 389 2002 nullum
413 1965 517 2003 enim
539 1965 745 2016 vestigium
766 1968 837 2006 abs
858 1975 895 2007 te
916 1969 1158 2008 discessurus
1179 1982 1275 2007 sum.
1338 1969 1441 2006 Illud
1463 1969 1575 2007 vehe-

240 2039 390 2069 menter
421 2031 603 2079 admiror,
638 2048 716 2072 non
754 2034 953 2085 scripsisse
985 2044 1022 2074 te
1058 2035 1153 2073 mihi
1183 2035 1383 2073 manendo
1417 2036 1454 2071 in
1490 2047 1574 2084 pro-

238 2095 365 2134 vincia
394 2110 442 2134 an
474 2098 660 2137 ducendo
691 2100 903 2139 exercitum
934 2101 972 2138 in
1003 2100 1155 2139 Italiam
1187 2099 1239 2139 rei
1265 2114 1299 2150 p.
1331 2099 1452 2150 magis
1481 2099 1572 2137 satis

238 2162 364 2200 facere
398 2162 556 2211 possim.
623 2166 708 2214 Ego
744 2165 916 2216 quidem,
953 2167 1025 2205 etsi
1065 2165 1159 2203 mihi
1199 2167 1320 2204 tutius
1358 2179 1402 2204 ac
1429 2164 1571 2202 minus
1590 2172 1632 2202 30

238 2226 477 2266 laboriosum
520 2237 577 2267 est
620 2243 787 2277 manere,
825 2238 968 2278 tamen,
1006 2230 1098 2282 quia
1135 2230 1251 2270 video
1291 2230 1354 2269 tali
1396 2238 1571 2280 tempore

282 2342 300 2371 5
325 2336 446 2363 senatu
466 2331 523 2362 M:
557 2333 690 2364 senatui
709 2333 850 2371 ΛΙΕΗΒ,
878 2333 985 2373 salcf
1007 2344 1057 2372 24.
1078 2345 1097 2373 3
1117 2334 1273 2373 (impetu)
1411 2343 1447 2370 14
1473 2343 1571 2364 nemo

237 2379 305 2407 vett.
327 2376 506 2407 Bz'iclzeler:
530 2386 572 2406 ne
590 2376 677 2408 codd.
772 2388 813 2417 23
832 2378 863 2407 in
883 2383 1013 2409 tuorum
1033 2387 1172 2409 numero
1185 2377 1303 2408 Laud).
1396 2387 1436 2416 25
1454 2376 1570 2416 quanti

236 2419 268 2450 id
285 2420 461 2452 aestimem
481 2419 582 2451 Orelli
