1791 2796
110 871 148 894 10

114 1198 148 1229 ¹5

114 1525 152 1546 20

118 2174 158 2204 30

529 160 639 195 Epi).
674 159 750 195 AD
784 157 1130 194 FAranIAREs
1180 136 1185 141 ⁴
1445 157 1492 193 X.
1510 155 1587 192 viii

165 270 259 309 mihi
277 269 359 322 ipse
376 271 426 309 ad
447 268 734 321 proficiendum
751 267 1034 318 impedimenta
1051 280 1292 318 opponerem
1309 273 1386 313 aut,
1403 265 1433 305 si
1456 265 1494 303 in

163 350 210 374 eo
232 334 328 373 mihi
350 334 678 385 temperavissem,
703 333 868 372 maiores
890 332 1118 371 occasiones
1144 333 1195 371 ad
1219 331 1494 382 opitulandum

163 401 360 448 haberem,
376 399 594 451 expeditius
615 399 686 438 iter
705 398 928 438 communis
949 397 1082 436 salutis
1102 411 1220 448 quam
1244 411 1353 436 meae
1369 396 1496 435 laudis

163 481 247 506 esse
269 465 385 505 volui.
445 468 547 505 Nam
570 464 656 515 quis
678 464 717 502 in
738 478 785 503 ea
810 465 964 503 fortuna
992 477 1093 514 quae
1121 477 1209 502 mea
1229 471 1297 510 est,
1321 471 1358 501 et
1379 462 1428 500 ab
1450 476 1495 500 ea

164 532 241 571 vita
271 546 389 583 quam
420 531 458 570 in
490 546 552 570 me
582 531 779 582 cognitam
809 529 1037 569 hominibus
1066 528 1240 576 arbitror,
1267 537 1305 567 et
1332 542 1422 567 cum
1451 542 1495 566 ca

164 612 232 648 spe
259 611 378 648 quam
408 596 448 634 in
479 596 660 635 manibus
690 596 830 643 habeo,
854 603 920 634 aut
947 594 1150 634 sordidum
1178 593 1390 645 quicquam
1416 593 1495 644 pati

163 671 230 701 aut
269 661 533 713 perniciosum
578 661 857 712 concupiscere
900 662 1059 711 potest?
1134 660 1211 699 Sed
1249 659 1539 709 aliquantum3

165 726 279 765 nobis
304 726 490 778 temporis
520 735 558 765 et
588 726 717 778 magni
747 727 900 765 labores
929 733 966 764 et
997 726 1142 764 multae
1169 725 1371 775 impensae
1397 737 1496 774 opus

167 793 322 830 suerunt
360 801 412 839 ut,
449 806 550 843 quae
588 791 642 831 rei
681 806 717 842 p.
755 791 949 842 bonisque
988 789 1173 829 omnibus
1212 789 1496 840 polliceremur,

167 857 270 896 exitu
304 866 588 908 praestaremus
622 871 752 908 neque
790 858 840 896 ad
871 855 1057 896 auxilium
1092 854 1238 906 patriae
1278 854 1373 894 nudi
1409 868 1498 893 cum

168 924 273 962 bona
302 924 502 962 voluntate
532 923 600 961 sed
634 936 724 961 cum
760 921 1009 960 facultatibus
1048 921 1336 959 accederemus.
1398 921 1500 959 Con-

168 989 383 1028 firmandus
410 996 490 1027 erat
514 988 704 1027 exercitus
731 987 846 1027 nobis
877 986 1027 1038 magnis
1055 999 1171 1036 saepe
1195 985 1376 1036 praemiis
1401 984 1501 1024 solli-

168 1053 319 1102 citatus,
348 1061 391 1093 ut
418 1055 470 1093 ab
499 1068 539 1093 re
566 1068 600 1105 p.
626 1053 757 1104 potius
787 1054 989 1092 moderata
1018 1065 1137 1102 quam
1164 1052 1215 1090 ab
1242 1065 1322 1091 uno
1349 1050 1502 1089 infinita

168 1126 338 1169 speraret
352 1133 362 1167 3
400 1120 695 1158 confirmandae
724 1120 946 1170 complures
973 1117 1159 1164 civitates,
1182 1130 1283 1167 quae
1304 1116 1502 1167 superiore

168 1198 274 1223 anno
318 1183 588 1235 largitionibus
635 1183 1037 1233 concessionibusque
1086 1181 1347 1233 praemiorum
1393 1188 1502 1220 erant

169 1249 374 1300 obligatae,
406 1258 449 1288 ut
478 1257 516 1288 et
545 1249 610 1288 illa
638 1263 738 1288 vana
768 1256 949 1300 putarent
984 1256 1022 1286 et
1055 1249 1194 1287 eadem
1223 1262 1247 1286 a
1276 1246 1501 1286 melioribus

167 1315 394 1354 auctoribus
428 1316 600 1366 petenda
631 1314 896 1353 existimarent
913 1328 923 1362 3
965 1313 1181 1353 eliciendae
1219 1312 1337 1352 etiam
1369 1314 1502 1351 volun-

171 1388 268 1418 tates
307 1380 556 1431 reliquorum,
593 1380 660 1431 qui
709 1378 884 1418 finitimis
933 1378 1142 1429 provinciis
1190 1377 1502 1428 exercitibusque

169 1447 430 1497 praefuerunt,
454 1454 495 1484 ut
516 1444 644 1497 potius
666 1459 756 1484 cum
778 1444 954 1496 pluribus
979 1444 1206 1483 societatem
1227 1444 1503 1483 defendendae

169 1511 358 1551 libertatis
390 1511 575 1550 iniremus
614 1524 733 1562 quam
771 1524 861 1549 cum
894 1509 1143 1561 paucioribus
1182 1511 1376 1548 funestam
1416 1508 1499 1547 orbi

172 1585 357 1616 terrarum
378 1577 579 1617 victoriam
606 1576 846 1628 partiremur.
908 1574 1118 1614 Muniendi
1139 1588 1230 1613 vero
1250 1582 1406 1614 nosmet
1427 1574 1498 1625 ipsi
1517 1583 1543 1621 4

172 1642 316 1681 suimus
335 1651 452 1682 aucto
473 1642 643 1682 exercitu
664 1641 895 1692 auxiliisque
923 1640 1188 1690 multiplicatis
1209 1647 1261 1687 ut,
1285 1653 1375 1678 cum
1396 1653 1501 1690 prae-

172 1709 358 1747 ferremus
392 1722 529 1747 sensus
562 1715 706 1759 aperte,
732 1715 814 1746 tum
842 1706 959 1745 etiam
990 1705 1119 1744 invitis
1149 1705 1385 1755 quibusdam
1416 1703 1502 1743 sciri

173 1772 268 1823 quid
295 1774 491 1812 defensuri
518 1786 693 1813 essemus
720 1786 800 1811 non
831 1779 932 1810 esset
961 1770 1234 1821 periculosum.
1306 1767 1367 1808 Ita
1395 1783 1504 1808 num-

137 1851 150 1881 ζ
173 1852 291 1888 quam
322 1838 518 1877 diffitebor
546 1839 668 1877 multa
695 1851 769 1884 me,
799 1844 840 1875 ut
867 1837 917 1875 ad
946 1836 1129 1875 effectum
1160 1836 1299 1874 horum
1326 1834 1505 1874 consilio-

174 1917 258 1941 rum
288 1903 541 1953 pervenirem,
564 1911 602 1941 et
629 1902 832 1941 simulasse
861 1901 1026 1939 invitum
1057 1908 1095 1939 et
1124 1899 1389 1939 dissimulasse
1413 1914 1502 1939 cum

173 1968 320 2015 dolore,
354 1968 461 2018 quod
501 1975 746 2018 praematura
783 1966 1030 2006 denuntiatio
1068 1964 1164 2005 boni
1197 1964 1292 2003 civis
1325 1965 1501 2016 imparati

174 2046 292 2082 quam
331 2032 550 2083 periculosa
587 2040 688 2071 esset
725 2046 772 2071 ex
805 2045 898 2071 casu
932 2032 1118 2082 conlegae
1156 2030 1351 2069 videbam.
1410 2033 1546 2079 Quo5

175 2097 335 2136 nomine
369 2098 486 2136 etiam
518 2099 562 2137 C.
595 2096 741 2136 Furnio
773 2098 912 2147 legato,
943 2097 1026 2136 viro
1059 2096 1148 2135 forti
1180 2103 1299 2147 atque
1332 2103 1501 2141 strenuo,

176 2163 286 2213 plura
314 2161 429 2201 etiam
452 2163 572 2202 verbo
601 2176 720 2213 quam
749 2161 939 2213 scriptura
967 2162 1154 2201 mandata
1182 2160 1376 2207 dedimus,
1399 2168 1441 2198 ut
1468 2168 1506 2198 et

176 2227 314 2266 tectius
338 2227 389 2267 ad
409 2243 477 2267 vos
504 2228 763 2278 perferrentur
788 2234 826 2267 et
853 2241 926 2267 nos
952 2240 1128 2266 essemus
1152 2226 1325 2274 tutiores,
1348 2226 1506 2277 quibus-

176 2306 252 2342 que
273 2293 388 2331 rebus
409 2301 445 2331 et
467 2306 720 2332 communem
748 2293 913 2332 salutem
938 2291 1079 2331 muniri
1101 2299 1139 2331 et
1163 2305 1236 2332 nos
1256 2291 1394 2330 armari
1415 2304 1503 2329 con-

225 2409 235 2428 1
264 2399 343 2429 mihi
363 2398 434 2438 ipse
453 2398 622 2430 Rutilius:
647 2397 680 2429 in
699 2410 758 2439 spe
775 2399 863 2430 codd.
883 2411 890 2428 ε
912 2399 985 2438 ipsc
1002 2398 1227 2429 lllcndclssolm
1247 2397 1368 2427 Malla-r
1467 2405 1502 2434 17

178 2441 387 2473 adliciendae
404 2446 472 2475 vell.
612 2454 650 2482 19
675 2447 838 2483 praesunt
861 2441 1048 2483 chscnbctg
1064 2441 1215 2472 Rhodius
