1791 2796
621 163 732 199 EPP.
765 162 842 199 AD
875 161 1221 199 FAMILIARES
1531 162 1640 200 XVI.
1660 160 1736 198 xxi

311 272 511 323 Quoniam
542 272 655 323 igitur
684 280 767 311 tum
798 286 844 311 ex
874 286 936 311 me
965 271 1136 319 doluisti,
1163 285 1268 310 nunc
1299 280 1339 310 ut
1367 272 1587 324 duplicetur
1607 284 1630 321 3

257 347 367 377 tuum
398 354 444 377 ex
474 352 537 380 me
565 338 751 389 gaudium
788 338 1004 388 praestabo.
1066 337 1255 388 Cratippo
1286 352 1348 376 me
1379 338 1476 377 scito
1508 352 1587 377 non

257 412 298 442 ut
336 403 572 455 discipulum
605 405 674 443 sed
706 411 747 442 ut
781 403 901 441 filium
942 417 1026 442 esse
1065 403 1457 448 coniunctissimum;
1497 417 1587 441 nam

256 483 345 507 cum
376 468 494 508 audio
524 469 632 507 illum
664 469 830 507 libenter
860 477 941 507 tum
978 468 1095 507 etiam
1127 468 1322 519 propriam
1355 469 1438 507 eius
1468 468 1590 507 suavi·
1632 501 1644 512 ,

218 547 234 579 5
258 543 376 573 tatem
393 536 646 574 vehementer
658 536 884 586 amplector.
935 536 1030 573 Sum
1048 543 1151 573 totos
1168 534 1251 573 dies
1268 548 1358 573 cum
1380 548 1427 573 eo
1449 533 1590 573 noctis-

257 614 333 650 que
363 614 478 651 saepe
513 614 677 639 numero
711 608 889 650 partem;
928 614 1045 638 exoro
1075 599 1180 638 enim
1212 608 1252 638 ut
1284 613 1437 638 mecum
1470 613 1588 650 quam

257 664 482 715 saepissime
511 673 635 704 cenet.
697 667 788 704 Hac
820 664 1042 704 introducta
1072 664 1359 703 consuetudine
1391 679 1506 715 saepe
1537 664 1591 703 in-

256 730 470 769 scientibus
491 731 605 770 nobis
627 739 664 770 et
692 731 924 770 cenantibus
953 731 1106 781 obrepit
1133 731 1366 780 sublataque
1387 730 1591 769 severitate

257 795 530 846 philosophiae
564 796 846 835 humanissime
881 796 1088 835 nobiscum
1124 795 1283 835 iocatur.
1345 790 1434 844 Qua
1468 810 1507 834 re
1541 797 1592 835 da

201 874 237 895 10
257 875 416 911 operam
457 869 497 900 ut
536 863 641 900 hunc
676 864 804 910 talem,
841 870 919 900 tam
960 862 1187 908 iucundum,
1222 870 1299 899 tam
1335 863 1589 900 excellentem

257 926 380 965 virum
413 927 545 966 videas
580 942 699 979 quam
732 928 912 979 primum.
974 929 1077 966 Nam
1110 927 1206 978 quid
1241 940 1313 977 ego
1352 928 1402 966 de
1438 927 1631 975 Brutti04

257 992 417 1031 dicam?
459 989 576 1044 quem
599 996 707 1032 nullo
736 1002 911 1044 tempore
932 1008 953 1031 a
975 1008 1037 1032 me
1062 993 1186 1044 patior
1211 992 1441 1040 discedere3
1479 993 1590 1032 cuius

257 1072 346 1096 cum
376 1058 472 1109 frugi
498 1073 710 1110 severaque
740 1068 797 1098 est
822 1059 898 1098 vita
929 1067 1011 1098 tum
1042 1058 1160 1097 etiam
1191 1057 1473 1098 iucundissima
1501 1073 1593 1097 con-

256 1123 402 1171 victio:
442 1138 521 1162 non
552 1133 609 1163 est
640 1124 745 1163 enim
776 1124 974 1163 seiunctus
1005 1124 1114 1163 iocus
1143 1139 1166 1162 a
1196 1126 1401 1177 φιλολογίᾳ
1431 1132 1468 1163 et
1498 1123 1591 1163 coti·

200 1206 236 1239 15
257 1189 375 1227 diana
399 1191 610 1239 συζητήσει.
673 1189 779 1228 Huic
810 1203 882 1239 ego
913 1191 1043 1228 locum
1069 1189 1107 1227 in
1136 1188 1313 1239 proximo
1341 1188 1511 1228 conduxi
1539 1197 1587 1235 et,

258 1262 298 1291 ut
338 1267 509 1303 possum,
552 1268 597 1293 ex
637 1254 734 1292 meis
772 1253 960 1304 angustiis
999 1254 1100 1292 illius
1135 1262 1312 1292 sustento
1346 1255 1587 1293 tenuitatem.

260 1320 462 1357 Praeterea
486 1318 737 1358 declamitare
759 1320 908 1358 Graece
934 1320 1041 1369 apud
1064 1319 1243 1359 Cassium
1269 1318 1427 1365 institui,
1452 1319 1590 1358 Latine
1609 1327 1633 1366 5

256 1393 388 1423 autem
419 1386 525 1435 apud
555 1384 749 1423 Bruttium
781 1384 948 1423 exerceri
978 1382 1078 1423 folo.
1139 1386 1240 1424 Utor
1270 1383 1523 1422 familiaribus
1553 1392 1591 1423 et

259 1449 465 1488 cotidianis
505 1449 805 1497 convictoribus,
843 1464 943 1500 quos
978 1463 1110 1488 secum
1145 1448 1346 1499 Mitylenis
1381 1449 1592 1500 Cratippus

200 1532 238 1554 20
257 1515 431 1562 adduxit,
455 1515 682 1554 hominibus
705 1524 742 1554 et
763 1515 889 1554 doctis
917 1523 954 1553 et
982 1514 1033 1552 illi
1062 1514 1355 1565 probatissimis.
1418 1516 1590 1553 Multum

258 1580 374 1618 etiam
422 1594 577 1619 mecum
621 1589 678 1620 est
719 1580 930 1632 Epicrates,
978 1579 1158 1630 princeps
1197 1579 1511 1627 Atheniensium,
1553 1588 1591 1619 et

259 1645 455 1685 Leonides
495 1654 533 1684 et
567 1648 707 1685 horum
741 1646 859 1685 ceteri
894 1645 1049 1683 similes.
1108 1647 1162 1682 Τὰ
1191 1647 1258 1695 μὲν
1287 1646 1350 1684 οὖν
1379 1646 1462 1684 καθ’
1497 1647 1592 1695 ἡμᾶς

257 1712 352 1749 τάδε.
412 1714 474 1750 De
496 1711 641 1762 Gorgia
661 1720 793 1750 autem
815 1712 922 1761 quod
952 1710 1047 1748 mihi
1074 1709 1220 1758 scribis,
1243 1718 1323 1749 erat
1345 1710 1504 1761 quidem
1527 1710 1590 1750 ille
1611 1715 1638 1752 6

259 1777 297 1815 in
326 1776 524 1816 cotidiana
544 1776 832 1815 declamatione
861 1775 975 1823 utilis,
1000 1776 1070 1814 sed
1097 1775 1229 1814 omnia
1256 1775 1472 1826 postposui,
1494 1777 1590 1815 dum

201 1856 240 1888 25
261 1843 381 1881 modo
411 1842 628 1892 praeceptis
654 1842 771 1892 patris
803 1855 1002 1892 parcrenr:
1033 1841 1229 1891 διαρρήδην
1255 1840 1359 1879 enim
1387 1840 1591 1891 scripserat

259 1916 300 1945 ut
340 1921 430 1946 eum
471 1907 707 1946 dimitterem
747 1907 888 1945 statim.
962 1905 1220 1956 Tergiversari
1260 1905 1378 1952 nolui,
1416 1920 1464 1944 ne
1504 1920 1592 1945 mea

259 1972 380 2011 nimia
414 1973 558 2022 σπουδή
588 1972 851 2022 suspicionem
888 1971 921 2010 ei
951 1971 1122 2021 aliquam
1159 1971 1409 2021 importaret3
1446 1970 1591 2010 deinde

259 2037 355 2076 illud
376 2037 494 2076 etiam
515 2037 610 2075 mihi
632 2037 892 2083 succurrebat,
910 2050 1024 2087 grave
1045 2050 1129 2074 esse
1152 2049 1214 2074 me
1235 2037 1285 2074 de
1306 2035 1452 2074 iudicio
1473 2036 1591 2085 patris

259 2102 440 2141 iudicare.
500 2104 632 2140 Tuum
655 2110 786 2140 tamen
814 2101 987 2141 studium
1019 2110 1056 2140 et
1083 2101 1290 2140 consilium
1311 2108 1463 2151 gratum
1483 2114 1590 2140 acce-
1609 2109 1632 2148 7

201 2183 240 2213 30
259 2176 450 2219 ptumquc
471 2175 528 2205 est
550 2166 655 2205 mihi.

315 2232 617 2271 Excusatione-ni
662 2232 927 2282 angustiarum
969 2232 1022 2270 tui
1063 2231 1248 2282 temporis
1286 2231 1461 2282 accipio:
1509 2230 1591 2270 scio

260 2297 364 2336 enim
397 2311 515 2347 quam
548 2299 673 2336 soleas
712 2312 796 2336 esse
836 2306 1061 2348 occupatus.
1134 2296 1286 2335 Emisse
1319 2305 1355 2335 te
1388 2295 1590 2346 praedium

260 2363 513 2401 vehementer
532 2363 685 2412 gaudeo
708 2361 945 2412 feliciterque
967 2362 1036 2401 tibi
1062 2376 1142 2401 rem
1164 2361 1277 2400 istam
1299 2361 1454 2400 evenire
1474 2360 1592 2412 cupio

353 2478 391 2508 19
415 2466 591 2509 Mitylenis
610 2466 665 2499 M:
692 2467 873 2498 mutilenes
890 2466 946 2498 D:
972 2466 1137 2498 mitilenes
1155 2466 1228 2507 HF,
1250 2465 1285 2506 cs.
1308 2465 1355 2497 ad
1369 2464 1410 2497 iv.
1435 2475 1462 2505 7.
1485 2476 1504 2504 4
