1791 2796
99 177 218 215 XIII.
238 176 348 213 lxxv
616 178 671 214 M.
703 177 871 214 TVLLI
903 177 1212 215 CICERONIS

247 287 439 326 voluntati
461 288 740 338 obtemperans
762 287 890 326 minus
911 287 1076 327 videbor
1096 288 1323 328 meminisse
1336 289 1581 328 constantiae

203 365 227 392 2
249 361 348 392 tuae.
410 355 444 391 A
474 361 511 391 te
533 352 638 392 idem
669 352 765 391 illud
794 361 887 404 peto
916 361 959 392 ut
983 355 1034 393 de
1064 355 1163 401 loco,
1190 368 1271 405 quo
1300 355 1481 405 deportet
1509 356 1581 393 fru-

247 428 437 466 mentum,
463 426 500 457 et
521 420 571 457 de
592 426 769 468 tempore
790 418 960 456 Avianio
981 420 1224 466 commodes,
1247 433 1414 470 quorum
1436 427 1580 458 utrum-

245 499 322 534 que
344 498 411 534 per
432 485 604 523 eundem
627 498 689 523 me
717 483 888 523 obtinuit
917 484 1139 532 triennium,
1163 485 1259 523 dum
1283 484 1495 535 Pompeius
1516 484 1576 523 isti

244 551 403 602 negotio
435 550 611 601 praefuit.
672 553 835 588 Summa
874 558 941 597 est,
983 550 1021 588 in
1061 565 1142 601 quo
1180 550 1276 588 mihi
1314 550 1575 601 gratissimum
1597 565 1614 595 5

246 618 372 655 facere
394 616 530 667 possis,
554 615 585 654 si
606 616 750 655 curaris
771 624 814 654 ut
834 616 1035 663 Avianius,
1059 616 1247 666 quoniam
1269 630 1310 654 se
1330 630 1353 654 a
1374 630 1438 655 me
1457 615 1578 655 amari

246 690 368 732 putat,
393 695 456 720 me
477 695 499 720 a
520 688 557 719 te
577 680 698 719 amari
718 680 825 719 sciat.
887 681 970 719 Erit
990 680 1031 720 id
1053 680 1149 719 mihi
1163 688 1396 732 pergratum.

291 839 482 874 LXXVI
543 843 611 874 Scr.
632 842 761 874 Romae
777 853 866 873 amco
882 842 1101 882 1'11c‹·1¹l0‚s0rt.
1122 844 1181 880 69!
1202 844 1277 882 (63).
1332 890 1335 891 ⁷

369 920 413 951 M.
443 920 619 951 CICERO
649 920 715 951 IIII
741 921 870 952 VIRIS
896 920 953 951 ET
980 919 1332 951 DECVRIONIBVS
1358 920 1393 951 S.
1420 920 1459 951 D.

210 1013 226 1039 1
301 1002 453 1039 Tantae
475 999 571 1038 mihi
592 1014 682 1039 cum
702 1002 749 1049 Q.
770 999 922 1051 Hippio
939 1014 1079 1039 causae
1096 998 1398 1039 necessitudinis
1419 1005 1520 1045 sunt,
1539 1005 1580 1036 ut
1606 1013 1642 1036 ιο

246 1065 343 1104 1111111
375 1065 498 1116 possit
530 1079 615 1104 esse
647 1065 896 1104 coniunctius
932 1079 1049 1116 quam
1084 1079 1155 1104 nos
1190 1064 1289 1104 inter
1328 1079 1400 1104 nos
1432 1077 1577 1103 sumus.

247 1132 370 1180 Quod
391 1131 463 1170 nisi
486 1131 539 1170 ita
558 1139 672 1178 esset,
695 1139 822 1171 uterer
844 1145 931 1170 mea
958 1130 1246 1170 consuetudine
1267 1138 1309 1170 ut
1330 1129 1447 1170 'vobis
1475 1130 1583 1168 nulla

246 1196 287 1235 in
308 1211 348 1237 rc
369 1199 557 1237 molestus
578 1211 716 1236 essem.
778 1197 936 1236 Etenim
958 1211 1027 1236 vos
1055 1196 1151 1235 mihi
1173 1195 1309 1247 optimi
1337 1203 1455 1235 testes
1476 1194 1578 1241 estis,

246 1276 367 1313 quom
395 1262 488 1301 mihi
516 1276 745 1313 persuasum
776 1270 878 1302 esset
907 1261 1004 1301 nihil
1031 1276 1115 1301 esse
1137 1263 1244 1313 quod
1272 1276 1294 1300 a
1321 1260 1433 1300 vobis
1462 1260 1581 1310 impe-

247 1337 345 1368 trare
373 1343 453 1367 non
481 1342 650 1379 possem,
674 1342 893 1379 numquam
922 1342 984 1367 me
1016 1336 1148 1368 tamen
1175 1341 1330 1379 gravem
1360 1325 1471 1375 vobis
1495 1339 1580 1364 esse
1606 1342 1640 1374 ¹5

203 1402 227 1428 2
248 1393 427 1433 voluisse.
487 1395 754 1433 Vehementer
775 1393 890 1445 igitur
910 1408 978 1432 vos
1000 1394 1117 1432 etiam
1138 1402 1256 1444 atque
1285 1392 1402 1431 etiam
1424 1405 1517 1442 rogo
1539 1400 1581 1430 ut

247 1458 406 1498 honoris
437 1458 512 1498 mei
544 1473 662 1498 causa
691 1472 810 1509 quam
841 1458 1110 1497 liberalissime
1137 1460 1179 1498 C.
1205 1458 1387 1509 Valgium
1417 1456 1580 1508 Hippia-

247 1538 341 1563 num
373 1524 542 1564 tractetis
573 1539 735 1575 remque
763 1538 854 1563 cum
881 1538 929 1563 eo
957 1523 1185 1571 conficiatis,
1215 1532 1256 1562 ut
1281 1537 1399 1574 quam
1429 1536 1579 1573 posses-

247 1590 397 1629 sionem
439 1591 558 1629 habet
597 1590 636 1628 in
675 1604 768 1641 agro
808 1591 1037 1641 Fregellano
1070 1603 1094 1627 a
1129 1589 1240 1628 vobis
1279 1596 1453 1639 emptam
1492 1601 1578 1627 eam

247 1655 409 1694 liberam
445 1664 483 1694 et
515 1655 733 1695 immunem
767 1656 911 1695 habere
943 1654 1077 1706 possit.
1139 1655 1186 1693 Id
1212 1654 1243 1693 si
1273 1668 1294 1693 a
1321 1653 1433 1692 vobis
1461 1652 1580 1705 impe·
1602 1670 1641 1692 20

248 1729 360 1768 traro,
383 1734 541 1761 summo
562 1735 625 1760 me
646 1720 841 1760 beneficio
862 1728 990 1760 vestro
1010 1720 1210 1760 adfectum
1231 1718 1457 1759 arbitrabor.

291 1886 505 1922 LXXVII
553 1889 622 1922 Scr.
638 1890 766 1923 Romae
784 1902 892 1923 mense
908 1891 1013 1924 iuras-c.
1031 1897 1081 1937 pr.
1098 1903 1128 1924 a.
1145 1894 1205 1932 708
1220 1892 1302 1932 (46)

509 1966 552 1999 M.
580 1967 756 2000 CICERO
783 1970 816 2000 S.
847 1969 886 2000 D.
916 1969 950 2001 P.
978 1970 1193 2001 SVLPICIO
1221 1969 1312 2000 IMI'.

212 2059 227 2085 1
303 2046 404 2084 Cum
442 2044 500 2083 liis
537 2046 780 2096 temporibus
811 2061 890 2085 non
922 2061 1015 2086 sane
1053 2046 1092 2085 in
1124 2055 1303 2087 senatum
1335 2046 1575 2092 ventitarem‚

247 2118 389 2156 tamen,
422 2118 463 2148 ut
495 2118 579 2148 tuas
611 2110 756 2150 litteras
786 2111 870 2162 legi,
905 2126 984 2151 non
1017 2112 1232 2151 existimavi
1268 2126 1330 2151 me
1361 2113 1467 2150 salvo
1498 2111 1578 2150 iure
1600 2123 1638 2155 25

247 2183 401 2214 nostrae
422 2175 560 2214 veteris
589 2176 785 2216 amicitiae
816 2179 1109 2229 multorumque
1139 2178 1238 2217 inter
1268 2191 1339 2216 nos
1361 2176 1577 2216 officiorum

248 2242 372 2280 facere
393 2255 507 2292 posse
530 2250 570 2280 ut
593 2242 730 2281 honori
754 2251 821 2281 tuo
842 2244 1032 2282 deessem.
1087 2245 1226 2293 Itaque
1254 2241 1360 2281 adfui
1389 2241 1579 2293 supplica-

248 2306 475 2357 tionemque
498 2307 565 2345 tibi
590 2308 755 2347 libenter
776 2308 930 2347 decrevi
949 2323 1021 2347 nec
1043 2308 1193 2358 reliquo
1215 2316 1390 2358 tempore
1412 2308 1491 2345 ullo
1511 2313 1578 2344 aut

292 2423 311 2442 2
337 2417 421 2442 utet
445 2413 486 2442 de
504 2409 614 2442 Lamb
766 2423 798 2450 ¹4
827 2423 923 2451 quom
952 2412 1202 2443 Alrmlelssolm:
1236 2423 1334 2451 quarn
1353 2410 1442 2441 codd.
1463 2423 1468 2441 :
1503 2421 1576 2441 cum

250 2456 357 2496 vulg:
383 2466 585 2495 quamquam
606 2455 709 2488 Orelli
815 2466 857 2495 23
882 2466 1039 2488 SVLP1C10
1071 2456 1183 2489 codd.:
1223 2465 1367 2487 νΑτιΝιο
1399 2454 1546 2486 Rutilius
