1791 2796
224 119 270 155 X.
291 128 319 154 x
641 116 694 152 M.
728 115 894 153 TVLLI
929 115 1236 153 CICERONIS

272 228 395 267 Cuius
418 227 468 265 rei
498 240 578 264 non
607 228 728 265 modo
755 240 834 264 non
860 226 1052 276 praeteriit
1075 234 1230 276 tempus
1252 228 1321 265 sed
1343 241 1391 265 ne
1413 235 1608 267 maturum

272 292 592 348 quidmiretiam
629 305 734 330 nunc
775 305 863 329 meo
897 291 1059 342 quidem
1100 292 1247 330 iudicio
1282 293 1363 331 fuit.
1424 294 1463 331 Is
1503 293 1608 332 enim

272 359 444 408 denique
484 359 611 397 honos
646 357 740 396 mihi
776 357 896 396 videri
936 359 1045 404 solet,
1082 357 1147 408 qui
1189 371 1268 396 non
1308 367 1466 409 propter
1499 373 1610 409 spem

276 423 391 462 futuri
426 423 592 462 benefici
628 424 698 462 sed
730 431 888 474 propter
927 436 1069 473 magna
1108 423 1245 462 merita
1284 424 1395 462 claris
1427 423 1516 463 viris
1547 426 1613 464 de-

231 500 254 526 2
276 491 393 528 fertur
427 497 464 528 et
503 490 627 528 datur.
691 490 781 538 Qua
811 503 860 536 re,
894 489 942 527 sit
978 490 1099 528 modo
1133 489 1264 539 aliqua
1298 503 1357 528 res
1391 504 1427 541 p.
1460 490 1499 529 in
1534 504 1648 541 qua5

275 558 402 595 honos
451 557 604 594 elucere
643 555 778 606 possit,
818 555 1014 603 omnibus,
1057 554 1152 593 mihi
1192 556 1320 602 crede,
1360 556 1612 607 amplissimis

274 620 491 659 honoribus
521 619 755 659 abundabis.
817 621 856 658 Is
885 627 1032 668 autem,
1053 620 1120 670 qui
1147 634 1236 659 vere
1265 621 1451 671 appellari
1483 629 1611 672 potest

273 689 410 732 honos,
436 700 516 724 non
538 686 837 724 invitamentum
866 686 917 724 ad
942 693 1098 736 tempus
1126 687 1195 724 sed
1226 694 1437 736 perpetuae
1462 686 1611 724 virtutis

273 760 329 790 est
362 751 591 802 praemium.
654 752 785 800 Quam
818 751 870 789 ob
903 764 995 797 rem,
1029 749 1081 788 mi
1116 752 1271 798 Plance,
1310 751 1496 790 incumbe
1527 760 1611 790 toto

273 826 430 869 pectore
451 819 501 857 ad
524 818 696 865 laudem,
716 816 881 856 subveni
909 816 1066 867 patriae,
1091 816 1283 867 opitulare
1311 819 1511 867 conlegae,
1531 831 1611 856 om-
1637 834 1671 856 10

273 884 381 922 nium
417 883 592 934 gentium
629 896 866 921 consensum
898 890 935 921 et
968 881 1240 921 incredibilem
1276 882 1608 933 conspirationem

273 950 426 989 adiuva.
507 950 576 987 Me
624 956 782 986 tuorum
831 948 1085 986 consiliorum
1134 947 1366 994 adiutorem,
1409 948 1609 997 dignitatis

274 1017 476 1062 fautorem,
519 1014 705 1053 omnibus
748 1014 787 1051 in
833 1014 949 1053 rebus
994 1013 1064 1052 tibi
1110 1012 1392 1051 amicissimum
1437 1012 1610 1052 fidelissi-

275 1095 464 1131 mumque
503 1093 728 1130 cognosces.
801 1081 865 1118 Ad
901 1092 965 1118 eas
1000 1079 1105 1118 enim
1141 1092 1289 1125 causas,
1329 1078 1471 1129 quibus
1511 1078 1610 1117 inter

275 1161 346 1185 nos
375 1160 509 1185 amore
539 1158 684 1191 sumu&
709 1145 856 1191 officiis
884 1152 1076 1184 vetustate
1107 1144 1319 1190 coniuncti,
1343 1143 1489 1194 patriae
1518 1144 1607 1182 cari·
1635 1157 1643 1179 ι
1653 1157 1670 1188 5

274 1221 332 1251 tas
358 1211 534 1258 accessit,
558 1224 683 1262 eaque
708 1210 836 1250 effecit
867 1218 907 1249 ut
938 1218 1046 1249 tuam
1071 1209 1190 1248 vitam
1221 1210 1454 1249 anteferrem
1485 1222 1606 1248 meae.

276 1290 320 1316 111
347 1279 394 1316 K.
420 1279 512 1328 Apr.

319 1418 385 1453 XI
527 1420 596 1453 Scr.
618 1421 650 1452 7‘11
668 1420 902 1461 Allobrogibus
917 1431 963 1451 ex.
985 1431 1029 1451 m.
1050 1419 1133 1461 Apr.
1154 1430 1182 1452 a.
1206 1430 1260 1460 711
1279 1420 1360 1462 (43).

705 1492 914 1523 PLANCVS
939 1491 1179 1524 CICERONI,

239 1585 253 1611 1
332 1564 571 1604 Immortalis
597 1578 672 1615 ago
696 1564 765 1602 tibi
796 1564 937 1615 gratias
967 1577 1171 1615 agamque,
1205 1565 1300 1603 dum
1332 1563 1485 1610 vivam;
1518 1576 1608 1602 nam
1632 1575 1672 1597 20

276 1635 485 1671 relaturum
527 1645 588 1669 me
623 1632 829 1669 adfirmare
865 1645 943 1669 non
980 1645 1152 1681 possum.
1224 1631 1362 1669 'l‘antis
1397 1630 1502 1669 enim
1535 1630 1610 1668 tuis

275 1698 412 1737 officiis
445 1710 525 1736 non
560 1696 696 1735 videor
728 1696 779 1734 mi
815 1697 1053 1747 respondere
1089 1710 1214 1747 posse,
1249 1696 1321 1734 nisi
1354 1697 1461 1743 sorte,
1496 1703 1537 1734 ut
1569 1703 1610 1733 tu

274 1764 499 1814 gravissime
527 1763 862 1814 disertissimeque
889 1762 1086 1814 scripsisti,
1111 1763 1163 1801 ita
1191 1776 1374 1802 sensurus
1403 1777 1454 1807 es,
1478 1770 1520 1800 ut
1549 1775 1611 1800 me

275 1832 413 1869 referre
443 1829 604 1880 gratiam
636 1837 760 1880 putes,
786 1843 876 1868 cum
901 1829 1089 1868 memoria
1116 1829 1272 1868 tenebo.
1333 1828 1371 1867 Si
1397 1830 1446 1867 de
1475 1827 1527 1865 fili
1555 1827 1610 1866 tui

274 1895 463 1945 dignitate
483 1903 585 1934 esset
606 1902 749 1941 actum,
774 1894 982 1933 amabilius
1009 1901 1113 1933 certe
1140 1893 1236 1931 n'rhil
1258 1894 1384 1932 facere
1405 1892 1607 1943 potuisses.
1633 1902 1670 1934 25

277 1961 428 1999 Primae
449 1968 538 1999 tuae
561 1960 778 1999 sententiae
809 1959 970 1998 infinitis
997 1973 1087 1997 eum
1116 1958 1355 2005 muneribus,
1379 1957 1611 2008 posteriores

273 2028 323 2064 ad
363 2034 519 2076 tempus
559 2025 841 2075 arbitriumque
882 2024 1098 2063 amicorum
1139 2037 1316 2063 meorum
1356 2022 1608 2073 compositae,

275 2091 398 2129 oratio
427 2091 594 2129 adsidua
621 2099 657 2129 et
686 2099 873 2140 perpetua
901 2091 951 2127 de
983 2103 1055 2135 me,
1081 2088 1201 2138 iurgia
1231 2102 1320 2126 eum
1347 2088 1606 2126 obtrectatori-

277 2159 348 2195 bus
370 2165 527 2207 propter
561 2170 622 2194 me
654 2155 856 2193 notissima
879 2154 972 2192 mihi
995 2162 1096 2192 sunt.
1158 2155 1249 2192 Non
1278 2153 1484 2192 mediocris
1504 2152 1611 2191 adiri<

277 2224 408 2262 benda
426 2222 520 2260 mihi
543 2230 600 2261 est
622 2235 713 2259 cura
735 2228 775 2258 ut
797 2219 849 2259 rei
872 2234 906 2270 p.
927 2233 989 2258 me
1010 2219 1134 2258 civem
1153 2219 1315 2269 dignum
1333 2218 1408 2256 tuis
1430 2218 1611 2257 laudibus
1632 2227 1673 2257 30

278 2297 481 2340 praestem,
513 2287 551 2325 in
581 2286 753 2324 amicitia
784 2293 849 2323 tua
880 2298 1094 2323 memorem
1125 2293 1244 2334 atque
1267 2291 1429 2334 gratum.
1490 2284 1610 2332 Quod

278 2354 470 2404 reliquum
494 2360 562 2398 est,
580 2361 690 2390 tuum
714 2363 857 2389 munus
879 2357 986 2388 tuere
1008 2358 1045 2388 et
1067 2362 1140 2395 me,
1161 2347 1190 2387 si
1209 2362 1326 2398 quem
1349 2361 1433 2386 esse
1455 2347 1609 2386 voluisti

277 2432 367 2458 eum
390 2418 494 2458 exitu
516 2417 712 2467 rebusque
733 2413 949 2466 cognoscis,
973 2414 1143 2453 defende
1164 2427 1209 2452 ac
1231 2412 1394 2464 suscipe.
