1791 2796
573 129 684 166 EPP.
718 129 794 165 AD
827 129 1173 167 FAMILIARES
1489 131 1532 168 X.
1554 130 1599 166 xi

265 241 366 279 Cum
410 241 652 278 Rhodanum
692 239 825 290 copias
858 240 988 277 omnis
1028 241 1265 278 traiecissem
1306 242 1586 290 fratremque2

211 319 300 343 cum
342 305 464 344 tribus
504 305 662 343 milibus
701 305 878 355 equitum
918 305 1218 355 praemisissem,
1261 306 1344 356 ipse
1383 306 1453 345 iter
1491 308 1542 344 ad

211 371 408 409 Mutinam
431 371 647 421 dirigerem,
671 370 711 408 in
739 370 875 409 itinere
902 372 952 409 dc
980 371 1129 421 proelio
1151 372 1254 409 facto
1278 374 1478 421 Brutoque
1506 379 1544 410 et

212 437 367 475 Mutina
406 436 614 476 obsidione
649 437 820 475 liberatis
858 436 1001 475 audivi.
1079 437 1351 475 Animadverti
1391 438 1543 475 nullum

169 514 185 545 5
208 502 327 540 alium
374 510 575 552 receptum
621 502 841 540 Antonium
886 501 1163 552 reliquiasque,
1210 516 1311 552 quae
1359 515 1450 541 cum
1495 517 1543 541 co

208 575 348 614 essent,
383 567 527 606 habere
562 567 635 605 nisi
670 567 710 605 in
742 567 801 605 his
833 567 1018 617 partibus,
1051 568 1230 617 duasque
1265 567 1298 605 ei
1334 581 1422 618 spes
1459 581 1544 607 esse

209 633 436 683 propositas,
471 646 590 672 unam
626 632 765 684 Lepidi
801 633 935 683 ipsius,
966 634 1127 671 alteram
1159 633 1360 671 exercitus.
1421 635 1541 682 Quod

208 699 402 747 quaedam
438 712 525 749 pars
557 698 747 737 exercitus
780 711 860 736 non
894 698 1023 736 minus
1054 698 1197 736 furiosa
1229 706 1287 737 est
1323 712 1442 749 quam
1475 699 1542 750 qui

208 776 297 800 cum
330 764 508 802 Antonio
546 765 711 810 fuerunt,
747 763 964 814 equitatum
1005 764 1208 811 revocavi3
1249 764 1332 814 ipse
1365 764 1405 802 in
1437 766 1542 803 Allo-

153 845 187 866 10
209 828 394 878 brogibus
425 829 592 876 constiti,
622 838 663 868 ut
701 829 868 880 proinde
899 830 950 867 ad
982 829 1115 867 omnia
1148 836 1305 879 paratus
1337 842 1463 869 essem
1495 844 1541 868 ac

209 907 267 932 res
289 907 351 933 me
375 903 560 933 moneret.
621 895 660 933 Si
688 896 818 933 nudus
845 896 922 933 hoc
949 908 990 933 se
1020 895 1218 934 Antonius
1244 896 1405 943 confert,
1429 896 1541 934 facile

210 959 261 997 mi
283 960 418 999 videor
440 974 506 1010 per
527 974 589 999 me
611 960 800 999 sustinere
821 974 937 1011 posse
958 974 1120 1011 remque
1137 961 1336 1011 publicam
1353 975 1399 1000 ex
1417 969 1543 1000 vestra

208 1026 402 1064 sententia
439 1025 720 1073 administrare,
758 1026 937 1076 quamvis
974 1027 1025 1064 ab
1064 1026 1234 1065 exercitu
1275 1027 1415 1077 Lepidi
1450 1029 1541 1066 reci-

209 1091 358 1141 piatur;
393 1092 424 1129 si
454 1105 545 1130 vero
572 1092 773 1142 copiarum
803 1091 952 1142 aliquid
983 1105 1117 1130 secum
1147 1093 1320 1131 adducet
1349 1100 1387 1131 et
1417 1092 1448 1131 si
1478 1094 1543 1131 de-

153 1172 187 1203 15
210 1156 311 1194 cima
332 1157 432 1206 legio
453 1165 644 1204 veterana,
664 1170 765 1207 quae
786 1165 918 1195 nostra
934 1170 1052 1208 opera
1072 1165 1252 1196 revocata
1272 1171 1362 1196 cum
1384 1158 1542 1208 reliquis

209 1230 277 1268 est,
300 1224 351 1260 ad
372 1224 543 1261 eundem
572 1224 740 1261 furorem
768 1222 934 1268 redierit,
959 1230 1091 1261 tamen
1122 1236 1172 1261 ne
1196 1223 1292 1273 quid
1317 1223 1541 1262 detrimenti

210 1289 275 1326 fiat
295 1288 452 1326 dabitur
472 1302 591 1338 opera
613 1302 636 1326 a
657 1302 729 1335 me,
754 1288 874 1338 idque
899 1302 962 1326 me
982 1296 1266 1339 praestaturum
1298 1302 1421 1339 spero,
1445 1290 1540 1328 dum

209 1353 323 1391 istinc
361 1353 499 1404 copiae
538 1353 762 1392 traiciantur
796 1353 1111 1405 coniunctaeque
1146 1354 1354 1393 nobiscum
1390 1354 1540 1393 facilius

209 1418 381 1468 perditos
403 1418 637 1469 opprimant.

150 1497 189 1519 20
265 1486 356 1523 Hoc
377 1485 446 1523 tibi
469 1486 658 1535 spondeo,
683 1484 735 1523 mi
764 1484 914 1532 Cicero,
939 1498 1068 1536 neque
1088 1484 1263 1524 animum
1286 1499 1359 1525 nec
1379 1486 1539 1537 diligen·
1559 1496 1582 1533 3

208 1549 300 1587 tiam
323 1550 417 1587 mihi
440 1552 672 1589 defuturam.
733 1550 863 1601 Cupio
885 1565 947 1589 me
975 1552 1151 1590 hercules
1174 1553 1320 1590 nullam
1342 1552 1537 1591 residuam

208 1616 512 1654 sollicitudinem
553 1630 661 1664 esse3
700 1617 769 1655 sed
801 1616 833 1654 si
872 1616 995 1663 fuerit,
1033 1630 1106 1655 nec
1144 1617 1278 1655 animo
1313 1631 1386 1657 nec
1425 1619 1538 1657 bene<

208 1680 401 1719 volentiae
431 1694 504 1719 nec
534 1680 745 1731 patientiae
771 1680 1003 1731 cuiusquam
1031 1695 1102 1732 pro
1128 1681 1240 1720 vobis
1264 1683 1414 1721 cedam.
1477 1685 1541 1721 Do

208 1746 368 1795 quidem
397 1759 469 1795 ego
496 1759 655 1796 operam
683 1754 724 1784 ut
751 1745 869 1785 etiam
896 1746 1092 1796 Lepidum
1119 1748 1170 1785 ad
1198 1746 1313 1785 huius
1341 1747 1393 1785 rei
1421 1748 1541 1786 socie-

150 1823 187 1854 25
208 1819 326 1849 tatem
361 1811 533 1857 incitem,
570 1811 782 1862 omniaque
816 1810 851 1850 ei
884 1811 1076 1862 obsequia
1114 1812 1310 1862 polliceor,
1348 1813 1379 1850 si
1419 1815 1540 1852 modo

207 1889 287 1914 rem
310 1890 344 1925 p.
372 1875 562 1925 respicere
584 1877 696 1914 volet.
755 1878 857 1915 Utor
879 1876 917 1914 in
939 1878 1013 1914 hac
1034 1890 1072 1915 re
1093 1876 1337 1915 adiutoribus
1358 1877 1541 1929 interpre-

207 1941 390 1990 tibusque
422 1941 535 1978 fratre
566 1954 655 1978 meo
682 1948 719 1979 et
746 1942 957 1980 Laterense
984 1949 1022 1980 et
1054 1941 1199 1980 Furnio
1230 1950 1374 1981 nostro.
1446 1945 1538 1982 Non

208 2019 270 2043 me
305 2005 521 2055 impedient
553 2006 724 2055 privatae
758 2007 996 2045 offensiones
1031 2020 1110 2057 quo
1146 2007 1276 2045 minus
1316 2022 1385 2058 pro
1416 2009 1469 2047 rei
1502 2023 1538 2059 p.

207 2072 330 2108 salute
357 2070 472 2108 ctiam
502 2084 591 2108 cum
622 2071 893 2110 inimicissimo
914 2072 1170 2111 consentiam.
1234 2074 1354 2122 Quod
1382 2073 1412 2110 si
1442 2074 1538 2112 nihil

149 2149 188 2179 30
206 2137 419 2186 profecero,
442 2135 566 2174 nihilo
595 2136 724 2174 minus
755 2137 925 2175 maximo
952 2151 1041 2175 cum
1070 2138 1204 2176 animo
1232 2147 1268 2176 et
1297 2138 1443 2177 maiore
1467 2140 1538 2177 for-

206 2209 306 2239 tasse
327 2214 417 2238 cum
441 2215 527 2240 mea
547 2201 667 2251 gloria
685 2201 795 2239 vobis
817 2202 908 2240 satis
926 2202 1075 2240 faciam.
1147 2205 1223 2241 Fac
1246 2205 1373 2241 valeas
1395 2217 1537 2256 meque

206 2273 343 2304 mutuo
363 2265 510 2316 diligas.

252 2378 263 2397 1
292 2369 402 2399 omnis
418 2380 481 2401 om.
499 2369 539 2398 M
641 2380 659 2399 2
685 2369 791 2401 tribus
808 2369 958 2411 milibus]
975 2371 1011 2410 cs.
1025 2381 1054 2409 9.
1069 2381 1089 2409 3
1182 2380 1215 2401 11
1245 2371 1307 2401 hoc
1322 2373 1331 2407 ἦ
1343 2386 1367 2390 —
1386 2370 1457 2411 leuc>
1475 2370 1536 2404 M:

205 2412 269 2443 huc
288 2411 360 2441 HD
493 2412 643 2444 conseret
660 2417 730 2444 vett.
