1791 2796
87 140 157 178 lx.
180 141 255 178 xiii
573 139 628 177 M.
660 140 830 177 TVLLI
862 139 1171 177 FIFERONIS

206 267 325 301 amas,
363 253 591 292 hominibus
622 253 802 300 confice5
846 251 885 291 in
918 265 998 303 quo
1033 252 1130 290 nihil
1165 259 1224 292 est
1257 260 1410 304 praeter
1440 251 1543 292 viam

208 321 379 369 longam,
399 332 517 368 quam
540 317 688 356 idcirco
713 331 793 356 non
822 318 985 368 fugiunt,
1009 326 1051 356 ut
1078 326 1116 356 ct
1136 317 1268 356 vivant
1292 332 1381 357 cum
1404 317 1482 356 suis
1503 326 1542 357 et

209 384 423 422 moriantur
443 384 563 423 domi.
625 384 746 432 Quod
773 391 815 421 ut
839 383 988 422 enitare
1009 384 1308 433 contendasque
1329 384 1388 422 vel
1410 383 1542 434 potius

208 457 248 487 ut
280 448 458 499 perficias
491 450 624 499 (posse
655 448 761 487 enim
791 455 830 486 te
860 447 956 486 mihi
986 448 1190 499 persuasi),
1223 450 1476 487 vehementer
1505 456 1543 487 tc

205 514 322 554 etiam
345 523 463 565 atque
484 514 601 553 etiam
623 527 728 564 rogo.
1562 525 1580 556 5

251 669 360 704 XIV
461 672 530 703 Ser.
552 673 584 703 1‘11
602 672 802 713 Pompriano
817 683 838 703 v
855 671 942 703 Non.
964 671 1046 704 Mai.
1065 683 1096 704 a.
1118 681 1176 712 710
1194 672 1284 715 (44).

413 750 588 782 CICERO
616 750 931 781 DOLABELLAE
957 750 1160 782 CONSVLI
1187 750 1275 782 SVO
1301 750 1335 782 S.

173 835 193 864 Ι
267 830 348 868 Etsi
371 837 580 869 contentus
608 841 723 875 eram,
748 829 802 868 mi
827 829 1046 876 Dolabella,
1070 837 1136 868 tua
1156 829 1277 880 gloria
1303 828 1476 880 satisque
1495 842 1542 869 ex

209 909 254 934 ea
284 909 465 946 magnarii
494 894 679 934 laetitiam
708 895 1034 944 voluptatemque
1060 894 1277 944 capiebam,
1301 901 1434 933 tamen
1460 908 1540 933 non

206 974 367 1011 possum
403 974 483 999 non
515 959 693 998 confiteri
727 958 918 997 cumulari
951 972 1014 998 me
1046 958 1218 998 maximo
1247 958 1402 1009 gaudio,
1432 960 1539 1009 quod
1563 971 1602 994 ιο

150 1061 154 1066 .
205 1027 322 1076 vulgo
349 1025 555 1064 hominum
584 1024 720 1075 opinio
747 1024 898 1062 socium
927 1037 991 1063 me
1018 1023 1216 1062 adscribat
1242 1023 1318 1062 tuis
1344 1024 1538 1063 laudibus.

205 1091 418 1131 Neminem
447 1090 614 1129 conveni
643 1089 856 1140 (convenio
881 1097 1014 1129 autem
1042 1089 1188 1128 cotidie
1208 1088 1421 1140 plurimos3
1451 1097 1541 1128 sunt

204 1157 309 1196 enim
331 1156 513 1208 permulti
535 1155 674 1207 optimi
696 1154 776 1202 viri,
793 1155 862 1205 qui
881 1154 1118 1194 valetudinis
1139 1168 1257 1193 causa
1276 1154 1316 1192 in
1336 1155 1434 1194 haec
1454 1155 1541 1193 loca

204 1222 372 1268 veniant,
397 1230 596 1272 praeterea
622 1234 668 1259 ex
699 1219 923 1270 municipiis
951 1221 1175 1270 frequentes
1202 1219 1410 1258 necessarii
1431 1219 1538 1269 mei),

205 1288 300 1338 quin
321 1301 470 1333 omnes,
494 1300 583 1325 cum
607 1293 644 1324 te
666 1285 830 1324 summis
851 1285 1035 1324 laudibus
1061 1286 1112 1324 ad
1133 1286 1285 1324 caelum
1307 1287 1538 1333 extulerunt,
1563 1298 1599 1329 ¹5

206 1353 300 1391 mihi
340 1352 530 1391 continuo
570 1351 759 1389 maximas
799 1350 940 1401 gratias
979 1359 1124 1401 agant3
1172 1360 1316 1401 negant
1354 1350 1459 1390 enim
1499 1364 1541 1390 se

204 1418 384 1457 dubitare
415 1417 510 1467 quin
546 1425 587 1455 tu
618 1415 715 1455 meis
745 1415 964 1466 praeceptis
995 1424 1032 1455 et
1059 1416 1233 1455 consiliis
1263 1417 1540 1467 obtemperans

205 1482 581 1534 praestantissimum
598 1489 635 1520 te
656 1481 782 1520 civem
804 1490 842 1520 et
858 1481 1093 1532 singularem
1114 1483 1317 1521 consulem
1339 1483 1537 1532 praebeas.

161 1549 362 1599 2Quil)us
400 1562 472 1599 ego
506 1561 747 1598 quamquam
783 1547 982 1586 verissime
1018 1560 1177 1598 possum
1218 1549 1455 1597 respondere
1490 1555 1537 1594 te,

205 1628 305 1665 quae
327 1614 456 1660 facia&
480 1622 547 1652 tuo
570 1613 715 1652 iudicio
740 1621 778 1652 et
800 1621 866 1652 tua
889 1621 1031 1664 sponte
1060 1614 1185 1652 facere
1212 1626 1285 1652 nec
1307 1613 1538 1664 cuiusquam
1561 1625 1600 1647 20

203 1694 316 1730 egere
337 1679 512 1725 consilio,
537 1687 670 1717 tamen
692 1693 820 1729 neque
849 1680 964 1728 plane
995 1678 1204 1725 adsentior,
1229 1692 1279 1717 nc
1307 1678 1538 1717 imminuam

204 1753 310 1783 tuam
342 1746 512 1791 laudem,
542 1744 571 1782 si
603 1744 732 1783 omnis
761 1758 784 1782 a
815 1744 911 1782 meis
942 1743 1115 1782 consiliis
1146 1745 1320 1793 profecta
1350 1743 1536 1790 videatur,

204 1824 332 1861 neque
353 1811 466 1849 valde
487 1824 614 1860 nego;
652 1823 738 1848 sum
767 1809 872 1848 enim
899 1809 1049 1848 avidior
1073 1808 1190 1848 etiam
1219 1822 1337 1859 quam
1365 1809 1456 1847 satis
1480 1816 1538 1848 est

202 1876 346 1926 gloriae
367 1892 373 1916 z
404 1884 441 1914 et
469 1884 600 1915 tamen
626 1889 706 1915 non
733 1875 905 1914 alienum
934 1883 993 1914 est
1014 1875 1204 1925 dignitate
1232 1882 1307 1921 tua,
1332 1876 1439 1924 quod
1465 1874 1537 1925 ipsi

206 1941 506 1991 Agamemnoni,
526 1955 660 1991 regum
682 1941 770 1991 regi,
797 1941 867 1979 fuit
890 1930 1111 1986 honestum,
1137 1941 1280 1979 habere
1304 1939 1474 1990 aliquem
1498 1940 1536 1978 in
1559 1953 1597 1984 25

205 2006 377 2044 consiliis
406 2006 608 2056 capiendis
640 2008 860 2051 Nestorem,
889 2006 983 2044 mihi
1015 2019 1105 2044 vero
1134 2005 1345 2055 gloriosum
1375 2013 1412 2043 te
1436 2005 1538 2045 iuve-

206 2084 295 2109 nem
323 2073 526 2110 consulem
558 2073 694 2110 florere
725 2072 907 2110 laudibus
935 2071 1045 2122 quasi
1075 2072 1279 2109 alumnum
1307 2070 1537 2120 disciplinae

161 2152 184 2188 3
207 2150 326 2175 meae.
389 2138 429 2174 L.
450 2136 611 2186 quidem
634 2138 788 2183 Caesar,
807 2151 897 2175 curn
919 2138 969 2175 ad
991 2150 1080 2175 eum
1103 2143 1304 2186 aegrotum
1327 2137 1535 2189 Neapolim

206 2201 410 2247 venissem,
434 2215 674 2251 quamquam
704 2197 783 2240 erat
812 2214 1020 2252 oppressus
1049 2200 1168 2239 totius
1198 2200 1369 2250 corporis¹
1397 2199 1538 2238 dolori-

247 2305 405 2335 Alterum
423 2304 607 2344 nrmnplum
626 2304 725 2335 Ιιιιιίις
741 2310 785 2344 (γ).
807 2305 974 2335 invenitur
987 2303 1034 2334 ad
1047 2303 1117 2334 All.
1139 2305 1203 2334 xiv,
1229 2313 1264 2342 17
1284 2302 1351 2342 (Al
1499 2313 1536 2343 13

204 2349 259 2387 qui
277 2359 341 2379 om.
361 2349 393 2378 A
487 2349 520 2378 in
546 2348 597 2378 his
623 2348 704 2379 locis
729 2348 761 2377 A
903 2357 938 2386 14
963 2348 1100 2378 veniant
1119 2347 1215 2377 MD:
1247 2346 1451 2378 conveniant
1476 2345 1535 2376 H:

205 2392 413 2423 conveniunt
440 2392 495 2422 A:
533 2392 681 2429 veniant,
713 2391 920 2422 conveniunt
956 2391 1131 2421 Lehmann
1269 2400 1305 2429 ¹5
1329 2391 1409 2429 quin
1441 2389 1535 2419 HD:

204 2436 259 2474 qui
280 2436 350 2465 ,UA
491 2437 528 2467 16
552 2441 654 2473 agunt
672 2436 703 2466 A
