1791 2796
578 177 692 214 EPP.
723 177 801 214 AD
832 175 1181 213 FAMILIARES
1494 174 1582 212 XV.
1599 173 1647 212 iv

215 288 350 328 videor
380 287 472 339 (scis
500 286 605 327 enim
636 300 754 338 quam
782 293 930 325 attente
962 293 998 324 te
1029 284 1165 324 audire
1192 284 1370 335 soleam),
1400 291 1438 323 te
1465 297 1547 323 non

214 361 293 391 tam
316 367 374 392 res
394 360 522 404 gestas
543 366 662 403 quam
688 365 816 391 mores
844 351 1021 389 instituta
1047 358 1166 401 atque
1190 349 1309 388 vitam
1340 349 1546 400 imperato-

213 433 298 457 rum
316 427 492 469 spectare
508 419 633 457 solere
650 417 689 456 in
706 416 901 456 habendis
917 424 983 455 aut
1004 430 1085 455 non
1102 416 1296 455 habendis
1313 415 1540 455 honoribus.

214 485 335 532 Quod
365 483 396 521 si
426 483 466 521 in
494 496 581 522 mea
610 496 728 521 causa
757 481 1037 528 considerabis,
1072 481 1240 532 reperies
1275 495 1338 519 me
1373 479 1543 519 exercitu

173 558 191 592 5
213 548 412 588 imbecillo
451 557 587 588 contra
625 555 774 587 metum
815 547 973 586 maximi
1012 547 1103 586 belli
1138 546 1403 585 firmissimum
1438 560 1544 597 prae-

212 613 355 652 sidium
395 613 580 652 habuisse
618 612 857 663 aequitatem
900 620 938 651 et
976 611 1273 651 continentiam.
1355 611 1431 649 His
1470 624 1543 661 ego

211 678 396 718 subsidiis
421 692 466 717 ea
495 692 582 718 sum
610 686 857 725 consecutus,
884 691 984 728 quae
1012 677 1128 716 nullis
1158 676 1379 727 legionibus
1409 690 1543 715 conse-

211 744 279 794 qni
318 744 544 795 potuissem,
586 751 628 782 ut
666 758 713 781 ex
749 743 997 782 alienissimis
1037 742 1152 781 sociis
1191 742 1463 788 amicissimos,
1496 756 1542 780 ex

211 809 490 848 infidelissimis
530 808 773 848 firmissimos
821 810 1026 848 redderem
1070 807 1304 858 animosque
1352 821 1541 846 novarum

152 892 191 914 10
210 889 336 914 rerum
370 874 663 926 exspectatione
698 887 909 925 suspensos
943 875 994 913 ad
1028 873 1168 912 veteris
1203 872 1340 924 imperi
1374 873 1541 911 benevo-

209 939 366 978 lentiam
392 941 647 991 traducerem.

262 1007 340 1045 Sed
362 1005 477 1044 nimis
498 1007 596 1044 haec
617 1006 741 1044 multa
760 1006 810 1044 de
832 1019 905 1051 me,
929 1004 1155 1056 praesertim
1177 1005 1228 1043 ad
1247 1010 1295 1050 te,
1315 1018 1337 1042 a
1357 1017 1437 1054 quo
1458 1017 1538 1042 uno
1558 1012 1601 1049 15

209 1071 386 1110 omnium
418 1071 615 1110 sociorum
649 1073 831 1122 querelae
863 1071 1086 1110 audiuntur.
1147 1071 1376 1120 Cognosces
1407 1084 1452 1108 ex
1480 1069 1535 1116 iis,

209 1136 276 1186 qui
298 1136 395 1175 meis
416 1135 603 1175 institutis
625 1150 665 1175 se
687 1144 880 1175 recreatos
905 1143 1045 1187 putant
1060 1150 1069 1183 3
1099 1149 1271 1185 cumque
1299 1148 1437 1174 omnes
1458 1149 1539 1173 uno

150 1216 188 1248 15
210 1216 331 1252 prope
362 1216 557 1241 consensu
589 1203 639 1240 de
669 1216 732 1240 me
762 1203 868 1252 apud
899 1208 937 1240 te
964 1216 1010 1240 ea
1036 1215 1137 1251 quae
1168 1200 1264 1239 mihi
1294 1200 1540 1251 optatissima

210 1276 299 1306 sunt
329 1268 624 1319 praedicabunt,
657 1275 739 1305 tum
770 1269 872 1306 duae
903 1266 1071 1306 maxime
1102 1266 1308 1305 clientelae
1338 1274 1438 1312 tuae,
1467 1267 1539 1315 Cy-

208 1347 299 1384 prus
329 1333 455 1372 insula
480 1341 518 1372 et
544 1332 822 1383 Cappadociae
847 1346 1020 1383 regnum,
1051 1340 1182 1371 tecum
1211 1332 1261 1370 de
1289 1345 1352 1370 me
1378 1333 1540 1381 loquen-

207 1406 277 1445 tur,
302 1408 398 1449 puto
426 1399 541 1437 etiam
572 1412 701 1449 regem
735 1398 977 1444 Deiotarum,
1001 1397 1068 1448 qui
1093 1397 1161 1436 uni
1186 1396 1256 1436 tibi
1284 1404 1343 1435 est
1370 1396 1539 1436 maxime

207 1465 457 1503 necessarius.
520 1467 633 1513 Quae
673 1464 703 1502 si
743 1464 860 1503 etiam
900 1464 1047 1502 maiora
1080 1470 1172 1501 sunt
1205 1470 1244 1501 et
1278 1461 1317 1500 in
1353 1462 1538 1501 omnibus

149 1544 187 1565 20
206 1529 370 1568 saeculis
410 1529 615 1580 pauciores
649 1529 719 1567 viri
759 1528 899 1579 reperti
939 1536 1029 1567 sunt
1067 1528 1135 1578 qui
1174 1541 1263 1566 suas
1302 1526 1538 1578 cupiditates

205 1610 324 1646 quam
347 1595 414 1646 qui
435 1595 608 1635 hostium
630 1595 764 1646 copias
786 1595 998 1641 vincerent,
1022 1601 1080 1633 est
1100 1594 1278 1645 profecto
1299 1600 1422 1640 tuum,
1445 1607 1535 1632 cum

204 1662 254 1700 ad
275 1675 334 1700 res
361 1661 522 1700 bellicas
550 1662 648 1700 haec
676 1675 777 1711 quae
803 1660 946 1699 rariora
969 1667 1007 1698 et
1031 1658 1250 1698 difficiliora
1275 1666 1366 1698 sunt
1394 1672 1538 1709 genera

204 1726 354 1765 virtutis
379 1726 614 1773 adiunxeris,
637 1726 741 1777 ipsas
769 1725 887 1765 etiam
910 1725 994 1764 illas
1015 1738 1075 1764 res
1102 1730 1230 1775 gestas
1251 1723 1430 1763 iustiores
1451 1737 1536 1763 esse

204 1800 242 1831 et
263 1792 430 1832 maiores
451 1800 597 1844 putare.

148 1870 183 1900 25
258 1860 487 1897 Extremum
522 1857 619 1896 illud
653 1865 721 1903 est,
756 1865 799 1896 ut
833 1856 944 1909 quasi
979 1856 1162 1896 diffidens
1196 1854 1389 1906 rogationi
1423 1868 1534 1894 meae
1555 1860 1601 1896 16

203 1922 495 1974 philosophiam
516 1924 567 1961 ad
593 1930 630 1961 te
656 1924 848 1973 adlegem,
872 1936 952 1973 qua
978 1936 1051 1961 nec
1076 1921 1173 1960 mihi
1201 1920 1325 1960 carior
1351 1921 1429 1958 ulla
1453 1934 1535 1958 um-

203 2002 322 2038 quam
354 2002 414 2027 res
448 1987 488 2025 in
518 1988 597 2025 vita
625 1987 697 2026 fuit
732 2002 806 2026 nec
838 1987 1045 2026 hominum
1076 1986 1207 2037 generi
1239 1985 1364 2024 maius
1395 2000 1418 2023 a
1449 1985 1534 2024 deis

203 2066 346 2091 munus
381 2054 503 2090 ullum
539 2060 597 2090 est
631 2053 778 2090 datum.
841 2054 955 2091 Haec
987 2051 1112 2102 igitur,
1144 2065 1245 2101 quae
1275 2050 1371 2088 mihi
1402 2058 1531 2089 tecum

203 2118 426 2157 communis
456 2126 526 2164 est,
549 2117 715 2156 societas
743 2117 962 2156 studiorum
984 2125 1102 2167 atque
1130 2116 1270 2155 artium
1299 2124 1529 2163 nostrarum,

143 2199 185 2232 30
204 2184 348 2234 quibus
374 2197 396 2221 a
423 2181 588 2233 pueritia
614 2182 736 2221 dediti
762 2197 807 2221 ac
834 2182 1006 2221 devincti
1027 2182 1099 2221 soli
1120 2196 1242 2232 prope
1270 2182 1433 2220 modum
1460 2195 1532 2220 nos

204 2247 496 2300 philosophiam
529 2258 659 2286 veram
694 2248 799 2286 illam
835 2256 873 2287 et
906 2248 1119 2298 antiquam,
1158 2261 1258 2298 quae
1293 2247 1530 2297 quibusdam

248 2366 265 2385 2
290 2365 400 2385 mores
416 2364 480 2384 om.
498 2351 638 2393 Madvig
654 2352 700 2382 ad
709 2352 780 2383 an.
798 2353 840 2383 iv.
854 2354 895 2390 56
974 2352 1128 2384 instituta
1145 2358 1244 2391 atque
1262 2351 1350 2382 codd.
1371 2363 1376 2382 :
1403 2352 1530 2382 institu-

204 2404 336 2438 tamque
354 2396 551 2428 Lehmann:
578 2396 796 2436 institutaque
815 2401 848 2426 et
869 2395 1057 2436 chsenbwg
1072 2408 1077 2427 ε
1092 2397 1173 2434 sort.
1194 2395 1415 2434 institutaque
1432 2400 1531 2435 atque

201 2444 221 2472 8
246 2454 288 2473 ex
307 2442 360 2472 ArIV
378 2441 486 2481 vulg:
523 2451 588 2471 om.
614 2440 704 2472 coda'.
844 2441 879 2470 18
904 2450 990 2470 unus
1009 2440 1120 2470 Baiter
1252 2449 1292 2477 23
1318 2439 1531 2470 inlustriores

202 2487 298 2518 ,Mam
