1791 2796
126 127 175 165 X.
195 137 288 164 xxx
629 126 685 163 M.
717 125 887 163 TVLLI
919 124 1226 166 CICERONIS

259 252 380 277 cornu
411 237 615 277 circumire
640 239 795 284 vellent,
822 236 993 289 recipere
1019 251 1081 276 me
1106 235 1220 287 coepi
1249 243 1288 276 et
1317 238 1442 276 levem
1472 251 1593 277 arma-

261 312 384 342 turam
418 317 619 354 opponere
657 304 885 342 Maurorum
926 301 1135 353 equitibus,
1169 316 1219 341 ne
1253 316 1408 341 aversos
1440 310 1594 342 nostros

259 369 574 419 adgrederentur.
642 367 803 408 Interim
836 367 953 407 video
988 381 1051 406 me
1090 381 1175 406 esse
1214 367 1314 406 inter
1345 367 1595 407 Antonianos

260 434 561 485 Antoniumque
599 442 689 485 post
728 447 791 472 me
830 447 915 473 esse
953 432 1167 484 aliquanto.
1229 434 1409 484 Repente
1448 447 1594 485 equum

261 499 404 539 immisi
428 501 479 539 ad
507 514 593 539 eam
622 499 818 550 legionem
846 499 1028 546 tironum,
1053 512 1154 549 quae
1174 497 1357 538 veniebat
1378 513 1423 538 ex
1448 498 1592 546 castris,
1617 514 1633 545 5

261 574 373 605 scuto
407 566 562 605 reiecto.
623 564 841 604 Antoniani
874 579 936 604 me
967 564 1148 615 insequi3
1186 563 1307 603 nostri
1337 563 1416 614 pila
1445 563 1596 604 coicere

261 633 369 671 velle.
437 633 497 670 Ita
531 630 665 670 nescio
697 644 778 682 quo
807 632 889 669 fato
920 644 1006 669 sum
1039 638 1223 677 servatus,
1259 630 1367 681 quod
1399 643 1485 668 sum
1517 626 1596 669 cito

216 706 241 740 4
261 712 283 737 a
315 697 456 737 nostris
488 696 679 748 cognitus.
747 698 794 734 In
826 695 911 747 ipsa
936 695 1117 743 Aemilia,
1148 695 1216 734 ubi
1246 696 1388 735 cohors
1419 694 1596 735 Caesaris

262 763 454 815 praetoria
484 771 575 810 erat,
599 762 666 802 diu
697 769 913 814 pugnatum
944 769 1012 802 est.
1073 763 1209 802 Cornu
1239 760 1464 807 sinisterius,
1489 761 1597 812 quod

262 838 341 868 erat
368 829 568 875 infirmius,
597 827 665 867 ubi
692 827 858 867 Martiae
887 827 1051 878 legionis
1081 829 1184 867 duae
1214 828 1396 867 cohortes
1426 834 1534 865 erant
1559 833 1597 865 ct
1619 840 1658 863 10

263 897 404 935 cohors
426 894 629 946 praetoria,
649 895 792 945 pedem
814 895 953 933 referre
974 900 1200 944 coeperunt,
1219 894 1327 944 quod
1348 893 1399 932 ab
1421 891 1596 943 equitatu

263 961 581 1007 circumibantur,
619 974 698 1010 quo
737 961 796 998 vel
837 959 1049 1010 plurimum
1084 960 1186 998 valet
1219 956 1428 997 Antonius
1494 958 1595 997 Cum

264 1042 402 1066 omnes
428 1042 468 1066 se
489 1026 728 1077 recepissent
751 1025 871 1064 nostri
892 1024 1061 1071 ordines,
1086 1024 1256 1076 recipere
1278 1038 1341 1064 me
1362 1023 1598 1063 novissimus

264 1093 376 1145 coepi
407 1095 458 1133 ad
488 1101 622 1131 castra.
684 1091 882 1130 Antonius
913 1099 1114 1142 tamquam
1142 1089 1266 1130 victor
1295 1097 1420 1129 castra
1449 1089 1599 1141 putavit

265 1174 305 1198 se
337 1173 452 1210 posse
480 1172 629 1208 capere.
692 1160 784 1207 Quo
811 1171 900 1195 cum
927 1156 1043 1203 venit,
1068 1155 1281 1207 compluris
1302 1155 1355 1194 ibi
1376 1155 1505 1194 amisit
1526 1169 1599 1196 nec
1622 1169 1657 1201 15

263 1224 340 1275 egit
362 1224 586 1275 quicquam.

318 1290 467 1330 Audita
494 1304 533 1329 re
556 1289 710 1328 Hirtius
740 1303 830 1328 cum
861 1288 1090 1329 cohortibus
1118 1300 1175 1326 xx
1201 1286 1392 1327 veteranis
1420 1285 1598 1327 redeunti

268 1357 444 1396 Antonio
464 1356 503 1395 in
526 1370 596 1394 sua
616 1363 741 1394 castra
761 1355 929 1394 occurrit
950 1355 1162 1406 copiasque
1183 1354 1266 1394 eius
1291 1353 1420 1393 omnis
1441 1353 1595 1399 delevit,

268 1422 411 1473 fugavit
450 1423 673 1472 eodemque
722 1423 820 1467 loco,
863 1421 930 1460 ubi
973 1428 1054 1460 erat
1092 1428 1320 1472 pugnatum,
1361 1420 1412 1458 ad
1453 1421 1597 1458 Forum

269 1490 496 1528 Gallorum:
532 1486 731 1526 Antonius
760 1500 849 1526 cum
882 1486 1080 1537 equitibus
1109 1487 1205 1525 hora
1234 1485 1361 1525 noctis
1391 1492 1527 1536 quarta
1557 1498 1597 1523 se
1620 1496 1660 1518 20

225 1564 250 1603 5
270 1554 308 1593 in
343 1562 467 1593 castra
501 1567 571 1592 sua
604 1554 654 1592 ad
689 1552 885 1591 Mutinam
926 1551 1095 1603 recepit;
1135 1551 1289 1590 Hirtius
1323 1550 1363 1590 in
1397 1564 1442 1590 ea
1475 1557 1599 1589 castra

268 1620 379 1666 redit,
402 1620 509 1659 unde
531 1621 658 1658 Pansa
679 1619 833 1666 exierat,
857 1618 924 1657 ubi
945 1619 1043 1657 duas
1064 1617 1237 1668 legiones
1258 1616 1476 1667 reliquerat,
1499 1629 1599 1666 quae

267 1686 316 1724 ab
334 1685 511 1724 Antonio
532 1692 641 1724 erant
663 1691 922 1737 oppugnatae.
978 1683 1041 1722 Sic
1061 1690 1210 1734 partem
1233 1681 1419 1721 maiorem
1441 1694 1598 1720 suarum

267 1751 468 1803 copiarum
491 1750 690 1790 Antonius
716 1749 846 1789 amisit
866 1757 1135 1788 veteranarum
1152 1762 1163 1795 3
1190 1761 1263 1787 nec
1287 1747 1327 1787 id
1355 1755 1486 1786 tamen
1513 1746 1597 1785 sine

266 1817 398 1870 aliqua
417 1816 564 1857 iactura
584 1816 805 1871 cohortium
827 1806 1108 1867 praetoriarum
1132 1820 1350 1853 nostrarum
1376 1820 1414 1852 et
1434 1811 1597 1863 legionis
1618 1822 1656 1854 25

271 1882 436 1921 Martiae
468 1882 549 1921 fieri
581 1881 719 1932 potuit.
782 1880 950 1931 Aquilae
984 1881 1097 1929 duae,
1129 1879 1239 1929 signa
1274 1890 1326 1917 Lx
1361 1885 1451 1916 sunt
1480 1878 1599 1916 relata

270 1949 445 1996 Antoni3
498 1961 556 1986 res
600 1948 701 1987 bene
743 1955 852 1997 gesta
890 1954 957 1985 est.
1039 1947 1085 1983 A.
1127 1946 1163 1983 d.
1206 1956 1293 1981 xvu
1336 1944 1385 1981 K.
1424 1941 1517 1980 Mai.
1554 1956 1600 1980 ex

269 2012 412 2051 castris.

319 2128 327 2148 1
357 2128 461 2149 cornu
480 2117 552 2148 HD
571 2118 684 2148 Baiter
700 2117 838 2147 ll‘st'illcr:
863 2127 1001 2148 cornum
1017 2115 1065 2155 M,
1085 2116 1293 2155 quacsornm
1310 2119 1355 2144 cs!
1370 2115 1464 2146 bona.
1484 2112 1542 2143 scd
1553 2113 1601 2143 ln'c

271 2161 370 2193 dubia
385 2173 460 2193 rum
478 2163 523 2191 bis
540 2162 572 2192 1'11
591 2163 652 2192 lmc
666 2167 710 2201 cs).
733 2171 836 2191 cornu
855 2161 1043 2191 inveniatur
1118 2171 1156 2199 19
1180 2159 1254 2188 Aut
1270 2158 1462 2198 fugavitque
1479 2157 1598 2187 eodem

273 2206 348 2237 loco
361 2207 414 2245 (ut
429 2205 601 2244 NBaitcr)
613 2209 672 2234 (ml
688 2205 812 2243 fugavit
828 2205 947 2235 eodem
965 2205 1038 2235 loco
1054 2202 1258 2234 scribendum
1272 2212 1336 2232 csse
1347 2204 1445 2242 putul
1458 2199 1600 2230 Mt'c'ller:

274 2250 399 2289 fugavit
416 2249 535 2281 eodem
554 2249 609 2279 dic
627 2250 813 2287 codemque
831 2248 904 2278 loco
921 2247 1110 2287 chscnbcrg
1196 2257 1237 2277 22
1262 2245 1346 2276 redit
1364 2242 1449 2275 codd.
1469 2254 1475 2274 :
1499 2243 1600 2274 rediit

277 2294 358 2333 vulg.
451 2302 490 2331 27
517 2301 587 2323 xvii
608 2291 731 2322 Ruetc:
755 2301 813 2331 xvi
832 2291 947 2321 Mam:
974 2301 1021 2321 xxi
1039 2289 1125 2321 codd.
