1791 2796
127 130 218 167 VII.
244 129 303 166 xii
625 129 679 166 M.
713 128 881 165 TVLLI
913 126 1222 165 CICERONIS

251 248 335 278 turn
357 248 394 279 et
422 253 502 278 non
523 239 836 278 Samarobrivam
868 237 1093 277 misissem?
1151 238 1237 275 Iam
1267 243 1351 275 tum
1381 236 1477 275 mihi
1507 250 1589 276 non

253 306 450 356 placebas,
477 319 568 343 cum
599 305 703 344 idem
734 305 894 343 tuebare
925 305 1033 354 quod
1061 303 1211 350 †Zeius,
1238 301 1436 341 familiaris
1466 315 1587 341 meus.

209 372 331 409 2Sed
371 384 546 421 quonam
586 371 706 408 modo
746 369 805 408 ius
843 369 957 408 civile
995 369 1200 415 defendes,
1231 381 1322 406 cum
1357 367 1492 407 onmia
1525 376 1592 407 tua

253 451 372 476 causa
410 437 539 485 facias,
576 450 655 476 non
695 436 876 475 civium?
934 436 1016 476 Ubi
1058 449 1175 487 porro
1212 434 1278 473 illa
1316 434 1387 473 erit
1425 436 1594 475 formula

254 503 447 542 fiduciae:
482 507 557 541 ‘VT
582 515 709 541 INTER
737 514 868 541 BONos
897 514 1006 540 BENE
1032 513 1160 540 AGIER
1190 502 1438 540 OPORTET’?
1480 500 1592 551 †quis
1612 508 1630 541 5

253 569 359 607 enim
387 576 455 616 est,
479 569 547 620 qui
574 568 665 607 facit
692 568 789 606 nihil
816 568 891 606 nisi
921 581 991 606 sua
1019 570 1167 606 causa?
1224 568 1346 616 Quod
1367 566 1426 605 ius
1447 574 1594 605 statues

257 639 479 673 ‘comwm
513 635 774 680 D1V1DVNDO‚’
807 647 928 683 quom
961 646 1175 672 commune
1210 632 1308 670 nihil
1346 631 1471 683 possit
1509 644 1594 670 esse

254 701 361 749 apud
386 713 464 745 eos,
487 699 555 750 qui
582 699 715 738 omnia
736 700 936 749 voluptate
963 711 1033 736 sua
1058 697 1302 737 metiuntur?
1359 698 1452 746 Quo
1473 697 1595 736 modo

255 771 388 803 autem
423 764 494 803 tibi
528 764 698 815 placebit
736 765 896 802 ‘IOVEM
932 775 1117 801 LAPIDEM
1155 764 1336 809 1VRARE‚'
1365 775 1456 800 cum
1496 761 1595 800 scias

258 831 396 869 Iovem
427 830 566 868 iratum
594 844 679 869 esse
704 828 851 868 nemini
879 831 1028 879 posse?
1086 828 1195 878 Quid
1224 829 1288 866 fiet
1309 841 1426 878 porro
1446 829 1595 878 populo
1617 841 1656 862 10

259 895 477 942 Ulubrano,
497 895 527 933 si
549 902 590 934 tu
612 895 790 934 statueris
811 895 1073 933 πολιτεύεσθαι
1095 907 1176 933 non
1198 894 1411 944 oportere?
1449 893 1539 941 Qua
1556 906 1596 931 re

258 960 288 998 si
320 962 435 1011 plane
461 974 484 999 a
510 959 625 999 nobis
655 961 801 1007 deficis,
826 962 990 999 moleste
1018 962 1109 1007 fero,
1137 959 1196 998 sin
1220 960 1370 997 Pansae
1399 957 1596 997 adsentari

259 1026 563 1072 commodumst,
607 1025 795 1075 ignosco‚·
848 1026 970 1064 modo
1009 1025 1135 1064 scribe
1180 1024 1396 1074 aliquando
1434 1024 1485 1063 ad
1524 1036 1597 1062 nos

259 1091 355 1142 quid
375 1104 466 1142 agas
487 1098 525 1130 et
545 1105 567 1129 a
588 1089 702 1129 nobis
723 1090 820 1142 quid
842 1090 923 1129 fieri
943 1097 1010 1129 aut
1031 1088 1155 1129 curari
1176 1087 1282 1128 velis.

304 1244 421 1280 XIII
559 1246 627 1279 Scr.
650 1246 779 1278 Romae
795 1247 827 1278 iv
843 1245 929 1278 Non.
953 1246 1054 1278 Mari.
1079 1257 1109 1278 α.
1132 1257 1189 1286 701
1209 1245 1287 1288 (Β).
1621 1256 1658 1289 15

600 1325 644 1357 M.
673 1324 849 1357 CICERO
875 1325 909 1357 S.
941 1325 979 1357 D.
1007 1323 1257 1357 TREBATIO.

226 1419 242 1446 1
316 1405 484 1443 Adeone
517 1417 579 1442 me
612 1403 800 1442 iniustum
836 1417 920 1442 esse
955 1403 1183 1442 existimasti
1224 1410 1266 1441 ut
1300 1401 1372 1441 tibi
1405 1401 1598 1447 irascerer,

261 1470 370 1519 quod
401 1482 538 1520 parum
569 1468 665 1506 mihi
695 1475 880 1507 constans
911 1476 948 1507 et
979 1467 1144 1506 nimium
1177 1467 1345 1519 cupidus
1380 1465 1600 1505 decedendi

262 1534 446 1581 viderere,
482 1534 534 1572 ob
566 1546 733 1584 eamque
763 1547 921 1572 causam
959 1547 1021 1572 me
1050 1533 1279 1572 arbitrarere
1309 1532 1454 1570 litteras
1483 1531 1534 1569 ad
1563 1539 1601 1568 te

262 1600 340 1638 iam
372 1599 440 1638 diu
472 1612 552 1638 non
586 1598 768 1637 misisse?
828 1598 928 1649 Mihi
960 1597 1201 1649 perturbatio
1230 1596 1352 1636 animi
1382 1596 1448 1643 tui,
1482 1608 1601 1646 quam
1624 1611 1663 1634 20

262 1665 396 1716 primis
426 1663 562 1704 litteris
592 1663 888 1716 perspiciebam‚
923 1664 1143 1703 molestiam
1174 1662 1330 1710 attulit3
1368 1674 1498 1711 neque
1527 1660 1602 1699 alia

263 1732 341 1769 ulla
379 1730 451 1769 fuit
489 1743 607 1769 causa
639 1729 938 1769 intermissionis
978 1729 1244 1781 epistularum,
1282 1727 1356 1765 nisi
1391 1726 1499 1776 quod
1534 1725 1601 1763 ubi

263 1809 367 1834 esses
407 1796 523 1846 plane
562 1794 799 1833 nesciebam.
861 1794 941 1833 Hic
974 1802 1015 1833 tu
1046 1807 1109 1832 me
1143 1792 1261 1832 etiam
1296 1791 1498 1830 insimulas
1528 1803 1602 1829 nec

262 1859 569 1899 satisfactionem
611 1873 739 1898 meam
786 1859 969 1910 accipis?
1027 1858 1145 1905 Audi,
1187 1859 1307 1896 Testa
1346 1855 1423 1895 mi:
1472 1863 1601 1894 utrum

264 1924 531 1975 superbiorem
566 1933 604 1963 te
640 1924 807 1975 pecunia
838 1924 938 1971 facit,
972 1938 1021 1962 an
1057 1924 1165 1974 quod
1187 1910 1233 1961 ‘te
1268 1922 1478 1973 imperator
1512 1933 1602 1959 con·
1623 1937 1661 1969 25

264 1990 383 2028 sulit?
442 1989 589 2028 Moriar
624 1989 673 2035 ni,
711 2003 811 2040 quae
851 1997 917 2027 tua
955 1989 1076 2039 gloria
1110 1996 1179 2036 cst,
1215 1995 1312 2039 puto
1351 1995 1388 2024 te
1428 1986 1542 2024 malle
1580 1998 1603 2023 a

266 2056 432 2094 Caesare
471 2054 623 2093 consuli
665 2068 782 2104 quam
824 2054 1000 2092 inaurari.
1075 2053 1114 2092 Si
1153 2066 1244 2091 vero
1284 2061 1493 2101 utrumque
1532 2058 1600 2097 est,

222 2120 352 2170 2quis
388 2128 424 2157 te
459 2121 552 2158 seret
587 2127 736 2169 praeter
770 2132 842 2164 me,
875 2119 941 2169 qui
975 2118 1108 2157 onmia
1140 2119 1236 2156 serre
1270 2118 1469 2167 possum?
1525 2115 1603 2153 Sed

266 2192 307 2223 ut
341 2185 391 2223 ad
426 2197 505 2222 rem
537 2184 706 2230 redeam,
739 2191 777 2221 te
807 2183 893 2221 istic
926 2182 1091 2221 invitum
1126 2195 1207 2220 non
1237 2194 1322 2220 esse
1351 2181 1604 2219 vehementer

265 2251 419 2303 gaudeo
449 2256 498 2296 et,
528 2256 570 2287 ut
601 2248 696 2287 illud
726 2256 806 2286 erat
838 2249 1058 2293 molestum,
1094 2247 1148 2285 sic
1178 2247 1254 2284 hoc
1284 2254 1341 2284 est
1372 2245 1599 2284 iucundum.
1623 2261 1664 2293 30

310 2364 329 2384 2
354 2353 447 2384 zelus
464 2351 525 2382 M:
550 2362 630 2382 zeus
650 2351 736 2383 GR:
767 2351 879 2381 Selius
897 2350 1015 2380 Klots:
1043 2350 1142 2380 Seius
1163 2348 1239 2379 Vict.
1376 2349 1397 2377 6
1421 2352 1472 2378 est
1491 2346 1578 2378 codd.
1595 2358 1602 2379 :

269 2403 319 2427 est
337 2396 445 2428 bonus
464 2395 557 2426 Man.
578 2407 584 2426 ε
612 2400 722 2434 potest
739 2394 860 2425 Klotz:
885 2404 949 2424 om.
974 2393 1077 2423 Orelli
1187 2401 1201 2434 ,-
1227 2401 1328 2432 quom
1349 2389 1602 2423 Mendelssohn:

266 2451 365 2480 quam
384 2440 441 2471 M:
469 2450 544 2471 cum
565 2439 627 2470 GR
764 2449 801 2478 19
826 2438 990 2469 arbitrare
1010 2436 1151 2477 Madvig
