1791 2796
583 156 693 193 EPP.
726 156 804 192 AD
836 156 1183 194 FAMILIARES
1498 159 1568 196 XI.
1587 158 1633 195 vi

217 265 402 317 plissima‚
426 280 582 305 summo
602 280 756 318 semper
777 267 908 306 studio
929 275 1202 319 suscepturum
1224 275 1261 307 et
1282 269 1546 316 defensurum.

218 333 340 381 Quod
371 346 612 382 quamquam
642 332 827 383 intellego
858 347 920 372 me
951 347 1040 372 cum
1073 333 1204 372 multis
1229 347 1314 373 esse
1342 336 1547 383 facturum,

217 405 349 437 tamen
378 405 562 450 appetam
591 397 706 438 huius
736 398 790 438 rei
819 398 1092 451 principatum.

259 584 350 620 VII
545 587 615 620 Ser.
638 588 768 621 Romae
782 589 899 621 .1·ι“ι”ι“Κ.
920 589 993 621 Ian.
1015 600 1045 621 a.
1069 600 1125 631 710
1143 592 1233 631 (44).

353 677 396 707 M.
425 677 599 709 CICERO
625 678 658 709 S.
689 679 728 709 D.
759 679 797 709 D.
828 679 986 710 BRVTO
1013 679 1104 710 IMP.
1132 679 1231 711 COS.
1262 679 1410 711 DESIG.

269 768 372 806 Cum
403 767 647 806 adhibuisset
677 767 785 807 domi
816 782 926 807 meae
957 770 1092 818 Lupus
1124 782 1185 807 me
1216 776 1253 807 et
1284 769 1479 808 Libonem
1510 776 1548 807 et
1569 779 1585 806 1

214 832 405 881 Servium,
445 833 726 872 consobrinum
767 842 892 882 tuum,
926 848 1027 885 quae
1068 848 1155 873 mea
1201 834 1314 873 fuerit
1354 834 1548 873 sententia

214 912 405 949 cognosse
426 906 463 936 te
485 913 531 937 ex
554 900 608 937 M.
629 898 718 937 Seio
735 899 910 946 arbitror,
925 899 992 950 qui
1008 908 1143 938 nostro
1159 899 1329 938 sermoni
1350 899 1548 947 interfuit3

214 962 372 1014 reliqua,
396 977 637 1014 quamquam
665 964 796 1002 statim
827 964 959 1003 Seium
989 964 1200 1003 Graeceius
1221 972 1279 1003 est
1299 965 1548 1011 subsecutus,

157 1043 196 1066 10
215 1035 345 1067 tamen
378 1042 423 1067 ex
458 1029 649 1067 Graeceio
680 1029 825 1079 poteris
857 1043 1105 1080 cognoscere.
1166 1031 1296 1080 Caput
1322 1038 1454 1069 autem
1489 1038 1547 1068 est
1567 1041 1591 1069 2

214 1094 301 1140 hoc,
325 1095 434 1144 quod
455 1102 492 1132 te
515 1094 810 1144 diligentissime
838 1095 1037 1145 percipere
1065 1103 1103 1134 et
1134 1095 1359 1134 meminisse
1380 1097 1484 1143 volo,
1505 1103 1547 1134 ut

215 1173 264 1198 ne
298 1159 338 1197 in
374 1159 551 1198 libertate
586 1168 624 1198 et
656 1161 779 1198 salute
811 1174 846 1210 p.
885 1162 932 1198 R.
970 1162 1241 1199 conservanda
1273 1161 1547 1199 auctoritatem

215 1232 372 1263 senatus
401 1232 602 1275 exspectes
632 1226 811 1263 nondum
836 1224 956 1272 liberi,
987 1239 1036 1263 ne
1071 1233 1108 1263 et
1140 1233 1251 1263 tuum
1279 1226 1425 1263 factum
1458 1238 1547 1263 con-

215 1291 379 1328 demnes
419 1288 545 1339 (nullo
585 1289 689 1328 enim
729 1290 889 1340 publico
928 1290 1093 1329 consilio
1133 1304 1213 1328 rem
1253 1304 1287 1340 p.
1323 1289 1545 1336 liberavisti,

158 1368 195 1401 15
216 1369 295 1404 quo
323 1355 439 1394 etiam
468 1364 525 1394 est
553 1370 611 1394 res
641 1355 705 1393 illa
731 1355 853 1394 maior
879 1363 917 1394 et
938 1354 1091 1407 clarior)
1113 1364 1150 1394 et
1170 1357 1465 1394 adulescentem
1486 1356 1547 1393 vel

216 1434 380 1470 puerum
403 1420 534 1471 potius
558 1421 766 1460 Caesarem
789 1420 938 1460 iudices
964 1428 1110 1459 temere
1138 1420 1288 1473 fecisse,
1310 1419 1375 1470 qui
1398 1427 1545 1458 tantam

213 1499 372 1524 causam
422 1485 621 1536 publicam
676 1485 825 1536 privato
875 1485 1040 1524 consilio
1091 1484 1318 1535 susceperit,
1374 1484 1547 1534 denique

214 1551 393 1589 homines
433 1551 608 1598 rusticos,
652 1552 721 1589 sed
761 1550 991 1589 fortissimos
1026 1550 1127 1588 viros
1158 1549 1332 1599 civisque
1361 1549 1544 1599 optimOS,

213 1616 408 1654 dementis
437 1616 554 1655 fuisse
584 1615 744 1663 iudices,
770 1616 939 1665 primum
971 1615 1112 1654 milites
1133 1623 1337 1653 veteranos
1358 1613 1546 1652 commili-

155 1688 324 1719 20tones
358 1689 458 1722 tuos.
492 1681 638 1720 deinde
669 1681 864 1731 legionem
900 1680 1094 1728 Martiam,
1129 1680 1323 1730 legionem
1355 1686 1544 1730 quartam,

212 1760 312 1796 quae
334 1760 448 1785 suum
470 1749 673 1785 consulem
696 1748 850 1785 hostem
875 1745 1146 1785 iudicaverunt
1168 1759 1288 1795 seque
1309 1745 1359 1783 ad
1380 1746 1546 1783 salutem

212 1811 265 1850 rei
312 1825 345 1861 p.
388 1813 681 1851 defendendam
721 1814 982 1850 contulerunt.
1059 1812 1253 1849 Voluntas
1288 1818 1445 1848 senatus
1475 1823 1545 1860 pro

212 1876 442 1915 auctoritate
474 1877 608 1915 haberi
643 1877 776 1918 debet.
808 1891 898 1915 cum
933 1875 1143 1915 auctoritas
1179 1874 1391 1925 impeditur
1424 1882 1542 1912 metu.

214 1944 418 1980 Postremo
432 1950 613 1992 suscepta
627 1942 695 1980 tibi
719 1956 836 1980 causa
857 1942 934 1980 iam
957 1941 1016 1980 bis
1033 1949 1103 1989 est,
1118 1948 1161 1979 ut
1178 1954 1257 1979 non
1275 1940 1321 1978 sit
1338 1940 1542 1990 integrum,
1563 1950 1589 1987 3
1634 1973 1637 1975 .

154 2018 192 2051 25
213 2007 382 2058 primum
414 2006 553 2046 Idibus
585 2007 747 2055 Martiis,
781 2007 926 2046 deinde
961 2007 1136 2057 proxime
1173 2005 1342 2045 exercitu
1372 2019 1476 2044 novo
1506 2013 1544 2044 et

213 2072 336 2123 copiis
371 2072 615 2122 comparatis.
668 2074 799 2121 Quam
834 2073 886 2111 ob
920 2086 1002 2111 rem
1035 2073 1087 2111 ad
1121 2071 1254 2110 onmia
1289 2070 1341 2109 ita
1374 2078 1540 2121 paratus,

211 2137 263 2176 ita
295 2137 489 2176 animatus
521 2138 642 2176 debes
677 2152 772 2185 esse,
809 2152 890 2176 non
924 2146 966 2176 ut
1000 2138 1097 2176 nihil
1136 2137 1253 2176 facias
1293 2136 1367 2175 nisi
1400 2137 1538 2185 iussus,

211 2205 281 2242 sed
307 2212 349 2241 ut
378 2218 424 2242 ea
451 2217 682 2255 geraquuae
705 2204 755 2242 ab
781 2204 966 2243 omnibus
988 2218 1143 2243 summa
1168 2217 1258 2243 cum
1279 2202 1540 2242 admiratione

210 2269 429 2308 laudentur.

287 2383 321 2403 11
344 2372 435 2414 volo]
456 2371 645 2413 chscnbcrg
659 2385 665 2403 :
683 2373 791 2404 volam
804 2373 891 2404 codd.
909 2373 1158 2406 Mendclssolm:
1175 2371 1278 2404 velim
1291 2372 1325 2403 N
1336 2372 1456 2403 [Wz'c'ller
