1791 2796
89 129 182 167 VII.
207 130 299 167 xxii
613 132 666 169 M.
700 132 868 170 TVLLI
900 132 1207 173 CICERONIS

283 264 419 300 XXII
548 268 618 301 Scr.
641 269 674 301 in
698 269 881 301 Tusculano
899 281 942 301 m.
965 270 1052 311 Iun„
1075 273 1112 301 ul
1128 268 1261 312 videtur,

793 337 821 356 a.
847 336 903 365 710
923 326 1011 367 (44).

655 402 831 433 CICERO
857 402 1097 434 TREBATIO
1125 403 1157 434 S.

298 480 494 519 Inluseras
517 479 597 518 heri
620 480 719 519 inter
740 482 920 531 scyphos,
944 482 1052 531 quod
1074 480 1248 521 dixeram
1269 479 1573 520 controversiam

243 561 339 595 esse,
369 555 554 598 possetne
579 549 702 595 heres,
725 550 833 599 quod
864 550 1009 588 furtum
1036 557 1152 589 antea
1177 550 1322 588 factum
1351 556 1463 596 esset,
1485 546 1575 586 furti
1596 560 1613 592 5

244 621 347 652 recte
374 627 497 664 agere.
560 615 700 664 Itaque
729 612 799 652 etsi
828 615 993 653 domum
1018 614 1122 654 bene
1146 622 1263 666 potus
1290 628 1457 665 seroque
1480 612 1577 652 redi—

244 692 360 725 eram,
391 685 523 717 tamen
549 677 588 717 id
616 686 744 728 caput,
775 677 841 717 ubi
871 680 969 718 haec
998 678 1264 719 controversia
1290 687 1359 727 est,
1385 678 1516 718 notavi
1539 686 1577 717 et

245 743 485 794 descriptum
503 743 571 782 tibi
594 743 690 791 misi,
715 752 757 783 ut
778 744 895 784 scires
916 744 966 792 id,
990 746 1099 796 quod
1120 753 1161 784 tu
1183 745 1382 785 neminem
1410 745 1577 784 sensisse

245 808 417 856 dicebas,
449 811 534 848 Sex.
561 809 730 856 Aelium,
766 811 832 849 Μ’.
858 809 1078 858 Manilium,
1114 813 1169 850 M.
1201 813 1365 850 Brutum
1396 809 1574 850 sensisse.

247 876 332 924 Ego
353 882 484 914 tamen
507 876 717 915 Scaevolae
739 883 776 915 et
797 878 941 916 Testae
960 876 1167 916 adsentior.
1601 886 1638 909 10

289 1015 451 1051 XXIII
521 1019 590 1051 δαν.
612 1019 741 1052 Romae
756 1031 801 1051 cx.
824 1032 852 1052 a.
875 1022 937 1062 692
957 1020 1026 1062 (62)
1045 1024 1106 1053 aut
1116 1020 1219 1063 paulo
1231 1024 1315 1063 post,

822 1081 857 1107 nt
874 1076 1004 1109 videtur.

542 1153 716 1185 CICERO
744 1154 776 1185 S.
804 1154 843 1185 D.
873 1154 915 1185 M.
947 1154 1090 1187 FADIO
1115 1154 1281 1187 GALLO.

215 1249 231 1276 1
304 1234 477 1271 Tantum
500 1234 607 1283 quod
629 1247 675 1271 ex
696 1232 874 1283 Arpinati
896 1247 1078 1273 veneram
1100 1247 1191 1272 cum
1213 1231 1308 1271 mihi
1329 1246 1352 1271 a
1372 1239 1410 1271 te
1430 1230 1580 1270 litterae

249 1298 425 1338 redditae
446 1305 546 1346 sunt,
565 1298 617 1337 ab
636 1300 858 1350 eodemque
879 1298 1013 1350 accepi
1034 1298 1175 1338 Aviani
1197 1298 1351 1346 litteras,
1375 1296 1414 1336 in
1437 1296 1579 1348 quibus
1604 1308 1639 1340 15

249 1365 325 1402 hoc
342 1363 464 1403 inerat
485 1363 810 1412 liberalissimum,
826 1364 989 1403 nomina
1009 1378 1050 1404 se
1071 1366 1274 1411 facturum,
1291 1377 1381 1403 cum
1398 1354 1578 1408 venisset,

249 1444 327 1479 qua
357 1443 431 1480 ego
460 1430 601 1469 vellem
629 1429 704 1469 die.
765 1432 857 1478 Fac,
884 1444 1042 1480 quaeso,
1075 1429 1142 1481 qui
1174 1443 1247 1481 ego
1282 1442 1368 1468 sum
1399 1442 1484 1467 esse
1520 1435 1582 1473 te;

249 1503 359 1534 estne
397 1504 464 1534 aut
497 1495 552 1533 tui
587 1494 747 1545 pudoris
782 1503 848 1534 aut
887 1495 1008 1535 nostri
1047 1494 1216 1546 primum
1252 1508 1385 1545 rogare
1419 1495 1470 1532 de
1504 1492 1579 1539 die,

250 1561 396 1600 deinde
417 1562 504 1611 plus
524 1574 655 1599 annua
676 1562 902 1610 postulare?
958 1561 1036 1600 Sed
1062 1568 1202 1607 essent,
1226 1559 1278 1597 mi
1301 1560 1424 1605 Galle,
1448 1558 1582 1597 omnia

252 1625 388 1673 facilia,
412 1625 441 1664 si
464 1634 501 1664 et
523 1640 567 1664 ea
590 1634 782 1664 mercatus
810 1639 914 1665 esses
936 1639 1037 1676 quae
1065 1639 1138 1677 ego
1166 1624 1438 1664 desiderabam
1468 1631 1506 1662 et
1530 1624 1579 1661 ad
1604 1636 1643 1658 20

251 1705 337 1730 eam
368 1704 562 1729 summam
597 1705 714 1741 quam
747 1692 956 1748 volueram.
1017 1693 1076 1730 Ac
1101 1699 1232 1730 tamen
1262 1689 1335 1728 ista
1364 1689 1456 1740 ipsa,
1480 1702 1582 1738 quae

253 1766 289 1796 te
329 1756 469 1796 emisse
508 1756 655 1803 scribis,
691 1770 770 1795 non
806 1759 932 1796 solum
969 1764 1050 1796 rata
1084 1756 1178 1795 mihi
1214 1763 1327 1795 erunt
1362 1756 1430 1794 sed
1466 1754 1582 1793 etiam

252 1830 383 1873 grata:
413 1824 528 1873 plane
549 1822 653 1862 enim
681 1822 864 1873 intellego
890 1831 926 1862 te
956 1837 1034 1862 non
1058 1824 1184 1861 »modo
1209 1822 1340 1861 studio
1368 1822 1438 1860 sed
1465 1820 1582 1859 etiam

252 1903 385 1927 amore
407 1902 531 1936 usum,
556 1902 657 1939 quae
687 1897 724 1928 te
754 1889 996 1936 delectarint,
1020 1888 1233 1935 hominem,
1257 1896 1299 1927 ut
1326 1901 1399 1938 ego
1430 1899 1584 1936 semper

255 1955 434 2002 iudicavi,
467 1955 504 1992 in
536 1955 642 1993 omni
675 1954 821 1995 iudicio
851 1954 1195 2007 elegantissimum,
1229 1968 1329 2005 quae
1369 1967 1431 1992 me
1465 1951 1585 2002 digna
1607 1962 1643 1994 25

212 2031 236 2057 2
255 2020 414 2071 putaris,
435 2020 636 2059 coemisse.
697 2023 774 2060 Sed
805 2021 919 2060 velim
953 2029 1108 2061 maneat
1140 2019 1404 2071 Damasippus
1434 2018 1472 2056 in
1502 2030 1585 2056 scn-

256 2086 403 2133 tentia;
432 2100 588 2137 prorsus
610 2087 713 2126 enim
743 2102 789 2126 ex
817 2087 898 2125 istis
926 2086 1193 2137 emptionibus
1216 2087 1362 2123 nullam
1391 2083 1582 2123 desidero.

255 2154 316 2190 'l'u
344 2159 473 2190 autem
507 2152 661 2203 ignarus
690 2152 852 2191 instituti
892 2151 978 2200 mei,
1003 2150 1138 2202 quanti
1169 2164 1242 2201 ego
1268 2163 1391 2200 genus
1422 2147 1585 2188 omnino

255 2217 453 2269 signorum
495 2218 672 2257 omnium
714 2233 793 2256 non
833 2217 1007 2264 aestimo,
1050 2215 1144 2255 tanti
1186 2215 1258 2254 ista
1297 2222 1480 2266 quattuol·
1519 2220 1585 2251 aut

256 2284 432 2336 quinque
453 2284 662 2335 sumpsisti.
724 2285 900 2323 Bacchas
922 2282 1012 2322 istas
1039 2297 1127 2321 cum
1157 2280 1282 2320 Musis
1311 2279 1461 2319 Metelli
1483 2293 1587 2318 com-
1609 2289 1648 2320 30

258 2363 378 2401 paras.
440 2350 549 2400 Quid
571 2349 729 2389 simile?
786 2347 959 2387 Primum
983 2347 1085 2398 ipsas
1107 2360 1179 2397 ego
1208 2348 1344 2384 Musas
1370 2358 1585 2395 numquam

701 2458 722 2488 9
748 2447 800 2478 Μ’.
822 2447 967 2478 limasti:
995 2445 1039 2477 M.
1057 2439 1144 2477 codd.
