1791 2796
47 156 164 193 XIII.
184 155 229 192 iii
550 154 605 191 M.
638 153 806 205 TVLLI
839 151 1145 191 CICERONIS

181 273 224 304 ut
254 265 349 304 mihi
379 278 511 305 coram
542 264 733 315 recepisti.
793 265 893 302 Tam
924 271 1075 314 gratum
1104 262 1199 301 mihi
1227 262 1267 301 id
1297 261 1367 301 erit
1396 275 1514 312 quam

183 332 292 382 quod
312 330 574 381 gratissimum
591 345 599 377 3
630 329 758 380 ipsum
775 337 975 380 praeterea
991 341 1147 367 summo
1163 327 1293 367 officio
1309 335 1347 366 et
1362 340 1518 366 summa

184 396 432 436 observantia
453 395 524 435 tibi
545 395 585 434 in
606 403 839 446 perpetuum
862 393 1091 434 devinxeris.

229 551 295 587 IV
408 552 477 585 Scr.
500 553 630 584 Romae
647 562 712 583 uon
730 555 805 583 am‘c
823 551 906 582 med.
930 562 972 583 m.
996 551 1065 582 Ocl.
1087 561 1117 582 a.
1142 560 1200 592 709
1221 549 1298 591 (453.

235 634 280 665 M.
309 632 484 664 CICERO
521 632 556 663 S.
588 631 628 662 D.
659 631 699 669 Q.
727 628 938 661 VALERIO
973 628 1014 668 Q.
1043 628 1078 660 F.
1109 627 1268 659 ORCAE
1303 626 1488 658 LEGATO
1539 629 1556 661 5

768 690 939 721 PROPR.

151 783 167 810 1
245 775 347 813 Cum
381 770 648 821 municipibus
670 767 937 808 Volaterranis
966 767 1061 805 mihi
1090 780 1243 806 summa
1270 764 1522 805 necessitudo

189 848 246 878 est
264 855 271 885 ;
302 852 445 888 magno
467 837 572 876 enim
596 849 685 875 meo
707 834 903 874 beneficio
929 833 1075 873 adfecti
1097 831 1405 872 cumulatissime
1427 830 1523 869 mibi

188 905 350 956 gratiam
385 905 641 943 rettulerunt:
686 915 777 940 nam
812 915 884 940 nec
918 899 957 938 in
990 898 1206 938 honoribus
1243 898 1340 937 meis
1375 910 1448 936 nec
1483 897 1524 935 in

189 970 388 1009 laboribus
423 982 612 1019 umquam
648 969 866 1006 defuerunt.
929 967 1031 1005 Cum
1067 965 1210 1015 quibus
1238 964 1268 1001 si
1297 963 1391 1001 mihi
1417 963 1525 1001 nulla
1547 975 1585 997 10

150 1065 154 1071 .
189 1050 307 1076 causa
345 1035 614 1081 intercederet,
644 1041 787 1080 tamen,
819 1033 927 1083 quod
961 1039 999 1069 te
1029 1029 1374 1069 vehementissime
1404 1027 1525 1078 diligo

189 1103 378 1153 quodque
419 1115 480 1139 me
511 1114 533 1138 a
568 1108 605 1138 te
637 1098 790 1149 plurimi
833 1097 914 1136 fieri
946 1096 1084 1144 sentio,
1115 1103 1152 1134 et
1185 1108 1386 1134 monerem
1419 1101 1456 1132 te
1488 1101 1526 1132 et

190 1170 364 1206 hortarer
406 1175 448 1204 ut
487 1179 622 1205 eorum
668 1163 833 1204 fortunis
882 1164 1118 1209 consuleres,
1161 1160 1386 1213 praesertim
1436 1173 1525 1198 cum

190 1247 311 1284 prope
351 1231 600 1288 praecipuam
641 1243 801 1269 causam
841 1229 1031 1267 haberent
1066 1229 1116 1267 ad
1152 1227 1210 1266 ius
1250 1226 1524 1273 obtinendum,

190 1298 359 1349 primum
381 1298 489 1348 quod
511 1295 658 1335 Sullani
687 1294 874 1345 temporis
903 1293 1157 1333 acerbitatem
1185 1294 1349 1332 deorum
1372 1291 1527 1330 immor·
1550 1304 1586 1336 15

192 1364 326 1402 talium
366 1362 607 1413 benignitate
656 1361 982 1412 subterfugerunt,
1027 1359 1172 1399 deinde
1215 1360 1323 1410 quod
1372 1354 1528 1397 summo

151 1441 174 1467 2
193 1429 324 1468 studio
356 1443 390 1479 p.
426 1430 471 1466 R.
504 1442 527 1466 a
561 1442 624 1466 me
651 1427 690 1465 in
721 1428 928 1465 consulatu
961 1440 1050 1465 meo
1081 1425 1231 1465 defensi
1263 1433 1363 1464 sunt.
1425 1426 1528 1464 Cum

193 1494 337 1534 tribuni
372 1494 477 1545 plebi
510 1495 635 1544 legem
669 1492 954 1543 iniquissimam
988 1493 1037 1531 de
1070 1506 1204 1531 eorum
1233 1491 1331 1543 agris
1362 1492 1531 1542 promul-

192 1560 398 1611 gavissent,
423 1559 534 1598 facile
564 1558 715 1598 senatui
745 1560 973 1609 populoque
998 1561 1043 1597 R.
1070 1559 1242 1609 persuasi
1267 1566 1309 1597 ut
1331 1572 1397 1597 eos
1423 1557 1528 1604 civis,

194 1626 336 1677 quibus
376 1627 530 1664 fortuna
578 1624 826 1676 pepercisset,
873 1627 1000 1664 salvos
1050 1640 1134 1664 esse
1184 1627 1337 1664 vellent.
1412 1626 1530 1662 Hanc
1553 1634 1591 1656 20

193 1693 389 1731 actionem
413 1705 541 1730 meam
564 1693 607 1730 C.
633 1692 777 1730 Caesar
799 1691 924 1741 primo
951 1705 1022 1730 suo
1051 1693 1256 1730 consulatu
1279 1693 1363 1741 lege
1384 1688 1531 1740 agraria

196 1757 467 1807 comprobavit
506 1771 721 1807 agrumque
764 1759 1065 1797 Volaterranum
1107 1767 1144 1797 et
1185 1757 1376 1808 oppidum
1423 1754 1531 1794 omni

196 1823 369 1874 periculo
400 1822 438 1860 in
469 1830 702 1873 perpetuum
734 1823 921 1871 liberavit,
956 1833 997 1863 ut
1030 1824 1125 1863 mihi
1159 1823 1323 1863 dubium
1365 1836 1444 1860 non
1485 1821 1533 1859 sit

197 1889 290 1939 quin
332 1889 373 1935 is,
415 1888 481 1938 qui
525 1903 645 1927 novas
686 1891 997 1931 necessitudines
1047 1891 1243 1942 adiungat,
1286 1898 1416 1929 vetera
1464 1900 1534 1925 sua

198 1955 388 1994 beneficia
406 1956 624 1994 conservari
642 1957 742 1995 velit.
793 1960 923 2007 Quam
941 1959 993 1997 ob
1010 1972 1090 1997 rem
1114 1966 1171 1996 est
1193 1965 1281 1996 tuae
1303 1953 1533 2006 prudentiae
1556 1962 1591 1993 25

198 2029 263 2059 aut
294 2020 404 2070 sequi
436 2020 517 2059 cius
547 2024 830 2071 auctoritatem,
862 2024 972 2063 cuius
1004 2031 1150 2062 sectam
1182 2030 1300 2073 atque
1328 2018 1532 2071 imperium

201 2100 354 2125 summa
376 2101 464 2125 cum
488 2095 553 2126 tua
574 2090 762 2140 dignitate
789 2099 945 2130 secutus
971 2104 1022 2137 es,
1046 2097 1112 2128 aut
1140 2096 1243 2127 certe
1268 2087 1318 2126 illi
1346 2086 1534 2134 integram

202 2167 360 2191 omnem
392 2168 550 2193 causam
583 2171 800 2198 reservare:
843 2156 939 2194 illud
971 2169 1061 2194 vero
1092 2154 1271 2193 dubitare
1304 2165 1382 2190 non
1414 2149 1535 2189 debes

203 2218 296 2269 quin
320 2228 397 2258 tam
419 2236 543 2272 grave,
570 2230 647 2261 tarn
673 2224 838 2269 firmum,
856 2230 934 2260 tam
958 2222 1167 2259 honestum
1191 2216 1448 2267 municipium
1466 2212 1535 2252 tibi

204 2294 272 2325 tuo
293 2301 449 2327 summo
470 2287 665 2326 beneficio
688 2287 724 2325 in
749 2294 980 2337 perpetuum
1003 2285 1163 2336 obligari
1186 2283 1290 2323 velis.
1557 2287 1598 2319 30

249 2404 269 2429 Q
288 2394 449 2434 poslrrt'us
476 2402 538 2423 nec
564 2393 595 2422 in
618 2391 717 2422 Virta
750 2402 816 2421 om.
849 2390 887 2419 ils
924 2389 1026 2429 spatio
1053 2392 1208 2429 quattuor
1228 2387 1285 2418 lr'tt.
1308 2384 1444 2425 rcliclo‘s:
1474 2393 1537 2415 nec

207 2438 290 2467 meis
307 2436 378 2467 IID
516 2447 552 2476 17
571 2435 670 2477 Cum]
691 2445 765 2466 cum
785 2435 874 2465 enim
896 2433 973 2464 Vict.
993 2445 998 2463 :
1024 2433 1080 2472 qui
1100 2443 1174 2463 cum
1199 2430 1388 2473 ll'escnberg
