1791 2796
128 158 239 196 XIV.
259 159 351 196 xxii
646 161 758 199 EPP.
791 162 869 212 AD
900 162 1248 200 FAMILIARES

317 293 453 329 XXII
611 297 681 329 Scr.
703 298 867 329 Brundisi
879 299 923 330 K.
943 298 1031 340 Sept.
1053 310 1082 331 a.
1105 310 1163 340 707
1182 300 1265 341 (717).

497 364 500 368 .
550 375 746 408 TVLLIVS
772 376 808 408 S.
835 377 876 408 D.
905 376 1175 408 TERENTIAE
1201 377 1332 409 SVAE.

329 454 365 491 S.
395 467 427 491 v.
456 454 491 492 b.
521 468 551 493 e.
582 468 614 492 v.
679 456 763 494 Nos
795 454 941 495 cotidie
971 455 1194 495 tabellarios
1226 464 1380 496 nostros
1412 464 1608 508 exspecta-

275 532 372 557 mus.
434 519 514 568 Qui
541 519 572 558 si
594 520 780 568 venerint,
806 522 969 560 fortasse
998 521 1142 560 erimus
1170 521 1353 561 certiores
1373 522 1471 573 quid
1491 523 1606 562 nobis

274 584 498 624 faciendum
538 585 600 633 sit,
632 585 901 637 faciemusque
934 595 971 627 te
1006 586 1137 626 statim
1172 588 1387 627 certiorem.
1449 590 1643 632 Valetu-5

273 650 407 690 dinem
429 659 537 690 tuam
558 666 650 691 cura
671 652 887 704 diligenter.
944 655 1053 693 Vale.
1117 656 1165 692 K.
1190 654 1390 705 Septemb.

313 804 473 840 XXIII
561 808 629 840 δον.
652 808 815 840 Brundisi
824 809 910 851 prid.
932 809 982 840 Id.
998 808 1087 843 Sext.
1105 821 1135 841 a.
1159 820 1218 851 707
1237 810 1320 852 (47⁵).

552 885 747 917 TVLLIVS
772 885 1043 917 TERENTIAE
1068 886 1187 918 SVAE
1212 886 1248 918 S.
1275 887 1317 918 D.

321 965 357 1002 S.
390 978 422 1002 ν.
456 964 492 1002 b.
525 978 556 1003 e.
588 978 621 1002 v.
696 964 894 1003 Redditae
934 964 1031 1002 mihi
1062 966 1223 1004 tandem
1258 973 1349 1004 sunt
1379 979 1402 1004 a
1434 966 1602 1006 Caesare

266 1029 415 1069 litterae
449 1030 541 1069 satis
576 1030 766 1077 liberales,
807 1039 845 1069 et
880 1030 964 1080 ipse
998 1030 1186 1082 opinione
1220 1031 1384 1070 celerius
1414 1040 1601 1071 venturus
1624 1045 1662 1068 10

265 1109 351 1134 esse
389 1095 540 1134 dicitur.
602 1095 677 1136 Cui
717 1104 847 1134 utrum
887 1096 1044 1134 obviam
1083 1098 1296 1147 procedam
1330 1111 1380 1135 an
1413 1097 1477 1135 hic
1510 1111 1601 1136 eum

265 1170 488 1212 exspectem
528 1175 619 1200 cum
653 1162 904 1209 constituero,
938 1161 1078 1200 faciam
1113 1170 1151 1200 te
1185 1161 1400 1201 certiorem.
1461 1163 1601 1202 Tabel—

265 1227 379 1266 larios
419 1227 514 1265 mihi
553 1227 670 1267 velim
712 1242 831 1279 quam
870 1227 1041 1279 primum
1075 1228 1258 1267 remittas.
1319 1228 1599 1268 Valetudinem

265 1300 371 1332 tuam
393 1307 485 1333 cura
505 1293 720 1345 diligenter.
782 1296 891 1335 Vale.
954 1297 1001 1334 D.
1025 1308 1079 1346 pr.
1106 1296 1164 1334 Id.
1189 1296 1290 1334 Sext.

304 1449 458 1484 XXIV
574 1452 644 1484 Ser.
666 1453 831 1485 Brundisi
844 1454 881 1485 1‘1'1'
892 1454 942 1486 ld.
960 1454 1047 1486 Sext.
1069 1466 1100 1488 a.
1122 1465 1181 1495 707
1199 1455 1280 1496 (47).
1619 1457 1657 1489 15

542 1530 737 1563 TVLLIVS
763 1533 1035 1565 TERENTIAE
1061 1533 1180 1565 SVAE
1207 1533 1242 1565 S.
1273 1533 1315 1565 D.

315 1609 351 1647 S.
375 1622 407 1646 v.
431 1609 467 1647 b.
492 1623 522 1647 e.
547 1623 579 1647 v.
643 1613 728 1651 Nos
757 1626 886 1663 neque
911 1614 961 1651 de
987 1611 1165 1652 Caesaris
1191 1612 1364 1651 adventu
1389 1622 1518 1661 neque
1545 1610 1596 1648 de

260 1673 406 1721 litteris,
445 1688 541 1725 quas
582 1677 817 1717 Philotimus
850 1678 995 1717 habere
1027 1677 1179 1725 dicitur,
1217 1677 1428 1728 quicquam
1462 1676 1594 1714 adhuc

260 1740 353 1779 certi
371 1741 573 1781 habemus.
623 1743 662 1782 Si
680 1744 775 1794 quid
796 1744 867 1783 erit
888 1743 992 1791 certi,
1009 1743 1149 1782 faciam
1172 1752 1209 1782 te
1230 1742 1359 1782 statim
1374 1741 1592 1781 certiorem.

259 1807 541 1847 Valetudinem
565 1817 672 1848 tuam
693 1810 753 1848 fac
775 1817 817 1848 ut
839 1823 959 1848 cures.
1020 1811 1128 1848 Vale.
1183 1821 1227 1847 111
1253 1810 1349 1847 Idus
1371 1807 1534 1847 Sextilis.
1613 1822 1653 1844 20

303 1922 322 1951 3
348 1923 415 1987 mods
427 1913 569 1944 cotidiae
581 1913 622 1943 M
638 1913 759 1955 <indm-2
776 1926 782 1946 :
809 1914 964 1946 nostodie
974 1912 1035 1946 M:
1059 1924 1123 1945 nos
1140 1918 1210 1946 tota
1224 1913 1278 1945 die
1289 1912 1414 1951 HD&
1428 1913 1508 1953 sort.
1528 1923 1590 1945 nos

260 1961 365 1987 totam
409 1967 472 1987 iem
