1791 2796
581 151 693 188 EPP.
727 151 804 187 AD
837 150 1184 188 FAMILIARES
1500 149 1577 188 ΙΙΙ.
1596 148 1659 186 vii

220 261 376 300 dissem.
449 260 603 300 Scilicet
634 259 853 311 contempsi
884 267 931 308 te,
965 274 1038 299 nec
1072 267 1202 310 potest
1237 259 1317 298 fieri
1350 274 1413 299 me
1447 259 1553 310 quic-

219 340 338 377 quam
377 326 606 377 superbius!
664 328 767 366 Cum
806 339 902 376 puer
941 333 1030 364 tuus
1069 327 1120 364 ad
1159 339 1222 364 me
1261 327 1435 364 secunda
1474 326 1552 364 fere

219 392 348 443 vigilia
367 392 537 431 venisset
563 392 675 443 isque
702 400 739 431 te
760 399 850 430 ante
871 393 999 430 lucem
1022 391 1206 430 Iconium
1228 390 1323 430 mihi
1344 399 1551 429 venturum

219 457 447 505 nuntiasset,
476 457 761 507 incertumque,
790 465 875 495 utra
903 456 974 504 via,
1008 470 1098 494 curn
1129 463 1260 495 essent
1289 457 1402 503 duae,
1433 457 1553 493 altera

181 534 197 564 5
219 525 447 571 Varronem,
480 532 592 562 tuum
620 522 978 569 familiarissimum,
1010 524 1130 561 altera
1160 523 1208 571 Q.
1237 523 1416 572 Leptam,
1447 535 1553 571 prae-

219 591 364 630 fectum
392 591 545 629 fabrum
574 603 719 636 meum,
742 588 811 627 tibi
839 587 997 627 obviam
1029 587 1126 626 misi.
1187 586 1377 626 Mandavi
1398 585 1552 636 utrique

219 670 365 704 eorum,
389 664 432 695 ut
451 660 567 697 †ante
595 656 646 695 ad
674 669 737 694 me
758 661 1016 701 excurrerent,
1040 662 1082 692 ut
1109 652 1180 692 tibi
1210 653 1367 692 obviam
1395 652 1551 703 prodire

218 735 387 772 possem.
448 723 618 761 Currens
651 722 777 771 Lepta
808 719 915 758 venit
954 719 1130 769 mihique
1164 718 1358 756 nuntiavit
1397 726 1434 756 te
1473 717 1549 755 iam

219 796 343 827 castra
395 795 720 838 praetergressum
773 799 869 824 esse.
949 784 1170 824 Confestim
1219 782 1402 822 Iconium
1449 781 1549 821 veni.

163 868 200 890 10
219 854 360 893 Cetera
380 852 457 890 iam
479 851 549 891 tibi
570 859 664 891 nota
690 859 792 890 sunt.
852 852 917 889 An
944 863 1017 900 ego
1045 848 1115 888 tibi
1143 848 1302 887 obviam
1323 862 1403 887 non
1425 847 1552 898 prodi-

219 933 310 966 rem,
341 919 510 970 primum
531 921 605 969 Ap.
630 917 810 964 Claudio,
834 916 981 956 deinde
1011 914 1248 965 imperatori,
1271 913 1415 953 deinde
1444 924 1552 952 moro

220 985 422 1032 maiorum,
446 984 601 1032 deinde,
625 985 734 1035 quod
755 991 872 1034 caput
893 990 962 1031 est,
984 981 1124 1029 amico,
1144 995 1235 1020 cum
1256 980 1295 1019 in
1317 980 1391 1019 isto
1410 994 1552 1031 genere
1574 1013 1588 1032 ε.

219 1052 343 1090 multo
373 1050 491 1090 etiam
520 1049 766 1089 ambitiosius
796 1051 923 1088 facere
952 1050 1113 1095 soleam,
1136 1060 1256 1098 quam
1286 1047 1413 1085 honos
1442 1059 1551 1084 meus

219 1124 256 1155 et
295 1115 462 1167 dignitas
501 1116 705 1166 postulat?
774 1116 854 1154 Sed
893 1115 990 1153 haec
1029 1115 1231 1152 hactenus.
1303 1113 1407 1151 Illud
1446 1112 1595 1152 idemS

163 1194 198 1226 15
221 1181 414 1219 Pausania
444 1180 602 1220 dicebat
635 1188 674 1219 te
708 1179 873 1219 dixisse:
922 1178 1125 1228 ‘Quidni?
1181 1177 1335 1228 Appius
1368 1179 1549 1224 Lentulo,

220 1247 410 1284 Lentulus
443 1245 589 1296 Ampio
618 1245 807 1296 processit
838 1243 1007 1291 obviam,
1040 1243 1181 1283 Cicero
1212 1242 1345 1293 Appio
1377 1243 1551 1282 noluitP'

220 1313 391 1361 Quaeso,
415 1311 585 1350 etiamne
612 1319 653 1350 tu
683 1313 753 1350 has
783 1310 961 1361 ineptias,
985 1311 1107 1348 homo
1129 1323 1217 1347 mea
1237 1309 1430 1348 sententia
1450 1323 1552 1348 sum-

220 1392 284 1417 ma
313 1377 531 1429 prudentia,
566 1378 689 1416 multa
726 1376 843 1415 etiam
878 1375 1067 1423 doctrina,
1105 1374 1275 1425 plurimo
1306 1388 1433 1413 rerum
1465 1389 1549 1422 usu,

218 1446 325 1483 addo
369 1443 640 1490 urbanitatem,
683 1456 783 1493 quae
822 1450 880 1480 est
918 1441 1049 1488 virtus,
1091 1449 1133 1478 ut
1176 1439 1297 1479 Stoici
1337 1440 1552 1479 rectissime

163 1523 200 1544 20
219 1512 390 1561 putant?
437 1511 555 1548 ullam
589 1508 840 1559 Appietatem
874 1515 941 1546 aut
974 1506 1254 1546 Lentulitatem
1285 1507 1412 1544 valere
1445 1507 1552 1557 apud

219 1590 282 1614 me
303 1577 389 1626 plus
411 1588 529 1626 quam
555 1582 786 1613 ornamenta
806 1572 957 1611 virtutis
985 1571 1215 1611 existimas?
1272 1572 1375 1611 Cum
1396 1585 1443 1611 ea
1462 1585 1553 1610 con-

219 1649 376 1680 secutus
408 1642 586 1680 nondum
627 1653 746 1687 eram,
780 1653 882 1689 quae
920 1646 1012 1676 sunt
1049 1636 1257 1676 hominum
1297 1635 1551 1686 opinionibus

219 1706 469 1757 amplissima,
493 1713 625 1744 tamen
647 1705 720 1743 ista
739 1712 866 1743 vestra
890 1703 1053 1742 nomina
1076 1715 1294 1753 numquam
1306 1701 1402 1740 'sum
1430 1701 1551 1740 admi-

219 1780 348 1819 ratus;
386 1771 489 1810 viros
524 1784 604 1818 eos,
637 1769 703 1821 qui
737 1783 784 1807 ea
814 1768 926 1807 vobis
962 1767 1222 1818 reliquissent,
1257 1780 1420 1816 magnos
1455 1765 1552 1805 arbi-

162 1847 199 1880 25
219 1838 356 1876 trabar.
417 1840 560 1876 Postea
597 1850 689 1874 vero
728 1849 846 1886 quam
885 1834 939 1872 ita
977 1842 1015 1872 et
1054 1833 1139 1883 cepi
1172 1840 1210 1871 et
1243 1832 1343 1882 gessi
1383 1832 1553 1871 maxima

220 1902 392 1953 imperia,
415 1910 456 1940 ut
477 1901 574 1940 mihi
595 1901 690 1939 nihil
718 1914 847 1950 neque
874 1900 924 1937 ad
955 1900 1147 1937 honorem
1168 1911 1298 1948 neque
1317 1898 1368 1936 ad
1388 1897 1550 1948 gloriam

219 1968 508 2018 adquirendum
539 1975 730 2017 putarem,
760 1965 999 2016 superiorem
1030 1964 1192 2015 quidem
1223 1977 1452 2013 numquam,
1481 1965 1551 2002 sed

220 2048 351 2085 parem
374 2033 484 2073 vobis
506 2047 568 2072 me
590 2031 740 2084 speravi
761 2046 846 2071 esse
873 2033 1030 2070 factum.
1091 2032 1177 2068 Nec
1199 2031 1422 2068 mehercule
1442 2029 1552 2068 aliter

219 2100 300 2139 vidi
338 2099 557 2139 existimare
594 2100 655 2138 vel
690 2100 763 2139 Cn.
801 2097 1047 2148 Pompeium,
1088 2110 1207 2147 quem
1248 2095 1445 2144 omnibus,
1484 2094 1551 2145 qui

164 2179 202 2209 50
222 2179 410 2216 umquam
442 2167 608 2212 fuerunt,
640 2166 700 2202 vel
732 2166 772 2202 P.
806 2164 1030 2210 Lentulum,
1062 2176 1181 2213 quern
1216 2159 1312 2199 mihi
1343 2160 1415 2211 ipsi
1447 2168 1552 2199 ante-

265 2281 283 2309 5
311 2270 353 2302 M.
374 2271 560 2301 Varronem
583 2269 789 2309 chscnbctg:
806 2269 887 2308 sorr.
906 2268 947 2299 A.
966 2268 1155 2299 Varronem
1292 2277 1307 2305 7
1334 2271 1413 2297 ante
1434 2266 1475 2296 ad
1496 2275 1550 2295 me

220 2314 311 2345 MR:
347 2315 387 2344 ad
413 2325 464 2344 me
490 2319 567 2344 ante
588 2313 634 2343 G:
672 2324 690 2343 a
715 2318 747 2343 te
764 2313 805 2343 ad
829 2323 880 2342 me
905 2311 1151 2343 Mendclssolm:
1178 2311 1257 2350 foti.
1277 2315 1357 2340 ante
1379 2315 1412 2339 te
1432 2310 1474 2339 ad
1498 2320 1550 2339 me

225 2369 262 2388 12
287 2368 361 2388 cum
385 2357 466 2388 GR:
497 2368 563 2388 om.
582 2357 638 2387 M:
668 2357 724 2395 qui
748 2356 938 2395 lvVesenhctg
1072 2366 1109 2394 13
1135 2355 1237 2386 multa
1254 2354 1375 2385 Sclziifz
1512 2354 1551 2381 16

219 2401 344 2441 Ampio
377 2401 412 2432 C.
438 2400 473 2431 F.
499 2400 701 2431 Hermann:
737 2400 839 2440 appio
859 2399 953 2430 MR:
988 2409 1052 2429 ont.
1079 2399 1107 2428 G
1241 2409 1283 2428 20
1308 2398 1449 2437 putant?
1475 2406 1548 2426 cum

221 2449 298 2475 nota
315 2444 578 2485 interrogationis
601 2443 789 2484 lVescnbctgg
805 2444 900 2484 (Em.
918 2444 974 2484 50)
992 2454 999 2473 z
1022 2453 1091 2474 om.
1110 2446 1223 2473 notam
1240 2442 1330 2482 vulg.
