1791 2796
163 134 257 171 1.ix
589 135 643 171 M.
677 135 846 172 TVLLI
879 135 1186 174 CICERONIS

220 260 282 285 me
309 247 458 286 tuendo
483 245 702 293 exstitisset,
725 259 806 285 non
830 245 972 293 dicam,
996 245 1091 296 quid
1115 244 1300 284 acciderit
1321 246 1550 296 (multorum

220 321 277 351 est
312 312 415 351 enim
450 322 487 351 et
521 311 625 351 varia
659 312 803 362 culpa),
838 320 990 350 tantum
1025 311 1154 350 dicam
1190 310 1306 358 brevi,
1344 324 1423 350 non
1456 309 1553 349 1111111

219 378 430 417 exercitum
466 379 536 417 sed
571 378 692 416 duces
731 376 912 416 defuisse.
979 379 1025 415 In
1058 391 1137 427 quo
1169 384 1210 415 ut
1244 376 1321 414 iam
1353 375 1401 414 sit
1435 375 1474 414 in
1507 375 1552 414 iis

218 445 344 494 culpa,
375 445 441 494 qui
475 457 536 482 me
568 457 648 481 non
679 443 952 489 defenderunt,
981 456 1061 481 non
1094 441 1220 480 minor
1250 450 1307 481 est
1337 441 1375 479 in
1406 440 1461 488 iis,
1485 439 1552 491 qui

218 508 469 559 reliquerunt,
493 517 541 557 et,
565 508 595 546 si
617 507 829 547 accusandi
851 515 952 555 sunt,
976 507 1006 545 si
1028 507 1093 556 qui
1116 507 1410 557 pertimuerunt,
1432 505 1552 556 magis

218 574 335 612 etiam
371 573 697 625 reprehendendi,
730 572 761 611 si
791 572 858 623 qui
894 587 934 611 se
967 572 1102 611 timere
1137 572 1377 610 simularunt.
1448 572 1552 610 Illud

219 639 380 690 quidem
413 648 517 678 certe
550 647 727 678 nostrum
761 637 969 678 consilium
1000 637 1081 676 iure
1112 639 1355 677 laudandum
1386 645 1454 685 est,
1484 636 1552 687 qui

220 719 328 744 meos
359 704 453 743 civis
489 712 526 744 et
564 719 587 743 a
621 718 684 743 me
718 711 969 743 conservatos
1004 710 1042 742 et
1077 717 1139 742 me
1174 717 1324 741 servare
1359 701 1552 753 cupientis

218 771 406 821 spoliatos
428 770 596 809 ducibus
624 769 742 808 servis
763 768 920 807 armatis
945 768 1048 807 obici
1071 768 1262 808 noluerim
1285 767 1551 818 declararique

220 835 434 883 maluerim,
462 843 608 886 quanta
633 835 689 873 vis
720 848 804 873 esse
832 834 1022 885 potuisset
1051 833 1090 872 in
1118 847 1313 873 consensu
1341 834 1547 880 bonorum,

218 900 249 939 si
271 900 315 940 iis
337 915 406 952 pro
429 915 490 940 me
512 909 638 939 stante
655 914 828 951 pugnare
849 899 1030 946 licuisset,
1050 913 1141 938 cum
1162 899 1363 938 adflictum
1386 898 1552 938 excitare

218 967 463 1016 potuissent3
503 979 671 1017 quorum
711 965 873 1016 quidem
911 965 1088 1004 animum
1128 973 1169 1003 tu
1209 979 1288 1003 non
1324 964 1552 1015 perspexisti

161 1063 165 1069 .
217 1033 358 1080 solum,
392 1046 483 1071 cum
523 1033 572 1070 de
612 1045 674 1070 me
712 1045 856 1081 ageres,
890 1032 960 1070 sed
1000 1030 1117 1069 etiam
1156 1029 1395 1069 confirmasti
1435 1039 1552 1080 atque

155 1112 199 1150 14
219 1097 387 1137 tenuisti.
449 1100 539 1147 Qua
566 1096 605 1135 in
633 1110 751 1135 causa
772 1097 869 1148 (11011
898 1097 1019 1135 modo
1047 1110 1126 1135 non
1154 1096 1318 1146 negabo,
1343 1097 1412 1134 sed
1434 1095 1551 1134 etiam

219 1176 373 1214 semper
393 1171 430 1202 01
452 1162 669 1201 meminero
690 1170 727 1201 et
748 1161 986 1212 praedicabo
1007 1161 1190 1212 libenter)
1213 1175 1304 1199 usus
1332 1175 1372 1200 es
1394 1161 1551 1212 quibus-

219 1229 310 1267 dam
341 1227 594 1267 nobilissimis
625 1226 853 1266 hominibus
881 1226 1105 1265 fortioribus
1133 1226 1172 1264 in
1201 1240 1264 1264 me
1294 1227 1547 1274 restituendo,

218 1307 337 1344 quam
366 1295 517 1332 fucrant
545 1292 650 1332 idem
681 1292 720 1330 in
751 1293 934 1331 tenendo.
997 1293 1088 1341 Qua
1115 1290 1154 1329 in
1182 1291 1376 1331 sententia
1403 1292 1433 1331 si
1461 1307 1551 1332 con-

217 1366 318 1397 stare
345 1358 571 1405 voluissent‚
601 1371 712 1396 suam
741 1357 1014 1396 auctoritatem
1045 1357 1161 1395 simul
1189 1371 1279 1396 011111
1310 1359 1433 1396 salute
1464 1372 1551 1398 mea

218 1424 509 1475 reciperassent.
576 1423 776 1462 Recreatis
816 1423 921 1461 enim
956 1422 1072 1462 bonis
1112 1423 1200 1461 viris
1235 1425 1441 1462 consulatu
1481 1432 1549 1464 tuo

217 1498 255 1528 et
286 1489 613 1528 constantissimis
647 1498 766 1539 atque
801 1488 959 1539 optimis
993 1488 1215 1528 actionibus
1251 1489 1326 1528 tuis
1361 1489 1547 1537 excitatis,

217 1556 289 1594 Cn.
322 1553 512 1605 Pompeio
543 1553 768 1604 praesertim
800 1555 851 1592 ad
882 1567 1039 1592 causam
1075 1553 1273 1601 adiuncto,
1306 1568 1396 1592 cum
1431 1554 1548 1593 etiam

217 1623 362 1660 Caesar
391 1621 506 1659 rebus
542 1620 719 1658 maximis
749 1619 866 1670 gestis
896 1619 1155 1670 singularibus
1185 1628 1343 1659 ornatus
1374 1629 1411 1659 01
1439 1620 1549 1659 novis

217 1686 433 1726 honoribus
463 1701 508 1725 ac
538 1685 692 1725 iudiciis
722 1694 880 1724 senatus
909 1686 960 1723 ad
989 1685 1260 1724 auctoritatem
1292 1685 1374 1724 eius
1402 1685 1548 1724 ordinis

216 1751 500 1803 adiungeretur,
536 1751 629 1790 nulli
671 1751 852 1801 improbo
892 1750 965 1789 civi
1000 1752 1110 1789 locus
1147 1752 1198 1789 ad
1234 1764 1312 1789 rem
1348 1750 1547 1802 publicam

156 1826 197 1865 15
217 1817 441 1857 violandam
471 1832 556 1856 esse
587 1817 787 1868 potuisset.
850 1818 927 1855 Sed
954 1818 1126 1862 attende,
1159 1830 1317 1867 quaeso,
1341 1830 1441 1866 quae
1469 1816 1547 1856 sint

216 1890 438 1922 consecuta.
501 1882 673 1921 Primum
706 1882 769 1920 illa
799 1882 896 1921 furia
927 1881 1450 1932 muliebrium,religionum,
1480 1881 1546 1931 qui

217 1961 296 1987 non
324 1948 443 1999 pluris
472 1949 614 1986 fecerat
638 1950 788 1986 Bonam
815 1949 930 1986 deam
957 1962 1074 1998 quam
1104 1948 1169 1986 tris
1192 1961 1358 1994 sorores,
1383 1946 1548 1996 impuni-

217 2021 335 2052 tatem
353 2021 410 2052 est
427 2013 580 2052 illorum
599 2013 802 2052 sententiis
819 2015 1040 2060 adsecutus,
1060 2013 1136 2063 (1111,
1161 2027 1250 2051 011111
1274 2021 1314 2050 tr.
1333 2014 1381 2062 pl.
1399 2026 1546 2062 poenas

215 2092 238 2116 a
271 2078 458 2117 seditioso
497 2078 569 2117 civi
611 2092 678 2128 per
712 2079 839 2116 bonos
873 2078 974 2117 viros
1014 2078 1159 2116 iudicio
1199 2077 1378 2128 persequi
1417 2079 1543 2123 vellet,

216 2145 438 2194 exemplum
471 2143 819 2194 praeclarissimun'n
852 2143 890 2181 in
922 2152 1120 2193 posterum
1153 2142 1413 2182 vindicandae
1448 2143 1546 2186 sedi-

217 2208 332 2247 tionis
353 2209 402 2248 de
431 2222 469 2248 re
491 2208 649 2259 publica
673 2210 921 2255 sustulerunt,
947 2208 1131 2258 idemque
1152 2216 1289 2258 postea
1310 2221 1389 2247 non
1413 2221 1541 2246 meum

265 2324 294 2343 11
321 2324 472 2353 pugnare
491 2313 639 2343 licuisset
660 2312 742 2342 GR:
769 2323 879 2352 pugna
900 2313 1089 2351 reliquisset
1108 2311 1148 2342 111
1234 2324 1275 2344 20
1295 2312 1450 2343 excitatis
1469 2312 1543 2343 Mv:

215 2358 394 2432 ῗκοῖεἰῐᾶῑὲ
422 2357 507 2388 codd.
651 2358 693 2387 26
718 2356 773 2387 illa
800 2357 884 2388 suria
911 2355 1119 2387 Banda'nclli:
1157 2356 1211 2387 illa
1237 2357 1322 2387 furta
1347 2356 1452 2387 codd:
1490 2356 1543 2386 ille

228 2412 267 2432 ur
301 2412 372 2431 <am
397 2424 403 2431 .

1572 515 1590 548 5

1574 847 1644 884 10‘

1575 1174 1611 1206 15

1573 1501 1611 1523 20

1566 2156 1606 2186 30
