1791 2796
530 169 641 206 EPP.
674 167 752 204 ΛΓ)
784 165 1132 203 FAMILIARES
1449 164 1567 202 1V.v

165 283 342 330 scribere,
365 295 446 320 non
467 293 546 331 quo
566 292 612 318 ea
631 286 670 318 te
689 280 821 328 fugere
847 276 1076 324 existimem,
1101 277 1170 314 sed
1199 276 1307 326 quod
1335 274 1494 316 forsitan

165 350 300 388 dolore
321 346 531 398 impeditus
551 345 681 383 minus
701 358 747 383 ea
767 342 989 394 perspicias.

220 414 328 462 Quid
362 419 420 451 est
458 412 566 462 quod
598 418 708 449 tanto
747 422 865 460 opere
903 416 942 446 te
973 415 1223 447 commoveat
1262 414 1352 445 tuus
1383 407 1537 445 dolor2

167 479 402 519 intestinus?
432 476 581 527 Cogita,
606 489 723 526 quern
749 476 799 513 ad
827 474 992 512 modum
1022 474 1153 512 adhuc
1183 475 1339 512 fortuna
1367 472 1497 511 nobis-

130 557 257 589 5cum
295 542 438 593 egerit,·
477 555 526 581 ea
557 541 672 580 nobis
706 548 839 590 erepta
876 552 973 586 esse,
1008 552 1109 589 quae
1147 538 1377 577 hominibus
1415 551 1496 576 non

167 608 296 647 minus
325 621 442 658 quam
473 606 585 646 liberi
614 619 703 644 cara
731 619 816 644 esse
846 606 1005 651 debent,
1034 604 1210 655 patriam,
1235 605 1493 650 honestatem,

167 673 406 723 dignitatem,
439 674 608 711 honores
639 670 778 710 omnis.
840 672 933 709 Hoc
963 683 1044 709 uno
1073 670 1331 708 incommodo
1359 669 1497 708 addito

167 738 262 788 quid
282 739 332 776 ad
353 739 529 777 dolorem
550 736 710 787 adiungi
731 735 892 787 potuit?
919 743 986 773 aut
1013 735 1080 785 qui
1107 749 1188 774 non
1215 735 1255 773 in
1283 734 1357 772 illis
1381 735 1497 773 rebus

167 803 396 842 exercitatus
420 802 575 841 animus
604 804 743 841 callere
773 801 851 840 iarn
881 802 1001 840 debet
1030 808 1149 851 atque
1176 800 1310 839 onmia
1336 799 1497 838 minoris

111 883 148 905 10
167 868 413 907 existimare?
446 870 510 906 An
532 867 633 907 illius
654 867 792 914 vicem,
810 867 922 913 cedo,
942 867 1085 905 doles?
1134 865 1328 915 Quotiens
1350 865 1388 903 in
1410 878 1495 903 eam
1517 868 1541 905 3

166 933 443 984 cogitationem
474 946 634 972 necesse
661 940 719 971 est
748 940 787 971 et
817 939 858 970 tu
886 931 1037 970 veneris
1063 939 1100 970 et
1130 944 1203 969 nos
1225 944 1341 981 saepe
1363 930 1498 969 incidi-

166 1012 262 1045 mus,
297 999 405 1037 hisce
435 990 677 1048 temporibus
712 1011 792 1036 non
824 997 994 1047 pessime
1029 1010 1119 1035 curn
1152 996 1198 1034 iis
1233 1010 1317 1035 esse
1351 1003 1494 1042 actum,

166 1064 309 1114 quibus
338 1064 421 1103 sine
451 1065 586 1102 dolore
617 1063 769 1102 licitum
802 1071 860 1101 est
892 1069 1059 1101 mortem
1092 1076 1182 1100 cum
1214 1062 1293 1100 vita
1324 1075 1498 1100 commu—

167 1133 269 1168 tare!
328 1129 437 1179 Quid
457 1137 589 1167 autern
617 1128 689 1166 fuit
719 1129 827 1178 quod
855 1127 959 1165 illarn
989 1129 1065 1166 hoc
1093 1135 1269 1178 ternpore
1298 1128 1349 1166 ad
1369 1126 1498 1166 viven-

109 1209 145 1242 15
167 1197 261 1234 dum
294 1209 437 1245 magno
472 1207 589 1244 opere
621 1193 783 1231 invitare
817 1194 979 1243 posset?
1022 1206 1123 1242 quae
1155 1206 1225 1239 res,
1260 1205 1361 1242 quae
1396 1206 1494 1243 spes,

166 1262 274 1310 quod
294 1260 414 1298 aniini
435 1260 655 1299 solacium?
683 1266 725 1296 ut
751 1272 841 1296 cum
871 1258 1004 1308 aliquo
1033 1259 1286 1296 adulescente
1314 1257 1497 1307 primario

166 1326 377 1365 coniuncta
410 1333 578 1364 aetatem
609 1325 786 1375 gereret?
851 1323 1021 1362 Licitutn
1054 1331 1112 1362 est
1144 1323 1225 1369 tibi,
1263 1325 1392 1370 credo,
1426 1337 1497 1374 pro

166 1400 231 1429 tua
270 1391 458 1441 dignitate
498 1404 544 1429 ex
582 1392 656 1428 hac
694 1390 895 1428 iuventute
937 1402 1124 1439 generum
1164 1389 1344 1440 deligere,
1386 1389 1497 1428 cuius

166 1457 257 1495 fidei
289 1457 432 1496 liberos
467 1464 555 1495 tuos
588 1463 625 1494 te
659 1462 744 1494 tuto
779 1454 1024 1493 committere
1057 1462 1223 1505 putares.
1283 1456 1348 1492 An
1380 1462 1422 1493 ut
1451 1468 1497 1493 ea

108 1535 146 1558 20
166 1522 308 1561 liberos
329 1537 375 1561 ex
396 1535 480 1561 sese
501 1529 661 1572 pareret,
685 1533 784 1571 quos
806 1534 896 1558 cum
918 1519 1092 1559 florentis
1113 1520 1261 1558 videret
1277 1521 1492 1567 laetaretur,

165 1588 232 1638 qui
253 1602 333 1627 rem
357 1601 380 1626 a
406 1595 567 1638 parente
593 1585 774 1625 traditam
805 1599 873 1636 per
903 1599 943 1624 se
971 1593 1102 1624 tenere
1130 1593 1300 1634 possent,
1325 1587 1494 1624 honores

164 1653 374 1692 ordinatim
396 1652 552 1704 petituri
570 1659 700 1690 essent
721 1651 760 1689 in
782 1665 822 1689 re
842 1650 1011 1701 publica,
1030 1650 1070 1688 in
1090 1650 1306 1689 amicorum
1328 1651 1494 1701 negotiis

163 1719 340 1758 libertate
376 1732 446 1757 sua
485 1717 619 1756 usuri?
678 1716 787 1766 Quid
822 1717 962 1755 horum
998 1716 1068 1754 fuit
1107 1717 1215 1765 quod
1255 1730 1335 1755 non
1374 1716 1493 1766 prius-

164 1797 282 1834 quam
322 1785 458 1823 datum
499 1790 557 1822 est
597 1784 827 1832 ademptum
868 1781 948 1820 sit?
1022 1783 1075 1819 At
1112 1794 1204 1820 vero
1249 1782 1396 1819 malum
1435 1789 1493 1820 est

105 1861 141 1892 25
164 1848 306 1887 liberos
327 1848 514 1887 amittere.
576 1849 754 1894 Malum;
784 1846 859 1884 nisi
888 1847 964 1885 hoc
991 1846 1101 1897 peius
1126 1846 1183 1893 sit,
1212 1847 1308 1885 haec
1335 1848 1492 1885 sufferre

163 1922 200 1952 et
221 1914 379 1964 perpeti.
441 1915 553 1962 Quae
583 1927 642 1952 res
670 1912 766 1950 mihi
797 1925 877 1950 non
908 1911 1147 1950 mediocrem
1178 1911 1489 1951 consolationem
1509 1923 1533 1960 4

160 1979 300 2026 attulit,
336 1980 426 2018 volo
465 1979 535 2018 tibi
575 1992 895 2025 commemorare,
939 1977 969 2015 si
1008 1979 1106 2016 forte
1145 1979 1283 2016 eadem
1323 1991 1382 2017 res
1421 1978 1490 2017 tibi

160 2045 338 2083 dolorem
369 2043 544 2083 minuere
574 2044 706 2094 possit.

215 2111 274 2148 Ex
303 2109 397 2148 Asia
424 2109 578 2148 rediens
609 2123 699 2147 cum
731 2109 781 2147 ab
814 2108 966 2159 Aegina
994 2110 1197 2159 Megaram
1228 2121 1360 2147 versus
1388 2109 1492 2147 navi-

103 2187 141 2217 30
159 2187 300 2224 gareni,
342 2175 454 2225 coepi
494 2174 670 2225 regiones
704 2174 954 2212 circumcirca
990 2174 1221 2224 prospicere.
1293 2176 1387 2213 Post
1426 2188 1489 2212 me

207 2289 245 2309 10
268 2278 322 2308 An
348 2277 456 2310 codd:
490 2278 536 2309 At
566 2277 660 2309 Man.
807 2279 892 2309 cedo
922 2277 1059 2318 Tyrrell:
1097 2278 1198 2308 eredo
1222 2277 1334 2309 codd.:
1368 2278 1489 2308 Cicero

160 2321 283 2352 Munro
418 2333 454 2361 17
481 2328 616 2361 gereret
640 2320 727 2353 codd.
755 2322 791 2361 cf
811 2322 938 2354 Petron.
964 2323 1030 2360 63:
1063 2327 1181 2360 ageret
1209 2321 1314 2352 Crem:
1349 2322 1488 2359 degeret

159 2365 289 2405 Kayser
426 2376 467 2404 23
493 2366 584 2396 usuri
606 2365 799 2396 Gulielmius
821 2365 1030 2405 IVrsenchg:
1058 2366 1104 2395 uti
1124 2365 1210 2396 codd.
1229 2377 1234 2396 :
1261 2365 1310 2395 usi
1327 2364 1487 2403 Affarlym'-

160 2408 265 2448 Lag:
293 2413 470 2439 uterentur
488 2409 619 2439 Ernesti
727 2419 768 2448 25
792 2409 849 2449 sit]
868 2414 920 2439 est
948 2408 1137 2448 Wesenbmg
1246 2419 1288 2447 29
1316 2409 1486 2445 Megaram

160 2451 208 2488 M,
227 2452 262 2492 cf.
283 2452 331 2482 De
347 2452 422 2484 Dz‘v.
443 2453 459 2483 i¹
479 2463 517 2491 57
537 2465 542 2483 :
567 2463 736 2491 megaron]
758 2452 839 2482 GR:
867 2452 1003 2490 Megara
1021 2451 1160 2491 Madvig
