1791 2796
119 124 189 171 IX:
208 123 270 160 vii
590 123 644 160 M.
677 122 845 158 TVLLI
879 121 1187 159 CICERONIS

223 233 354 284 itaque
376 247 455 272 non
477 232 616 272 desino
636 233 743 283 apud
764 232 872 280 istos,
889 231 955 282 qui
972 245 1078 270 nunc
1094 230 1360 277 dominantur,
1374 229 1555 270 cenitare,

180 305 205 333 2
225 300 333 349 Quid
354 300 525 338 faciam?
556 299 721 350 tempori
743 298 993 338 serviendum
1015 305 1083 337 est.
1144 297 1222 335 Sed
1243 295 1407 335 ridicula
1427 295 1558 344 missa,

224 365 451 416 praesertim
473 379 564 404 cum
585 365 633 403 sit
655 364 752 403 nihil
772 365 881 414 quod
902 363 1099 403 rideamus
1119 378 1125 401 2

370 430 529 474 ‘Africa
558 430 718 470 terribili
749 429 877 468 tremit
907 428 1065 468 horrida
1096 436 1195 467 terra
1224 428 1418 466 tumultu.‘

226 499 365 547 Itaque
400 498 552 535 nullum
588 504 645 535 est
681 496 990 548 ἀποπροηγμένον
1023 494 1133 545 quod
1167 507 1248 533 non
1277 506 1419 532 verear.
1479 493 1558 534 Sed
1578 507 1595 538 5

223 564 333 613 quod
354 561 522 613 quaeris.
543 563 718 612 quando,
739 575 830 612 qua,
851 575 944 611 quo,
965 559 1061 598 nihil
1082 560 1213 598 adhuc
1234 558 1389 597 scimus.
1450 559 1558 597 Istuc

223 628 353 680 ipsum
392 629 442 667 de
484 627 602 676 Baiis,
641 642 722 667 non
762 627 857 665 nulli
907 626 1091 666 dubitant
1135 639 1185 663 an
1230 638 1300 675 per
1338 623 1558 663 Sardiniam

222 694 377 742 veniat3
408 694 505 732 illud
525 693 631 732 enim
661 694 791 732 adhuc
817 692 1022 743 praedium
1047 705 1162 730 suum
1189 704 1271 730 non
1294 689 1461 741 inspexit
1485 704 1558 728 nec

223 762 347 800 ullum
385 760 507 798 habet
545 758 729 806 deterius,
769 759 839 798 sed
879 766 1011 797 tamen
1049 770 1131 795 non
1170 755 1398 795 contemnit.
1473 756 1559 806 Ego

223 825 388 864 omnino
405 824 527 875 magis
542 824 705 863 arbitror
726 838 794 875 per
815 823 987 863 Siciliam
1003 822 1169 869 Veliam,
1184 823 1251 861 sed
1265 823 1345 860 iam
1366 821 1558 869 sciemu53
1581 833 1620 856 10

224 892 411 932 adventat
432 889 537 929 enim
561 891 779 930 Dolabella.
842 891 945 928 Eum
966 896 1064 940 puto
1086 887 1313 938 magistrum
1333 888 1426 926 fore.

452 956 602 995 Πολλοὶ
629 956 793 1006 μαθηταὶ
823 956 1036 1005 κρείσσονες
1065 954 1309 993 διδασκάλων.

225 1023 303 1062 Sed
334 1030 480 1069 tamen,
501 1021 533 1060 si
560 1021 680 1060 sciam
702 1021 799 1071 quid
824 1028 865 1059 tu
893 1018 1156 1067 constitueris.
1186 1032 1319 1058 meum
1349 1017 1557 1057 consilium

225 1087 542 1127 accommodabo
564 1086 813 1137 potissimum
839 1087 889 1125 ad
911 1094 1021 1124 tuum
1040 1100 1049 1133 3
1080 1098 1158 1135 qua
1187 1098 1226 1123 re
1257 1091 1441 1134 exspecto
1473 1090 1559 1122 tuas

225 1152 380 1194 litteras.
1581 1159 1619 1192 15

249 1306 251 1308 ι
269 1313 385 1350 VIII
433 1317 502 1350 Ser.
519 1318 553 1348 in
577 1317 762 1350 Tusculano
779 1327 798 1347 v
814 1320 873 1347 aut
890 1317 920 1347 ιύ
935 1315 984 1347 Id.
1007 1316 1118 1355 Quint.
1137 1326 1166 1345 a.
1185 1324 1242 1355 709
1263 1314 1342 1355 (45).

678 1395 853 1428 CICERO
877 1394 1107 1426 VARRONI.

194 1491 210 1518 1
284 1473 369 1512 Etsi
391 1487 534 1512 munus
551 1473 736 1524 flagitare,
757 1472 936 1523 quamvis
960 1472 1047 1523 quis
1071 1470 1300 1518 ostenderit,
1321 1484 1369 1509 ne
1389 1470 1560 1523 populus

229 1539 390 1590 quidem
419 1540 518 1578 solet
542 1538 616 1578 nisi
642 1538 875 1585 concitatus,
897 1546 1028 1576 tamen
1058 1551 1131 1587 ego
1158 1535 1449 1587 exspectatione
1476 1548 1560 1585 pro-

228 1605 334 1644 missi
383 1604 439 1643 tui
487 1618 649 1643 moveor
696 1612 738 1642 ut
785 1605 1023 1647 admoneam
1073 1611 1124 1650 te,
1162 1615 1242 1640 non
1288 1609 1329 1640 ut
1375 1600 1557 1651 flagitem.
1583 1614 1622 1636 20

230 1671 323 1721 Misi
356 1679 489 1709 autem
521 1671 572 1710 ad
607 1678 645 1710 te
675 1678 860 1722 quattuor
893 1668 1161 1710 admonitores
1193 1681 1273 1707 non
1308 1666 1424 1706 nimis
1458 1680 1560 1705 vere-

228 1738 381 1786 cundos
395 1751 406 1785 3
435 1735 540 1778 nosti
571 1735 677 1777 enim
707 1737 884 1786 profecto
914 1749 958 1775 os
987 1734 1089 1774 illius
1119 1731 1442 1772 adulescentioris
1463 1733 1561 1770 Aca-

228 1802 392 1843 demiae.
454 1803 514 1842 Ex
537 1816 583 1841 ea
611 1801 728 1853 igitur
750 1801 883 1843 media
908 1800 1096 1840 excitatos
1124 1798 1211 1839 misi
1227 1813 1238 1848 3
1267 1796 1336 1851 qui
1356 1798 1497 1842 metuo
1510 1810 1561 1835 ne

229 1876 266 1907 te
301 1869 399 1906 sorte
431 1867 605 1918 flagitent
624 1882 633 1915 ;
673 1880 746 1917 ego
780 1874 912 1905 autem
947 1863 1130 1905 mandavi
1161 1871 1204 1917 ut
1237 1870 1425 1913 rogarent.
1488 1861 1561 1903 Ex·

230 1933 458 1982 spectabam
485 1931 651 1971 omnino
680 1931 757 1970 iam
788 1930 856 1969 diu
888 1943 1031 1980 meque
1065 1926 1318 1974 sustinebam,
1353 1941 1403 1966 ne
1437 1927 1488 1965 ad
1523 1933 1560 1965 te
1583 1938 1620 1970 25

231 1997 334 2049 prius
374 1997 457 2047 ipse
497 1997 593 2047 quid
632 1996 841 2035 scriberem
881 2009 998 2046 quam
1038 1994 1186 2044 aliquid
1225 1992 1476 2044 accepissem,
1519 2000 1561 2031 ut

232 2077 388 2112 possem
420 2071 457 2101 te
493 2062 730 2101 remunerari
765 2075 883 2111 quam
915 2060 1115 2099 simillimo
1148 2073 1334 2105 munere3
1367 2059 1438 2097 sed
1467 2072 1558 2097 cum

232 2138 270 2166 tu
311 2128 458 2167 tardius
493 2129 649 2173 faceres,
684 2127 725 2166 id
759 2136 827 2173 est,
863 2134 904 2164 ut
938 2141 1011 2177 ego
1046 2126 1286 2176 interpretor,
1320 2123 1556 2174 diligentius,

230 2192 352 2232 teneri
377 2206 458 2231 non
485 2191 594 2242 potui
617 2191 712 2241 quin
737 2191 1058 2230 coniunctionem
1087 2190 1306 2229 studiorum
1335 2179 1559 2238 amorisque

231 2258 350 2300 nostri
391 2272 471 2309 quo
509 2270 668 2309 possem
707 2257 920 2295 litterarum
955 2270 1096 2307 genere
1128 2256 1377 2294 declararem.
1466 2252 1558 2292 Feci
1579 2267 1622 2298 30

272 2365 294 2394 6
318 2364 440 2394 scimus
460 2366 526 2393 velt.
547 2373 553 2391 z
578 2372 711 2393 sosmus
729 2360 814 2392 codd.
925 2371 961 2391 ιο
986 2361 1044 2390 sed
1063 2360 1124 2389 iam
1143 2358 1216 2389 add.
1243 2356 1431 2398 bVesenbcrg
1516 2366 1558 2388 22

230 2407 319 2441 illius
335 2407 426 2439 HD:
453 2407 525 2438 eius
543 2406 574 2438 M
591 2418 596 2436 :
623 2406 722 2437 huius
740 2405 857 2436 Lamb.
877 2416 883 2435 :
907 2415 972 2435 om.
994 2403 1123 2435 Ernesti
