1791 2796
149 138 219 175 iv.
238 137 283 174 iii
598 111 654 175 M.
687 137 856 174 TVLLI
889 136 1198 176 CICERONIS

231 246 462 292 concedam,
485 252 685 297 praeterea
705 244 854 284 nemini
870 259 878 292 3
916 244 1093 296 mihique
1113 245 1164 284 ab
1184 258 1233 283 eo
1252 244 1374 295 gratia
1393 245 1564 292 refertur,

230 309 270 349 in
301 325 381 361 quo
411 310 473 349 ille
503 310 709 357 existimat,
742 311 850 360 quod
881 309 993 348 facile
1021 317 1217 360 appareat,
1250 322 1341 348 cum
1372 323 1435 348 me
1463 310 1567 349 colat

231 384 269 415 et
289 376 484 424 observet,
505 375 575 415 tibi
597 389 756 427 quoque
777 375 816 414 in
838 389 886 414 eo
907 389 947 414 se
969 376 1094 414 facere
1115 374 1389 426 gratissimum.

274 526 340 562 IV
439 530 508 562 Scr.
530 530 661 561 Romae
677 540 722 560 cx.
743 540 787 561 m.
805 529 893 571 Sept.
914 533 973 560 aul
990 530 1032 561 ιἰι.
1054 530 1120 561 Oct.
1139 541 1168 560 α.
1192 532 1252 569 708
1271 530 1360 570 (46).

519 609 562 640 M.
589 607 765 639 C1cERo
791 608 827 638 s.
855 608 894 639 D.
922 608 1022 640 SER.
1052 595 1276 639 vaP1c1o.
1588 620 1605 652 5

195 694 211 721 1
286 685 452 737 Accipio
482 685 776 725 excusationem
808 693 927 732 tuam,
951 699 1029 736 qua
1056 698 1147 724 usus
1172 699 1224 732 es,
1248 698 1315 723 cur
1342 683 1496 736 saepius
1516 685 1567 724 ad

232 765 294 790 me
319 752 464 790 litteras
495 765 574 789 uno
604 752 786 802 exemplo
816 749 1004 797 dedisses,
1028 751 1097 790 sed
1124 749 1276 800 accipio
1300 763 1346 788 ex
1373 763 1419 789 ea
1446 757 1564 800 parte,

231 825 425 867 quatenus
454 824 521 855 aut
555 815 803 867 neglegentia
832 823 898 854 aut
929 815 1181 867 improbitate
1212 828 1359 861 eorum,
1393 814 1459 865 qui
1490 814 1567 865 epi-

230 883 350 920 stulas
381 881 586 932 accipiant,
612 881 693 920 fieri
724 880 860 920 scribis
890 895 940 919 ne
969 882 1020 920 ad
1052 894 1123 919 nos
1157 882 1420 931 perferantur3
1459 879 1565 918 illam

230 955 378 997 partem
411 946 684 994 excusationis,
718 960 795 997 qua
826 954 863 985 te
898 946 1034 985 scribis
1069 945 1277 985 ‘orationis
1316 946 1566 997 paupertate’
1589 966 1626 987 10

230 1012 302 1061 (sic
332 1012 437 1051 enim
468 1011 659 1063 appellas>
688 1011 813 1051 isdem
842 1011 968 1050 verbis
999 1011 1184 1062 epistulas
1215 1010 1369 1061 saepius
1399 1011 1562 1058 mittere,

229 1092 302 1131 nec
333 1092 455 1116 nosco
485 1091 558 1116 nec
587 1078 724 1128 probo,
749 1091 787 1115 et
816 1090 889 1127 ego
919 1076 1011 1128 ipse,
1035 1090 1154 1127 quem
1180 1084 1220 1114 tu
1248 1089 1315 1127 per
1340 1075 1470 1115 iocum
1494 1075 1566 1125 (sic

228 1143 333 1181 enim
355 1142 525 1193 accipio)
551 1141 726 1181 ‘divitias
757 1141 944 1181 orationis
961 1143 967 1158 ³
985 1142 1129 1180 habere
1154 1141 1259 1185 dicis,
1288 1155 1350 1180 me
1375 1155 1454 1180 non
1480 1155 1565 1180 esse

228 1209 436 1248 verborum
457 1209 676 1247 admodum
698 1207 858 1258 inopem
878 1221 1051 1258 agnosco
1069 1208 1337 1258 (εἰρωνεύεσθαι
1357 1207 1461 1245 enim
1484 1222 1563 1247 non

228 1289 389 1314 necesse
416 1275 502 1325 est),
530 1275 600 1314 sed
630 1282 762 1313 tamen
792 1274 897 1314 idem
921 1274 1011 1326 (nec
1038 1276 1114 1314 hoc
1142 1274 1430 1326 εἰρωνευόμενος)
1452 1274 1564 1313 facile
1587 1291 1625 1323 15

228 1342 328 1380 cedo
350 1349 505 1380 tuorum
528 1339 761 1391 scriptorum
783 1339 987 1379 subtilitati
1008 1348 1046 1379 et
1067 1341 1291 1392 elegantiae.

186 1413 210 1441 2
284 1406 505 1447 Consilium
545 1414 667 1452 tuum,
709 1420 789 1457 quo
829 1413 865 1445 te
904 1420 1018 1445 usum
1058 1406 1195 1446 scribis
1233 1408 1310 1447 hoc
1344 1405 1563 1447 Achaicum

229 1472 431 1523 negotium
463 1486 544 1512 non
579 1471 828 1518 recusavssse,
861 1485 951 1510 cum
984 1485 1138 1523 semper
1169 1472 1447 1523 probavissem,
1481 1479 1563 1510 tum

229 1539 354 1577 multo
389 1537 510 1588 magis
550 1537 711 1588 probavi
743 1536 852 1576 lectis
885 1537 959 1576 tuis
999 1537 1184 1588 proximis
1219 1538 1378 1586 litteris;
1425 1552 1564 1577 omnes

228 1603 333 1642 enim
358 1617 509 1650 causae,
533 1616 630 1654 quas
657 1616 955 1654 commemoraS,
979 1602 1213 1642 iustissimae
1238 1612 1327 1642 sunt
1355 1611 1499 1655 tuaque
1525 1611 1563 1642 et
1584 1617 1624 1639 20

227 1668 458 1708 auctoritate
485 1676 522 1707 et
546 1667 755 1719 prudentia
778 1667 1041 1718 dignissimae.
1103 1669 1223 1718 Quod
1244 1669 1354 1708 aliter
1374 1668 1563 1709 cecidisse

228 1749 308 1774 rem
330 1734 527 1773 existimas
548 1742 666 1785 atque
693 1733 876 1784 opinatus
904 1733 964 1781 sis,
989 1733 1031 1773 id
1057 1733 1127 1773 tibi
1155 1736 1263 1774 nullo
1285 1735 1406 1774 modo
1426 1735 1563 1773 adsen-

227 1800 300 1840 tior
316 1815 326 1848 3
359 1801 429 1839 sed
461 1799 554 1852 quia
583 1806 692 1838 tanta
719 1798 961 1851 perturbatio
990 1806 1029 1838 et
1059 1799 1240 1839 confusio
1263 1807 1322 1839 est
1348 1813 1486 1846 rerum,
1510 1798 1563 1839 ita

227 1866 405 1917 perculsa
434 1872 472 1903 et
500 1872 692 1916 prostrata
720 1863 950 1904 foedissimo
989 1865 1093 1904 bello
1123 1864 1251 1904 iacent
1281 1865 1424 1913 omnia,
1456 1872 1499 1904 ut
1530 1864 1561 1904 is

227 1930 369 1980 cuique
399 1931 520 1976 locus,
547 1929 612 1968 ubi
645 1930 727 1979 ipse
757 1929 814 1975 sit,
842 1938 880 1968 et
907 1930 980 1968 sibi
1011 1919 1186 1981 quisque*
1208 1931 1446 1970 miserrimus
1475 1944 1560 1969 esse
1582 1944 1620 1976 25

228 1995 413 2041 videatur,
447 2003 653 2045 propterea
687 2003 725 2032 et
760 1994 814 2033 tui
846 1995 983 2033 consili
1016 1995 1188 2046 paenitet
1229 2004 1276 2043 te,
1309 2004 1346 2034 et
1377 2010 1459 2043 nos,
1492 1995 1559 2046 qui

227 2059 335 2099 domi
368 2073 513 2105 sumus,
549 2058 616 2097 tibi
655 2059 755 2097 beati
790 2059 980 2107 videmur,
1012 2068 1051 2098 at
1082 2068 1218 2099 contra
1249 2061 1364 2099 nobis
1403 2074 1482 2100 non
1518 2068 1558 2099 tu

227 2124 387 2175 quidem
420 2138 566 2163 vacuus
602 2123 800 2169 molestiis,
836 2125 905 2162 sed
940 2138 1031 2174 prae
1065 2125 1180 2164 nobis
1221 2126 1367 2164 beatus.
1428 2128 1559 2176 Atque

227 2191 302 2229 hoc
324 2189 408 2240 ipso
430 2188 566 2227 melior
587 2196 643 2227 est
666 2196 731 2226 tua
752 2202 868 2238 quam
892 2197 1023 2227 nostra
1044 2189 1238 2237 condicio,
1262 2191 1369 2240 quod
1392 2195 1447 2237 tu‚'
1462 2190 1557 2241 quid

1782 1413 1789 1572 ¹

1784 1641 1787 1719 l

271 2317 289 2336 2
315 2306 405 2347 cum]
426 2307 515 2346 quod
533 2305 742 2342 Wesmbmgr:
762 2315 860 2343 quam
881 2304 968 2336 Bake
1011 2310 1015 2317 ’
1064 2316 1099 2343 14
1125 2307 1301 2337 admodum
1318 2305 1377 2337 M:
1394 2307 1479 2337 adeo
1494 2307 1557 2337 GR

227 2361 265 2382 21
293 2350 509 2386 dignissimae
529 2350 580 2389 (-‹:
600 2349 646 2387 lx>l
669 2348 752 2379 GR:
780 2354 813 2379 ct
838 2348 1054 2388 dignissimae
1073 2349 1131 2380 M:
1157 2355 1190 2380 et
1214 2349 1378 2389 dignitate
1400 2350 1555 2390 dignissi-

229 2404 302 2425 mae
319 2393 494 2424 Lehmann
627 2403 667 2422 22
692 2393 738 2423 sis
756 2391 849 2422 MR:
879 2393 922 2423 sit
942 2393 991 2424 G:
1021 2403 1115 2424 esses
1138 2392 1328 2434 chsenbcrg
1459 2402 1500 2432 25
1525 2399 1557 2426 et

227 2437 427 2468 Lauemann
444 2449 449 2467 :
477 2441 511 2467 ut
528 2436 618 2467 MG:
643 2447 708 2466 om.
730 2436 763 2466 R
