1791 2796
81 145 223 182 X11.v
547 147 602 183 M.
636 146 802 183 TVLLI
837 146 1144 185 CICERONIS

179 259 274 295 fulta
309 273 366 297 res
401 273 435 310 p.
473 266 553 305 est3
602 272 623 296 a
662 258 787 308 prima
826 258 929 296 enim
970 271 1036 296 ora
1071 258 1260 298 Graeciae
1298 272 1422 310 usque
1460 260 1511 298 ad

178 326 401 373 Aegyptum
441 324 681 374 optimorum
721 324 863 363 civium
905 323 1075 374 imperiis
1114 324 1254 362 muniti
1293 324 1436 362 erimus
1474 331 1511 363 et

137 398 161 426 2
178 389 312 439 copiis,
374 392 639 440 Quamquam,
664 390 736 428 nisi
765 404 828 429 me
857 391 1024 437 fallebat,
1049 403 1107 428 res
1133 403 1174 428 se
1199 390 1253 429 sic
1278 391 1449 429 habebat
1471 398 1513 430 ut

177 455 296 493 totius
327 456 417 494 belli
446 469 564 494 omne
591 456 800 495 discrimen
823 456 861 494 in
887 458 933 495 Ι).
958 458 1081 495 Bruto
1101 456 1273 507 positum
1294 457 1514 505 videretur;

177 521 243 571 qui
274 521 316 568 si,
340 529 381 559 ut
411 522 677 571 sperabamuS,
709 521 897 571 erupisset
930 521 1096 570 Mutina,
1128 519 1223 559 nihil
1253 522 1345 560 belli
1376 522 1512 573 reliqui
1532 542 1550 573 5

179 588 259 624 sore
280 586 495 625 videbatur.
550 587 680 625 Parvis
702 587 866 625 omnino
882 587 963 626 iam
981 587 1105 638 copiis
1122 587 1388 636 obsidebatur,
1404 589 1513 638 quod

179 666 322 702 magno
343 653 538 703 praesidio
563 653 785 692 Bononiam
808 653 967 692 tenebat
990 653 1199 691 Antonius.
1261 655 1354 692 Erat
1380 662 1512 693 autem

179 720 386 757 Claternae
408 727 539 757 noster
563 718 727 765 Hirtius,
746 720 800 757 ad
823 720 967 757 Forum
990 718 1148 757 Corneli
1171 720 1329 765 Caesar,
1349 728 1514 770 uterque

178 797 268 822 cum
302 785 414 823 firmo
453 784 634 832 exercitu,
670 798 911 835 magnasque
946 787 1098 824 Romae
1134 787 1261 824 Pansa
1299 785 1432 836 copias
1466 800 1513 824 ex

178 850 324 888 dilectu
362 850 498 888 Italiae
530 858 785 901 compararat.
867 850 1008 889 Hiems
1035 851 1171 889 adhuc
1206 864 1286 889 rem
1318 850 1396 901 geri
1430 864 1513 902 pro·
1536 867 1574 889 10

180 916 368 954 liibuerat.
432 915 583 954 Hirtius
623 915 718 953 nihil
759 915 833 954 nisi
872 916 1128 963 considerate,
1165 923 1207 954 ut
1239 915 1333 953 mihi
1368 915 1513 954 crebris

179 981 314 1019 litteris
353 980 555 1030 significat,
596 988 753 1019 acturus
793 980 1007 1019 videbatur.
1080 982 1235 1019 Praeter
1276 980 1510 1028 Bononiam,

150 1060 154 1065 ·
182 1046 350 1096 Regium
379 1046 530 1097 Lepidi,
558 1048 736 1084 Parmam
766 1054 887 1084 totam
913 1045 1080 1084 Galliam
1108 1046 1341 1084 tenebamus
1368 1046 1512 1084 studio-

180 1111 372 1149 sissimam
412 1111 464 1149 rei
505 1111 711 1161 publicae:
751 1119 840 1149 tuos
874 1111 990 1149 etiam
1023 1111 1175 1149 clientis
1207 1112 1512 1162 Transpadanos

180 1176 341 1215 mirifice
361 1175 595 1215 coniunctos
616 1191 705 1215 cum
724 1190 840 1214 causa
857 1177 1112 1214 habebamus.
1160 1177 1251 1214 Erat
1270 1173 1512 1215 firmissimus
1536 1192 1572 1224 15

181 1250 338 1280 senatus
371 1242 543 1293 exceptis
575 1241 857 1288 consularibus,
895 1256 940 1279 ex
979 1241 1123 1291 quibus
1156 1256 1255 1280 unus
1292 1243 1333 1279 L.
1369 1243 1514 1280 Caesar

138 1316 161 1352 3
182 1309 315 1345 firmus
337 1315 393 1344 est
415 1317 451 1345 et
473 1315 609 1345 rectus,
661 1308 739 1344 Ser.
760 1306 904 1357 Sulpici
923 1315 1047 1344 morte
1069 1320 1253 1356 magnum
1275 1307 1511 1358 praesidium

180 1372 408 1414 amisimus:
455 1372 590 1422 reliqui
633 1372 771 1422 partim
820 1372 972 1419 inertes,
1015 1372 1153 1422 partim
1195 1367 1512 1423 improbijnon

178 1435 273 1475 nulli
309 1436 486 1475 invident
518 1451 653 1475 eorum
687 1437 791 1475 laudi
825 1450 924 1487 quos
961 1437 998 1475 in
1030 1452 1069 1476 re
1100 1452 1133 1489 1).
1168 1438 1322 1488 probari
1354 1438 1512 1485 vident3

179 1502 315 1555 populi
348 1516 442 1543 vero
477 1502 646 1540 Romani
680 1502 878 1552 totiusque
912 1503 1047 1541 Italiae
1078 1503 1173 1541 mira
1203 1503 1412 1542 consensio
1441 1512 1508 1542 est.
1533 1520 1574 1542 20

182 1570 295 1607 Haec
329 1579 437 1608 erant
470 1569 547 1607 fere
572 1582 673 1618 quae
703 1567 772 1606 tibi
807 1576 899 1606 nota
929 1582 1014 1606 esse
1045 1570 1210 1615 vellem;
1241 1582 1345 1607 nunc
1379 1578 1510 1607 autem

179 1643 274 1684 opto
296 1642 336 1672 ut
357 1634 406 1672 ab
430 1633 510 1671 istis
528 1632 698 1671 Orientis
721 1632 894 1683 partibus
912 1632 1061 1670 virtutis
1083 1641 1172 1671 tuae
1194 1634 1326 1671 lumen
1347 1634 1508 1672 eluceat.

182 1701 288 1738 Vale.

225 1851 290 1887 VI
422 1856 489 1888 Ssr.
513 1857 641 1888 Romae
656 1859 740 1889 intcr
753 1869 797 1889 ex.
820 1869 866 1890 m.
888 1858 988 1889 Mart.
1010 1862 1039 1889 et
1054 1858 1102 1889 vii
1115 1857 1163 1889 ld.
1184 1858 1216 1888 A
1218 1863 1270 1899 pr.

744 1924 774 1945 a.
795 1924 847 1953 711
870 1916 946 1953 ³4,st
1058 1932 1061 1935 -
1168 1916 1176 1926 ³
1534 1932 1574 1964 ²5

632 1997 806 2028 CICERO
831 1997 998 2028 CASSIO
1024 1997 1057 2029 S.

145 2085 160 2112 1
237 2074 315 2123 Qui
349 2082 470 2112 status
503 2088 629 2113 rerum
656 2075 768 2114 fuerit
798 2085 879 2114 tum
903 2089 993 2114 cum
1022 2077 1092 2114 has
1123 2075 1268 2114 litteras
1298 2073 1390 2112 dedi
1417 2072 1514 2111 scire

184 2139 326 2189 poteris
353 2153 398 2177 ex
421 2141 463 2179 C.
488 2140 595 2178 Titio
626 2141 829 2188 Strabone,
853 2140 935 2179 viro
963 2141 1070 2179 bono
1098 2148 1136 2179 et
1163 2139 1311 2189 optime
1338 2140 1389 2177 de
1416 2152 1510 2193 rep.

182 2204 398 2251 sentiente3
440 2218 530 2243 nam
566 2205 662 2255 quid
697 2206 826 2244 dicam
862 2205 1140 2256 ‘cupidissimo
1172 2204 1252 2251 tui,'
1285 2203 1352 2254 qui
1392 2203 1514 2241 domo

182 2279 219 2308 et
241 2269 404 2308 fortunis
426 2270 568 2308 relictis
595 2271 645 2309 ad
676 2279 713 2309 te
743 2270 990 2321 potissimum
1020 2271 1218 2321 profectus
1239 2268 1316 2306 sit?
1374 2268 1513 2317 Itaque
1534 2278 1575 2309 30

226 2385 245 2415 5
270 2375 433 2415 reliquum
453 2375 518 2407 cod.
542 2373 657 2405 Dresd.
680 2384 699 2413 3
718 2373 836 2404 Lamb.
989 2374 1009 2404 8
1034 2372 1183 2404 Cornelii
1202 2371 1276 2402 HD
1286 2371 1454 2411 genetivus
1468 2374 1515 2401 est

173 2419 292 2460 forma
305 2421 411 2456 solita,
427 2420 463 2458 cs.
487 2419 521 2450 C.
544 2419 570 2450 I.
593 2417 632 2449 L.
654 2419 700 2449 xi.
718 2423 751 2458 j).
778 2418 838 2448 ¹26
856 2420 884 2447 et
904 2416 1051 2448 Martial.
1074 2417 1119 2448 iii.
1141 2428 1170 2455 4.
1191 2427 1233 2454 4:
1257 2413 1450 2446 Cornelium
1475 2413 1516 2444 M

188 2473 225 2493 10
248 2470 457 2503 compararat
475 2462 545 2493 DN
560 2461 785 2493 Mendelssolm
801 2473 809 2492 z
833 2465 942 2500 -parat
961 2459 1058 2491 MH:
1084 2460 1236 2500 -parabat
1255 2458 1387 2489 Ernesti
