1791 2796
133 165 242 201 XIV.
262 164 308 200 iv
630 163 685 199 M.
718 162 887 209 TVLLI
919 160 1227 198 CICERONIS

303 322 368 357 IV
570 323 640 354 Ser.
659 323 702 354 Bt
712 323 884 364 1111d1's1‘pr.
902 323 943 354 K.
965 322 1046 354 Mai.
1065 333 1095 354 a.
1116 323 1181 363 696
1201 322 1282 365 (58).

294 414 490 446 TVLLIYS
517 413 551 445 S.
580 413 619 444 D.
648 412 918 443 TERENTIAE
945 412 1002 443 ET
1025 411 1227 442 TVLLIAE
1253 411 1310 442 ET
1334 411 1563 446 CICERONI

875 473 990 504 SVIS.

225 579 242 606 1
318 568 403 617 Ego
433 565 562 604 minus
593 578 709 615 saepe
739 565 792 603 do
822 565 873 603 ad
901 577 969 602 vos
998 563 1142 602 litteras
1164 576 1282 613 quam
1312 575 1486 613 possum,
1512 577 1597 614 pro-

260 640 393 683 pterea
413 632 522 682 quod
543 644 634 668 cum
651 629 785 668 omnia
800 629 896 667 mihi
913 637 1091 679 tempora
1111 636 1201 667 sunt
1222 628 1372 676 misera,
1391 636 1474 667 tum
1491 642 1594 676 vero,
1618 639 1634 670 5

260 711 352 736 cum
372 705 439 735 aut
461 695 589 735 scribo
610 696 661 734 ad
678 708 747 733 vos
768 702 834 733 aut
856 702 1001 733 vestras
1022 696 1121 744 lego,
1145 693 1332 732 conficior
1353 693 1520 732 lacrimis
1541 694 1596 733 sic

260 770 303 801 ut
337 764 434 801 serre
468 775 549 800 non
583 760 742 811 possim.
817 761 939 810 Quod
978 759 1129 798 utinam
1164 758 1294 797 minus
1327 758 1429 797 vitae
1463 758 1596 809 cupidi

260 827 470 866 fuissemus
491 830 496 865 ἵ
546 834 650 865 certe
671 825 767 864 nihil
788 833 855 863 aut
876 838 958 863 non
980 826 1147 863 multum
1168 824 1208 862 in
1228 824 1306 862 vita
1326 823 1419 862 mali
1439 823 1597 863 vidisse-

260 907 357 931 mus.
419 893 540 942 Quod
562 891 593 929 si
614 905 686 930 nos
707 892 758 929 ad
779 891 951 941 aliquam
973 890 1137 929 alicuius
1158 889 1360 929 commodi
1380 889 1595 940 aliquando

259 957 502 1008 reciperandi
548 970 658 1007 spem
702 958 858 995 fortuna
900 955 1118 1003 reservavit,
1160 955 1290 993 minus
1329 962 1386 993 est
1425 963 1593 993 erratum
1616 971 1656 994 10

258 1037 281 1062 a
301 1023 415 1062 nobis
431 1038 440 1071 5
481 1022 512 1061 si
533 1024 630 1061 haec
653 1024 753 1060 mala
775 1023 849 1060 fixa
876 1029 976 1068 sunt,
1007 1035 1079 1071 ego
1100 1034 1192 1060 vero
1212 1029 1250 1059 te
1271 1034 1389 1071 quam
1410 1020 1591 1071 primum,

260 1102 348 1127 mea
367 1088 455 1135 vita,
479 1088 596 1138 cupio
622 1087 754 1127 videre
784 1096 822 1126 et
851 1087 889 1125 in
916 1095 984 1126 tuo
1013 1088 1221 1137 complexu
1247 1086 1381 1134 emori,
1406 1086 1594 1136 quoniam

260 1168 390 1205 neque
411 1154 476 1201 dii,
507 1167 606 1204 quos
634 1161 675 1192 tu
701 1153 918 1192 castissime
947 1152 1113 1200 coluisti,
1138 1165 1268 1202 neque
1299 1151 1491 1200 homines,
1514 1152 1596 1203 qui-

262 1220 335 1258 bus
356 1233 429 1270 ego
450 1233 604 1270 semper
624 1219 773 1267 servivi,
797 1218 911 1257 nobis
933 1218 1095 1269 gratiam
1117 1219 1359 1257 rettulerunt.

218 1302 242 1329 2
316 1287 401 1324 Nos
423 1284 608 1324 Brundisi
628 1286 734 1335 apud
752 1286 807 1322 M.
827 1283 1018 1323 Laenium
1036 1285 1222 1322 Flaccum
1239 1283 1322 1322 dies
1336 1295 1414 1322 X111
1436 1283 1591 1331 fuimus,
1617 1296 1654 1327 ¹5

260 1350 385 1389 virum
420 1350 626 1401 optimum,
661 1350 727 1400 qui
759 1350 976 1401 periculum
1012 1351 1255 1387 fortunarum
1290 1357 1328 1387 et
1366 1348 1503 1400 capitis
1535 1348 1595 1387 sui

259 1428 351 1466 prae
380 1429 468 1454 mea
494 1417 618 1454 salute
649 1415 817 1466 neglexit
847 1429 976 1466 neque
1006 1414 1100 1466 legis
1128 1413 1442 1465 improbissimae
1466 1427 1594 1464 poena

259 1482 454 1519 deductus
475 1488 533 1519 est
555 1494 634 1530 quo
656 1481 785 1519 minus
806 1480 952 1531 hospiti
973 1489 1012 1520 et
1031 1480 1227 1519 amicitiae
1254 1480 1314 1519 ius
1341 1479 1593 1530 officiumque

259 1553 482 1596 praestaret.
543 1546 650 1585 Huic
683 1547 833 1584 utinam
863 1546 1078 1597 aliquando
1109 1547 1270 1597 gratiam
1303 1548 1442 1585 referre
1473 1545 1593 1596 possi-

217 1623 241 1662 3
261 1624 348 1649 mus
365 1614 371 1649 l
402 1611 635 1650 habebimus
652 1612 813 1662 quidem
828 1626 991 1663 semper.
1053 1613 1262 1652 Brundisio
1278 1612 1440 1664 profecti
1457 1624 1591 1650 sumus
1613 1623 1652 1645 20

258 1690 291 1714 a.
315 1678 352 1716 d.
377 1689 405 1714 11
430 1679 478 1715 K.
505 1677 625 1725 Mai.;
656 1692 723 1728 per
746 1679 1026 1717 Macedoniam
1050 1679 1235 1729 Cyzicum
1258 1680 1499 1730 petebamus.

314 1743 350 1781 O
379 1756 440 1781 me
467 1743 675 1793 perditum,
708 1757 732 1781 o
761 1744 991 1783 adflictum!
1042 1745 1150 1795 Quid
1180 1760 1286 1784 nunc
1320 1759 1452 1796 rogem
1483 1752 1521 1784 te
1551 1752 1592 1783 ut

259 1807 402 1855 venias,
426 1808 628 1847 mulierem
659 1823 814 1859 aegram
845 1818 883 1849 et
914 1824 1077 1862 corpore
1108 1820 1145 1851 et
1174 1813 1308 1851 animo
1338 1813 1593 1851 confectam?

259 1874 352 1911 Non
374 1875 539 1924 rogem?
586 1874 670 1913 sine
691 1882 728 1914 te
750 1876 864 1926 igitur
891 1877 994 1915 sim?
1043 1878 1206 1929 OpinQr‚
1230 1878 1284 1917 sic
1304 1892 1417 1929 agam
1435 1893 1442 1916 ι
1472 1877 1511 1916 Si
1533 1884 1590 1916 est

258 1952 346 1989 spes
376 1939 497 1978 nostri
525 1940 683 1988 reditus,
707 1956 794 1980 eam
823 1945 1031 1983 confirmes
1058 1932 1097 1984 et
1119 1959 1199 1983 rem
1224 1945 1410 1991 adiui·es;
1454 1944 1525 1992 sin,
1548 1951 1590 1982 ut
1613 1950 1651 1983 25

257 2018 330 2054 ego
358 2014 502 2052 metuo,
530 2014 768 2046 transactum
798 2017 866 2057 est,
891 2024 1053 2061 quoquo
1079 2013 1201 2049 modo
1226 2019 1338 2062 potes
1368 2012 1418 2049 ad
1446 2024 1509 2049 me
1530 2011 1590 2048 fac

256 2069 399 2108 venias.
461 2073 598 2110 Unum
621 2074 696 2111 hoc
718 2074 840 2113 scito:
883 2076 921 2114 Si
945 2086 981 2115 te
1012 2077 1179 2123 habebo,
1204 2090 1285 2115 non
1310 2076 1405 2114 mihi
1427 2076 1591 2115 videbor

257 2136 372 2185 plane
404 2136 558 2186 perisse.
619 2140 697 2177 Sed
731 2141 826 2190 quid
859 2142 1030 2180 Tulliola
1069 2156 1156 2181 mea
1188 2143 1282 2180 fiet?
1330 2143 1414 2180 Iam
1434 2141 1489 2192 ‚id
1521 2155 1589 2180 vos

304 2249 338 2270 11
355 2239 409 2288 Si]
429 2241 480 2269 sin
499 2241 535 2271 N
548 2246 615 2273 val.
756 2255 791 2284 ¹7
819 2256 898 2284 prae
917 2245 1000 2283 MD,
1019 2246 1108 2285 qnod
1128 2246 1320 2276 Tullianum
1340 2245 1442 2277 (Verr.
1461 2246 1492 2276 ii.
1511 2247 1589 2283 156:

260 2282 324 2322 Off
353 2293 398 2314 111.
417 2294 454 2322 47
470 2297 495 2315 ¹:
528 2296 588 2324 pro
612 2288 684 2317 HF
696 2289 785 2327 qnod
810 2290 1027 2320 Valim'ammz
1068 2290 1104 2328 ts.
1124 2300 1152 2321 v.
1176 2300 1205 2329 9.
1227 2291 1258 2320 15
1392 2299 1429 2320 21
1459 2299 1481 2319 11
1508 2289 1584 2320 Kal.

257 2325 412 2364 Rutilius,
431 2328 609 2367 scd-forma
628 2333 743 2369 rarior,
757 2333 792 2371 <fi
809 2333 840 2364 C.
857 2332 882 2364 I.
899 2332 939 2365 L.
955 2333 986 2365 i.'
1000 2344 1075 2374 902,
1091 2344 1156 2372 979
1171 2345 1178 2364 :
1204 2333 1286 2372 prid.
1305 2331 1448 2364 Sclziilz:
1473 2343 1495 2362 v
1510 2332 1584 2364 Kal.

257 2369 359 2408 codd„
378 2371 434 2401 vix
447 2383 467 2402 a
485 2373 575 2405 Plut.
595 2375 654 2406 Cic.
674 2387 724 2415 32.
745 2387 764 2406 2
781 2376 949 2415 defensum
1083 2386 1124 2407 22
1148 2376 1254 2418 nunc]
1272 2376 1384 2408 enim?
1405 2374 1591 2416 Wesenberg

258 2423 298 2453 25
323 2415 408 2457 rem]
427 2427 463 2447 re
482 2417 600 2452 Lamo.
621 2431 627 2451 ε
653 2419 782 2451 Romae
800 2420 889 2451 Koclz
