1791 2796
157 574 173 605 5

143 899 181 921 10

150 1553 187 1575 20

551 128 662 166 EPP.
697 129 774 166 AD
807 128 1156 167 FAMILIARES
1469 131 1587 169 VIII.
1611 129 1641 167 ii

233 268 282 303 ῙῙ
549 271 618 303 Sc».
642 271 770 303 Romae
787 283 829 303 ιιι.
850 272 926 304 Ilm.
947 283 976 303 α.
1000 282 1053 312 7ο]
1072 272 1152 313 (51).

601 349 796 381 CAELIVS
823 349 1050 381 CICERONI
1076 350 1111 381 S.

248 429 373 475 Certe,
397 427 568 478 inquam,
587 429 790 467 absolutus
811 436 870 467 est
890 428 970 479 (me
994 430 1334 479 †repraesentante
1355 443 1523 480 pronun·
1543 437 1559 465 1

195 493 331 531 tiatum
366 492 455 543 est),
485 501 522 532 et
556 492 717 543 quidem
756 493 940 532 omnibus
979 493 1182 532 ordinibus
1217 502 1256 533 et
1289 494 1449 545 singulis
1484 493 1523 531 in

195 572 274 597 uno
295 572 454 609 quoque
480 558 617 597 ordine
642 558 855 598 sententiis.
918 558 1044 598 ‘Ride
1065 560 1210 607 modo,'
1232 559 1371 610 inquis.
1432 561 1525 597 Non

196 637 258 662 me
279 625 456 662 hercules
472 638 481 670 ;
519 623 615 662 nihil
640 637 829 675 umquam
856 623 961 663 enim
993 632 1072 663 tam
1103 632 1255 675 praeter
1282 624 1523 676 opinionem,

196 697 273 727 tam
296 689 404 739 quod
437 688 633 727 videretur
659 688 844 727 omnibus
872 688 1089 740 indignum,
1111 689 1265 728 accidit.
1326 689 1434 740 Quin
1455 703 1528 740 ego

196 767 286 792 cum
321 767 391 804 pro
424 752 595 792 amicitia
633 752 870 792 validissime
902 756 1071 793 faverem
1110 753 1145 793 ei
1183 762 1222 793 et
1261 768 1324 793 me
1362 754 1438 793 iarn
1479 755 1529 793 ad

197 820 413 858 dolendum
444 832 745 869 praeparassem,
778 826 988 870 postquam
1019 821 1164 858 factum
1194 827 1266 868 est,
1290 820 1463 871 obstipui
1493 827 1530 858 et

201 884 295 923 mihi
316 883 419 923 visus
441 898 527 923 sum
549 892 685 935 captus
707 898 802 924 esse.
853 885 962 935 Quid
982 885 1078 925 alios
1099 887 1243 936 putas?
1282 885 1531 926 Clamoribus

200 950 347 989 scilicet
377 949 555 991 maximis
585 949 734 989 iudices
765 950 1035 1001 corripuerunt
1064 958 1102 989 et
1132 952 1390 990 ostenderunt
1417 953 1533 1002 plane

200 1030 284 1055 esse
314 1016 422 1066 quod
452 1014 539 1054 ferri
574 1029 653 1054 non
694 1024 836 1067 posset.
898 1018 1038 1067 Itaque
1067 1016 1222 1056 relictus
1253 1017 1326 1068 legi
1359 1016 1533 1056 Liciniae

202 1080 347 1120 maiore
372 1094 456 1119 esse
484 1079 657 1131 periculo
686 1080 848 1120 videtur.
910 1081 1087 1120 Accessit
1112 1083 1189 1120 hue
1211 1084 1319 1133 quod
1347 1082 1534 1133 postridie

202 1146 284 1185 eius
304 1145 594 1185 absolutionem
623 1145 662 1184 in
693 1147 887 1185 theatrum
910 1146 1093 1187 Curionis
1116 1147 1354 1186 Hortensius
1375 1147 1533 1195 introiit,

204 1221 310 1264 puto,
334 1221 375 1251 ut
396 1226 510 1251 suurn
531 1211 718 1263 gaudium
738 1212 1009 1263 gauderemus.
1071 1211 1151 1250 Hic
1172 1212 1242 1251 tibi

220 1278 445 1330 ‘StrepituS,
466 1277 652 1325 fremitus,
675 1278 822 1316 clamor
842 1276 1056 1315 tonitruum
1073 1278 1111 1316 et
1132 1279 1342 1317 rudentum
1364 1278 1523 1318 sibilus.’

207 1347 299 1384 Hoc
339 1344 460 1396 magis
501 1344 817 1383 animadversum
863 1352 934 1391 est,
973 1345 1081 1394 quod
1120 1343 1288 1382 intactus
1333 1344 1383 1382 ab
1423 1343 1538 1382 sibilo

206 1418 432 1463 pervenerat
455 1409 692 1449 Hortensius
719 1410 769 1448 ad
797 1417 1039 1449 senectutem
1058 1424 1067 1458 3
1106 1410 1176 1449 sed
1203 1417 1286 1448 turn
1315 1418 1394 1448 tam
1423 1411 1538 1457 bene,

206 1485 247 1515 ut
268 1477 307 1515 in
329 1484 451 1515 totam
471 1475 591 1515 vitam
618 1474 771 1526 quoivis
798 1474 889 1514 satis
919 1482 1021 1514 esset
1048 1482 1086 1514 et
1112 1474 1327 1526 paeniteret
1348 1489 1438 1514 eum
1460 1475 1535 1513 iam

206 1542 354 1581 vicisse.

263 1613 324 1649 De
353 1625 393 1650 re
422 1624 458 1661 p.
488 1610 596 1661 quod
627 1608 696 1648 tibi
726 1607 893 1647 scribam
924 1606 1019 1646 nihil
1049 1606 1189 1646 habeo.
1264 1605 1441 1645 Marcelli
1471 1605 1539 1644 im-

208 1684 321 1727 petus
351 1677 577 1716 resederunt
605 1688 685 1714 non
712 1673 850 1713 inertia
881 1673 964 1721 sed,
991 1680 1033 1711 ut
1060 1671 1156 1710 mihi
1184 1671 1429 1719 videbantur,
1450 1684 1541 1710 con-

209 1741 305 1780 silio.
368 1743 428 1780 De
449 1739 618 1780 c'omitiis
638 1738 910 1778 consularibus
937 1735 1194 1776 incertissima
1214 1743 1272 1775 est
1292 1735 1537 1774 existimatio.

212 1809 297 1857 Ego
326 1806 446 1848 incidi
476 1806 515 1845 in
545 1804 844 1856 competitorem
867 1802 1041 1842 nobilem
1066 1809 1104 1841 et
1133 1800 1309 1840 nobilem
1335 1808 1542 1852 agentenr:

211 1886 302 1911 nam
335 1875 389 1911 M.
414 1871 601 1912 Octavius
629 1873 700 1911 Cn.
732 1872 754 1908 f.
785 1878 822 1909 et
847 1870 891 1909 C.
924 1868 1064 1907 Hirrus
1096 1880 1251 1906 mecum
1281 1866 1388 1918 petit.
1450 1868 1542 1904 Hoc

212 1938 302 1977 ideo
332 1937 480 1988 scripsi,
507 1937 616 1988 quod
643 1935 724 1975 scio
750 1943 786 1974 te
816 1933 953 1973 acriter
983 1939 1140 1984 propter
1166 1931 1328 1970 Hirrum
1359 1930 1541 1970 nuntium

212 2011 433 2043 nostrorum
455 2002 703 2042 comitiorum
725 2007 1050 2052 exspectaturum.
1109 1999 1172 2036 Tu
1200 2005 1331 2036 tamen
1361 1996 1476 2035 simul
1497 2010 1543 2035 ac

256 2119 275 2148 3
301 2118 353 2139 me
380 2108 413 2138 in
441 2118 477 2138 re
502 2111 683 2147 praesente
713 2106 878 2138 G1·onov.:
923 2115 975 2137 me
1009 2107 1190 2145 praesente
1230 2101 1398 2133 Rutilius:
1435 2112 1543 2133 meme

215 2157 394 2192 praesente
412 2151 659 2183 Mcndclssolm:
687 2161 739 2182 me
756 2150 787 2181 in
807 2160 842 2182 re
860 2155 1041 2189 praesente
1061 2149 1217 2180 adstante
1234 2147 1352 2178 conieci
1430 2157 1447 2183 4
1473 2146 1542 2185 qui<

215 2197 291 2227 dem
308 2196 350 2226 ab
367 2195 522 2226 omnibus
545 2194 733 2236 chscnbcrg
827 2203 846 2233 5
873 2194 961 2225 Ride
983 2191 1189 2233 llbsenbetg:
1215 2190 1291 2222 vide
1312 2189 1400 2222 codd.
1505 2200 1543 2219 12

215 2239 281 2279 legi
301 2239 452 2270 Liciniae
471 2243 542 2270 velt.
556 2250 621 2270 :we
640 2250 673 2269 -a
690 2237 789 2277 codd„
810 2238 901 2278 quod
910 2238 1055 2277 jodasse
1078 2237 1206 2266 retinere
1216 2236 1336 2276 poteris
1351 2235 1474 2275 sipost
1493 2244 1542 2264 re-

216 2282 314 2314 lictus
339 2294 467 2314 comma
486 2282 636 2323 posueris
794 2292 829 2320 13
854 2281 886 2312 in
912 2281 1037 2312 maiore
1055 2280 1167 2310 Baiter
1322 2279 1360 2308 18
1386 2282 1454 2309 tum
1476 2282 1540 2308 tam

214 2326 363 2357 Bcncdict
379 2338 385 2357 :
410 2331 479 2358 tota
497 2326 586 2358 codd.
692 2336 729 2365 19
752 2325 882 2366 quoivis
901 2324 1125 2356 Mendelssolm
1142 2336 1148 2353 :
1174 2323 1293 2362 quovis
1310 2321 1398 2353 codd.
1501 2330 1538 2351 21

215 2371 303 2408 quod
327 2369 531 2411 Wesenbeaeg:
558 2371 637 2410 quid
656 2370 743 2401 codd.
880 2380 919 2399 22
946 2369 1120 2399 xidebatur
1139 2367 1240 2398 Orelli
1357 2374 1397 2405 25
1423 2368 1542 2405 petunt

221 2413 406 2454 Wcsenbetg

1558 1613 1581 1639 k)
