1791 2796
91 141 185 178 VII.
210 139 286 177 xix
612 137 668 175 M.
701 137 867 174 TVLLI
902 135 1209 175 CICERONIS

289 265 410 308 XIX
608 274 676 306 Ser.
698 274 816 315 Regiv
833 273 875 305 K.
895 272 982 306 Sext.
1006 284 1036 304 ιι.
1060 282 1116 312 710
1134 271 1224 314 (44).

660 351 835 383 CICERO
860 350 1102 382 TREBATIO
1126 350 1162 382 S.

301 431 405 471 Vide
437 429 574 482 quanti
608 430 716 481 apud
755 443 818 468 me
858 428 909 467 sis
927 444 936 477 3
980 427 1052 468 etsi
1084 428 1166 467 iure
1201 427 1241 468 id
1273 426 1461 479 quidem;
1500 441 1580 468 non

248 496 354 537 enim
387 505 424 536 te
458 510 592 535 amore
619 495 745 534 vinco.
806 496 955 534 Verum
986 502 1118 533 tamen
1149 495 1258 545 quod
1286 493 1482 545 praesenti
1511 493 1583 533 tibi

249 577 371 615 prope
401 562 672 613 subnegaram,
703 573 784 599 non
812 559 1024 599 tribueram
1049 567 1154 598 certe
1184 559 1225 599 id
1254 559 1409 598 absenti
1438 559 1583 598 debere
1602 568 1620 601 5

250 643 329 668 non
357 628 479 680 potui.
541 629 682 679 Itaque
703 634 745 665 ut
766 625 935 677 primum
957 625 1071 665 Velia
1091 625 1272 676 navigare
1291 624 1417 676 coepi,
1435 623 1584 663 institui

249 694 403 746 Topica
437 693 674 733 Aristotelea
707 691 956 732 conscribere
988 692 1038 730 ab
1070 690 1155 742 ipsa
1185 692 1283 730 urbe
1317 689 1584 730 commonitus

248 759 520 798 amantissima
553 758 619 798 tui.
681 759 785 796 Eum
817 757 961 796 librum
993 756 1063 796 tibi
1098 756 1185 795 misi
1221 756 1358 807 Regio,
1395 755 1584 806 scriptum

250 839 370 876 quam
405 824 632 876 planissime
662 837 721 862 res
751 822 816 861 illa
845 822 962 861 scribi
991 821 1129 873 potuit.
1189 821 1258 861 Sin
1287 820 1358 860 tibi
1388 821 1583 871 quaedam

250 890 490 930 videbuntur
521 888 758 936 obscuriora,
792 888 963 938 cogitare
994 887 1160 927 debebis
1191 888 1341 926 nullam
1372 894 1494 925 artem
1529 885 1586 924 lit-
1608 897 1646 919 ¹0

252 955 341 995 teris
381 955 464 994 sine
503 955 714 1006 interprete
753 961 791 992 et
831 953 914 992 sine
953 952 1085 1003 aliqua
1123 951 1399 991 exercitatione
1438 950 1586 1002 percipi

251 1035 377 1073 posse.
438 1022 532 1060 Non
553 1022 670 1071 longe
695 1018 836 1058 abieris
852 1033 861 1067 ;
891 1032 986 1057 num
1008 1017 1066 1056 ius
1089 1016 1200 1056 civile
1221 1024 1393 1056 vestrum
1413 1030 1460 1054 ex
1480 1015 1587 1054 libris

251 1086 437 1138 cognosci
476 1087 635 1137 potest?
678 1084 745 1136 qui
777 1097 1019 1135 quamquam
1054 1082 1211 1133 plurimi
1245 1090 1346 1130 sunt,
1384 1083 1586 1121 doctorem

253 1160 386 1191 tamen
431 1164 628 1202 usumque
666 1149 902 1190 desiderant.
981 1150 1235 1200 Quamquam
1278 1155 1330 1195 tu,
1372 1147 1404 1185 si
1441 1153 1590 1186 attente

252 1220 369 1270 leges,
387 1217 418 1256 si
433 1216 600 1268 saepius,
618 1229 687 1267 per
707 1222 745 1254 te
766 1215 900 1255 omnia
921 1228 1164 1265 consequere
1181 1222 1223 1253 ut
1239 1221 1343 1253 certe
1363 1212 1565 1264 intellegas
1580 1226 1590 1261 3
1612 1222 1649 1255 15

254 1291 297 1322 ut
326 1298 417 1323 vero
444 1283 563 1322 etiam
591 1281 664 1333 ipsi
690 1281 761 1320 tibi
789 1281 865 1320 loci
894 1280 1096 1331 proposita
1122 1279 1354 1331 quaestione
1385 1285 1591 1319 occurrant

255 1348 534 1388 exercitatione
564 1360 831 1397 consequere3
871 1346 911 1384 in
943 1359 1022 1397 qua
1051 1345 1214 1397 quidem
1246 1359 1319 1385 nos
1349 1352 1387 1384 te
1418 1343 1592 1384 contine-

255 1415 396 1461 bimus,
429 1413 460 1452 si
499 1421 538 1452 et
576 1412 671 1451 salvi
706 1411 936 1452 redierimus
975 1419 1014 1451 et
1052 1412 1159 1451 salva
1191 1410 1265 1451 ista
1297 1409 1588 1451 offenderimus.

255 1493 279 1518 v
302 1482 350 1518 K.
375 1478 505 1519 Sextil.
531 1478 668 1530 Regio.

301 1631 387 1667 XX
587 1633 655 1665 διν.
682 1632 788 1665 Veliae
801 1633 859 1663 x1't‘1'
874 1631 915 1664 K.
937 1631 1025 1664 Sext.
1047 1642 1075 1663 a.
1100 1641 1157 1672 710
1176 1632 1262 1674 (44).
1615 1643 1654 1665 20

675 1710 852 1742 CICERO
876 1710 1116 1741 TREBATIO
1142 1710 1176 1742 S.

226 1800 242 1828 1
316 1790 534 1829 Amabilior
570 1789 665 1827 mihi
698 1789 811 1828 Velia
843 1789 924 1836 suit,
958 1790 1066 1839 quod
1097 1796 1135 1827 te
1167 1788 1217 1827 ab
1249 1802 1294 1827 ea
1325 1786 1427 1826 sensi
1460 1786 1590 1825 amari.

259 1858 338 1895 Sed
373 1856 469 1906 quid
504 1869 577 1905 ego
611 1855 741 1894 dicam
778 1857 861 1903 ‘tc‚'
894 1869 1012 1905 quem
1046 1854 1133 1905 quis
1167 1868 1247 1893 non
1282 1855 1417 1892 amat?
1475 1853 1593 1891 Rusio

261 1920 414 1960 medius
455 1921 570 1960 lidius
610 1929 699 1959 tuus
740 1921 793 1960 ita
832 1920 1128 1960 desiderabatur
1162 1907 1203 1958 ut
1239 1918 1268 1957 si
1305 1926 1406 1957 esset
1438 1932 1538 1956 unus
1573 1934 1594 1956 e

260 1986 385 2025 nobis.
446 1988 524 2025 Sed
555 1995 591 2025 te
617 2001 689 2037 ego
721 2001 800 2025 non
830 1987 1076 2037 reprehendo
1108 1985 1172 2035 qui
1206 1984 1314 2022 illum
1342 1985 1392 2023 ad
1416 1983 1594 2022 aedifica·
1616 1996 1651 2026 25

261 2051 407 2090 tionem
441 2059 547 2089 tuam
582 2053 806 2091 traduxeris.
870 2053 1123 2102 Quamquam
1155 2049 1259 2088 enim
1288 2048 1402 2087 Velia
1429 2062 1508 2087 non
1536 2056 1595 2086 est

261 2116 371 2155 vilior
392 2131 509 2166 quam
535 2119 736 2168 Lupercal,
763 2125 893 2155 tamen
921 2117 1019 2155 istuc
1045 2117 1149 2154 malo
1177 2128 1295 2165 quam
1326 2115 1424 2152 hacc
1448 2113 1590 2152 onmia.

261 2182 324 2220 Tu
355 2181 386 2220 si
419 2196 481 2221 me
513 2183 661 2229 audies,
695 2196 813 2232 quem
855 2183 967 2228 soles,
1005 2182 1074 2219 has
1109 2188 1289 2231 paternas
1325 2178 1593 2229 possessiones

306 2297 326 2326 3
351 2287 437 2318 Vide
457 2287 514 2318 M:
540 2286 661 2317 vidone
679 2286 761 2317 GR:
788 2286 927 2316 videsne
948 2285 1123 2315 Graevius:
1150 2284 1250 2315 viden
1271 2282 1596 2320 Mcmlelssolm,l›cnc

264 2342 283 2371 5
309 2331 544 2370 subnegaram.
568 2341 632 2361 non
654 2331 834 2361 tribueram
850 2330 935 2360 CraI.
957 2341 962 2359 :
988 2338 1102 2361 narem,
1123 2339 1188 2358 non
1210 2338 1315 2358 -erem
1335 2328 1422 2366 (-crc
1438 2327 1483 2367 R)
1503 2326 1589 2357 codd.

263 2386 285 2414 9
310 2375 506 2414 planissime
525 2375 599 2405 sict.
617 2386 622 2403 :
651 2374 847 2413 plenissime
867 2374 877 2411 (
897 2385 913 2403 a
935 2373 980 2411 lx')
998 2372 1087 2403 codd.
1167 2382 1199 2409 ¹4
1227 2381 1390 2410 usumque
1408 2370 1592 2411 Egnatius:

266 2429 436 2457 unumque
455 2418 548 2449 MR:
576 2427 780 2456 unumquem
801 2418 849 2448 G:
877 2426 1120 2455 nonnunquam
1139 2415 1256 2446 Lcmtb.
