1791 2796
149 144 218 183 IX.
239 144 315 181 xiv
637 143 692 180 M.
725 143 893 180 TVLLI
926 142 1234 181 CICERONIS

269 254 385 292 ctiam
417 252 615 304 popularis
650 261 752 292 esset
786 261 823 292 et
857 266 948 292 eum
984 254 1099 292 bonis
1134 253 1319 293 omnibus
1353 261 1437 294 tum
1466 254 1605 295 infimo

268 319 411 369 cuique
435 318 662 369 gratissima.
725 321 817 357 Hoc
842 319 872 357 si
894 319 965 358 tibi
990 321 1144 358 fortuna
1169 321 1341 370 quadam
1366 320 1602 371 contigisset,

266 386 477 434 gratularer
516 384 689 423 felicitati
728 392 843 433 tuae3
891 386 961 424 sed
1000 384 1163 435 contigit
1205 385 1476 436 magnitudine
1515 400 1604 425 cum

267 450 388 489 animi
430 458 513 489 tum
553 450 670 490 etiam
710 450 841 501 ingeni
880 458 999 501 atque
1038 451 1186 490 consili.
1248 451 1343 501 Legi
1377 452 1482 490 enim
1515 466 1605 491 con-

267 515 416 554 tionem
455 523 589 563 tuam,·
636 515 732 554 nihil
772 516 836 554 illa
875 516 1113 566 sapientius;
1157 516 1209 555 ita
1247 517 1531 567 pedetemptim
1567 526 1604 556 et
1625 532 1642 565 5

265 580 457 631 gradatim
486 589 568 620 tum
596 595 777 620 accessus
804 595 827 620 a
851 590 888 620 te
915 584 965 620 ad
993 595 1152 620 causam
1180 581 1281 629 facti,
1306 589 1389 620 tum
1416 595 1601 630 recessus,

267 655 309 685 ut
339 661 398 686 res
428 646 512 698 ipsa
542 646 806 686 maturitatem
836 647 907 686 tibi
936 647 1276 686 animadvertendi
1306 647 1484 686 omnium
1515 662 1605 687 con-

222 719 247 756 8
268 726 380 752 cessu
401 714 521 752 daret.
583 713 773 751 Liberasti
799 712 913 763 igitur
937 720 974 752 et
996 713 1133 752 urbem
1154 713 1328 764 periculo
1349 720 1386 751 et
1407 713 1603 752 civitatem

268 786 375 817 metu
401 791 530 828 neque
558 780 685 817 solum
712 779 763 817 ad
791 786 947 830 tempus
974 778 1185 816 maximam
1213 778 1420 817 utilitatem
1441 778 1603 817 attulisti

268 845 337 882 sed
368 844 485 882 etiam
518 845 568 882 ad
604 845 839 895 exemplum.
901 845 994 894 Quo
1024 845 1127 882 facto
1159 843 1383 894 intellegere
1413 845 1535 883 debes
1563 844 1602 883 in
1624 860 1665 884 10

268 917 305 948 te
337 909 505 959 positam
546 923 631 948 esse
670 923 752 948 rem
790 923 826 960 p.
862 909 1013 959 tibique
1049 922 1129 947 non
1165 910 1287 947 modo
1320 910 1499 956 tuendos,
1532 910 1602 948 sed

266 974 384 1013 etiam
413 976 612 1013 ornandos
640 988 725 1013 esse
752 974 839 1013 illos
867 974 978 1020 virm,
1006 988 1028 1013 a
1059 974 1202 1024 quibus
1230 973 1385 1012 initium
1414 974 1601 1013 libertatis

265 1041 483 1090 profectum
514 1048 581 1079 est.
643 1041 720 1079 Sed
751 1040 810 1093 his
838 1041 888 1078 de
916 1040 1032 1078 rebus
1060 1052 1191 1078 coram
1219 1041 1330 1090 plura
1357 1040 1598 1090 propediem,

265 1113 307 1143 ut
347 1118 470 1155 spero.
530 1106 593 1143 Tu
629 1105 816 1155 quoniam
849 1119 931 1143 rem
962 1119 997 1155 p.
1031 1118 1184 1155 nosque
1218 1118 1436 1152 conservas,
1469 1106 1529 1144 fac
1560 1114 1601 1144 ut

265 1169 564 1220 diligentissime
595 1178 632 1209 te
662 1170 801 1221 ipsum,
834 1170 886 1208 mi
918 1170 1136 1216 Dolabella,
1168 1169 1378 1208 custodias,
1625 1187 1661 1218 15

307 1317 391 1352 XV
549 1320 617 1351 Ser.
640 1320 770 1351 Romae
787 1332 829 1351 m.
851 1320 955 1351 intere.
973 1321 1082 1361 priore
1098 1330 1126 1351 (r.
1150 1322 1211 1360 708
1229 1321 1314 1360 (46l.

723 1397 898 1429 CICERO
925 1397 1077 1429 PAETO
1104 1397 1136 1429 S.

231 1491 246 1517 1
323 1477 489 1515 Duabus
519 1476 594 1515 tuis
625 1476 800 1527 epistulis
831 1477 1092 1527 respondebo,
1122 1475 1200 1523 uni,
1231 1490 1349 1527 quam
1377 1477 1599 1527 quadriduo

264 1549 357 1580 ante
395 1555 625 1592 acceperam
664 1555 686 1580 a
724 1543 860 1588 Zetho,
897 1542 1017 1588 alteri,
1052 1555 1171 1592 quam
1205 1543 1388 1580 attulerat
1422 1542 1598 1582 Phileros

263 1607 496 1646 tabellarius.
550 1609 608 1645 Ex
629 1607 822 1658 prioribus
843 1607 919 1654 tuis
940 1607 1075 1646 litteris
1096 1607 1266 1645 intellexi
1288 1614 1505 1657 pergratam
1526 1608 1597 1647 tibi
1621 1626 1660 1648 20

263 1686 348 1712 esse
378 1686 510 1712 curam
542 1686 670 1712 meam
702 1672 936 1711 valetudinis
971 1681 1071 1719 tuae,
1102 1686 1221 1723 quam
1251 1672 1322 1711 tibi
1352 1681 1596 1723 perspectam

261 1751 346 1777 esse
373 1739 527 1789 gaudeo
544 1754 552 1785 ;
587 1739 667 1785 scd,
696 1738 791 1776 mihi
822 1740 948 1785 crede,
976 1753 1057 1777 non
1087 1738 1260 1789 perinde,
1290 1745 1332 1776 ut
1363 1745 1420 1777 est
1449 1751 1593 1789 reapse,

262 1818 308 1842 ex
348 1804 482 1842 litteris
520 1803 739 1854 perspicere
776 1804 947 1854 potuisti.
1014 1805 1117 1842 Nam
1153 1817 1243 1842 cum
1277 1817 1299 1842 a
1335 1803 1426 1842 satis
1466 1804 1596 1842 multis

262 1870 359 1918 (non
387 1869 491 1907 enim
514 1882 675 1919 possum
702 1869 811 1908 aliter
832 1870 978 1919 dicere)
1000 1878 1038 1908 et
1059 1870 1134 1907 coli
1157 1883 1219 1907 mc
1240 1868 1395 1907 videam
1417 1877 1455 1907 et
1476 1868 1593 1919 diligi,

261 1948 379 1973 nemo
409 1943 466 1973 est
494 1934 648 1972 illorum
679 1936 856 1974 omnium
889 1936 983 1974 mihi
1012 1920 1290 1974 te'iucuiidior.
1352 1935 1455 1972 Nam
1488 1935 1595 1984 quod
1619 1951 1656 1981 25

262 2014 324 2038 me
350 2014 468 2045 amas,
493 2001 600 2050 quod
630 2001 669 2039 id
698 2010 734 2040 ct
756 2002 831 2041 iam
860 2002 1010 2052 pridem
1040 2009 1077 2040 et
1099 2008 1323 2039 constanter
1350 1999 1453 2046 facis,
1477 2007 1534 2037 est
1556 1999 1594 2037 id

260 2065 420 2114 quidem
458 2080 643 2116 magnum
679 2077 797 2118 atque
827 2069 932 2106 haud
967 2067 1049 2106 scio
1082 2080 1132 2105 an
1168 2066 1392 2112 maximum,
1425 2065 1494 2103 sed
1525 2063 1594 2102 tibi

260 2143 472 2169 commune
500 2146 588 2170 cum
619 2133 775 2179 multis;
805 2134 912 2183 quod
934 2140 974 2171 tu
1004 2132 1085 2183 ipse
1113 2140 1190 2170 tam
1218 2132 1412 2170 amandus
1439 2143 1480 2169 es
1501 2137 1594 2168 tam-

260 2209 337 2245 que
358 2196 483 2235 dulcis
510 2206 669 2248 tamque
698 2198 735 2236 in
765 2198 872 2236 omni
900 2211 1041 2248 genere
1068 2197 1273 2243 iucundus,
1298 2195 1336 2234 id
1362 2193 1594 2245 est'proprie

304 2314 323 2342 3
347 2313 421 2333 cum
442 2302 643 2333 MDII²A²z
670 2313 771 2343 quam
792 2303 838 2333 Λ1
858 2316 865 2334 :
890 2304 1032 2342 quadam
1052 2302 1126 2332 ΑΓΗ
1160 2312 1224 2332 om.
1247 2299 1319 2331 H¹=
1356 2301 1499 2340 quadam
1517 2310 1591 2331 cum

261 2346 430 2377 Andrcsen
551 2357 594 2378 20
619 2347 676 2378 tibi
695 2357 770 2377 csse
788 2345 822 2376 D
839 2359 845 2377 :
870 2347 928 2377 tibi
949 2346 1027 2376 ΜΗ
1144 2355 1182 2375 21
1210 2355 1322 2376 curam
1342 2368 1348 2375 .
1369 2367 1376 2374 .
1394 2368 1401 2374 .
1423 2344 1479 2374 tibi
1498 2342 1590 2374 HD:

260 2401 325 2421 om.
343 2391 382 2420 Μ
397 2403 403 2421 2
416 2394 492 2431 post
507 2395 583 2421 tuac
601 2390 675 2421 add.
694 2390 779 2421 Crat.
801 2394 828 2420 r!
844 2389 961 2421 Lamh.
977 2400 1015 2420 cx
1030 2389 1186 2420 codicibus
1203 2387 1397 2428 quibusdam
1416 2391 1452 2418 ut
1468 2386 1594 2417 videtur

261 2434 476 2473 animumque
495 2445 573 2473 erga
591 2439 624 2465 te
642 2443 751 2465 meum
773 2436 859 2474 (lum
878 2436 990 2475 quem)
1082 2436 1294 2473 perspectam
1313 2430 1406 2462 HD:
1431 2436 1514 2461 -tum
1532 2429 1573 2460 M
