1791 2796
150 856 189 878 10

148 1625 186 1646 20

574 140 685 177 EPP.
718 140 795 175 AD
827 139 1174 175 FAMILIARES
1488 138 1539 175 II.
1559 137 1605 174 ix

371 258 378 269 ⁵
396 237 632 290 Incredibile
653 250 729 288 hoc
750 250 853 287 factu
875 248 1043 287 obicitur
1059 250 1066 265 '
1084 263 1091 293 ;

206 323 365 365 repente
386 329 477 354 vero
501 313 663 353 ‘incessi
684 313 869 353 omnibus
890 313 1044 352 laetitiis
1073 314 1220 352 laetus.’
1280 315 1325 351 In
1348 317 1538 363 quocum

207 380 439 431 obiurgarer,
473 381 582 430 quod
617 378 738 418 nimio
777 379 922 429 gaudio
960 392 1086 429 paene
1125 378 1356 429 desiperem,
1391 378 1443 417 ita
1478 393 1540 417 me

207 447 469 485 defendebam
488 461 494 484 :

371 499 478 562 ‘ligo
499 513 739 562 voluptatem
763 509 882 549 zinimi
905 509 1065 548 nimiam
1088 535 1149 548 —-.

208 578 317 626 Quid
351 578 536 628 quaeris?
583 579 678 616 dum
719 577 827 615 illum
863 576 984 623 rideo,
1020 590 1146 626 paene
1182 589 1267 614 sum
1304 577 1427 614 factus
1463 575 1536 613 ille.

207 645 285 682 Sed
315 645 412 682 haec
442 643 618 694 pluribus
648 644 850 692 multaque
879 642 955 680 alia
981 650 1019 680 et
1046 643 1096 680 de
1124 650 1161 680 te
1192 650 1229 680 et
1258 642 1309 680 ad
1339 649 1387 687 te,
1417 655 1537 691 quom
1560 650 1583 685 3

208 709 376 759 primum
407 722 473 748 ero
500 707 649 758 aliquid
677 715 813 746 nactus
844 707 909 746 oti.
969 709 1028 745 Te
1052 721 1155 753 vero,
1186 706 1239 744 mi
1268 708 1381 753 Rufe,
1406 706 1537 755 diligo,

207 788 325 824 quem
361 773 457 812 mihi
491 775 646 812 fortuna
683 773 794 812 dedit
826 772 1150 822 amplificatorem
1185 771 1384 822 dignitatis
1415 785 1537 818 meae,

207 841 373 878 ultorem
404 853 484 878 non
515 840 637 878 modo
662 838 909 876 inimicorum
943 839 1012 877 sed
1040 837 1157 876 etiarn
1184 826 1408 876 invidorum
1436 850 1541 875 meo-

207 919 302 951 rum,
326 912 367 942 ut
395 918 462 942 eos
489 903 629 954 partim
659 904 851 942 scelerum
881 916 1053 950 suorum,
1076 902 1216 953 partim
1242 902 1358 941 etiam
1380 901 1540 952 ineptia-

206 983 291 1008 rum
312 969 538 1020 paeniteret.

1156 512 1162 526 7

249 1126 291 1161 X
376 1129 446 1162 Ser.
465 1130 498 1160 r'n
516 1130 628 1161 castris
644 1129 691 1161 ad
704 1128 938 1161 Pindenisstmt
956 1140 984 1160 a.
1007 1129 1035 1160 d.
1056 1129 1125 1160 xvii
1138 1129 1180 1161 K.
1202 1129 1365 1160 Decembr.

766 1195 795 1215 a.
819 1194 873 1224 705
893 1198 895 1211 ‹
908 1185 974 1223 51).

295 1262 338 1293 M.
368 1262 542 1293 CICERO
570 1262 660 1293 IMP.
687 1262 721 1294 S.
753 1263 792 1292 D.
825 1262 867 1292 M.
894 1261 1066 1292 CAELIO
1091 1261 1252 1292 AEDILI
1280 1261 1449 1292 CVRVLI

732 1322 1010 1354 DESIGNATO.

259 1414 320 1450 Tu
343 1412 442 1459 vide,
465 1426 583 1462 quam
604 1414 655 1451 ad
677 1426 738 1451 me
760 1412 908 1451 litterae
930 1426 1009 1450 non
1032 1413 1272 1462 perferantur
1292 1426 1298 1452 ς
1328 1424 1407 1450 11011
1430 1410 1534 1450 enim
1555 1419 1572 1446 1

206 1491 364 1526 possum
400 1477 544 1516 adduci
573 1485 614 1515 ut
648 1478 717 1515 abs
750 1485 798 1524 te,
833 1486 969 1527 postea
1003 1491 1122 1527 quam
1150 1476 1288 1516 aedilis
1323 1491 1363 1515 es
1398 1478 1532 1523 factus,

206 1543 330 1580 nullas
361 1550 495 1592 putem
523 1544 644 1589 datas,
675 1542 899 1592 praesertim
931 1556 1019 1581 cum
1047 1551 1148 1582 esset
1179 1550 1286 1581 tanta
1316 1556 1374 1581 res
1406 1550 1536 1580 tantae

204 1607 482 1657 gratulationis,
511 1608 559 1645 de
588 1616 635 1654 te,
660 1608 752 1657 quia
779 1610 886 1658 quod
915 1609 1132 1658 sperabam,
1159 1609 1209 1646 de
1238 1607 1350 1646 Hillo
1379 1608 1536 1657 (balbus

204 1672 308 1710 enim
334 1673 449 1722 sum),
473 1674 581 1722 quod
612 1687 691 1711 non
722 1681 910 1723 putaram.
971 1673 1092 1723 Atqui
1123 1673 1177 1711 sio
1208 1673 1364 1720 habeto,
1388 1675 1534 1711 nullam

205 1751 267 1775 me
298 1737 503 1788 epistulam
538 1738 737 1788 accepisse
772 1747 878 1777 tuam
911 1747 1000 1788 post
1033 1738 1192 1777 comitia
1223 1738 1295 1776 ista
1327 1740 1533 1788 praeclara,

205 1817 304 1852 quae
327 1817 389 1841 me
411 1803 555 1841 laetitia
576 1805 795 1841 extulerunt
814 1818 822 1851 3
852 1818 898 1841 cx
920 1818 998 1853 quo
1019 1817 1153 1842 vereor
1182 1817 1230 1841 ne
1255 1802 1359 1841 idem
1382 1803 1535 1841 eveniat

205 1867 243 1905 in
275 1882 381 1906 meas
412 1868 567 1906 litteras.
628 1869 825 1919 Equidem
859 1883 1074 1918 numquam
1105 1870 1268 1907 domum
1301 1868 1386 1907 misi
1415 1883 1533 1907 unam

168 1951 182 1981 g
206 1933 411 1982 epistulam
433 1934 527 1983 quin
550 1942 650 1972 essct
674 1936 725 1973 ad
753 1942 789 1972 te
813 1936 942 1981 altera,
967 1948 1039 1972 nec
1061 1933 1155 1971 mihi
1180 1942 1238 1972 est
1264 1942 1300 1972 te
1325 1933 1534 1973 iucundius

205 1998 416 2049 quicquam
458 2014 530 2038 nec
569 1999 704 2038 carius.
775 2001 854 2039 Sed
889 2000 1012 2048 <balbi
1052 2014 1131 2039 non
1171 2000 1323 2049 sumus)
1363 2001 1413 2038 ad
1453 2014 1532 2039 rem

204 2066 420 2104 redeamus.

253 2180 262 2198 1
293 2170 377 2200 sactu
396 2168 470 2199 Mm
488 2181 493 2200 :
522 2170 609 2201 sacto
630 2171 751 2212 GRgr:
781 2171 902 2201 factum
924 2169 1155 2208 Rt'bbt'cksort.
1173 2173 1247 2199 recle
1367 2180 1386 2198 2
1412 2169 1532 2198 incessi

206 2213 340 2251 quidam
373 2224 411 2243 cx
434 2225 526 2244 vcrsu
558 2214 740 2253 c.i'cltae(l1171l‚
771 2216 857 2245 vclm‘
890 2214 1079 2254 chscnbctjg
1264 2212 1398 2243 laetitiis
1425 2212 1533 2242 lactus

205 2257 450 2297 AlarovttlLHg
470 2269 476 2288 :
502 2258 636 2288 laetitiis
650 2259 735 2288 codd.
752 2270 757 2288 :
784 2259 890 2289 lactus
905 2258 990 2288 codd.
1005 2260 1027 2292 β
1118 2268 1136 2296 5
1161 2257 1262 2287 animi
1282 2256 1353 2286 lf'z'ct.
1374 2268 1380 2286 :
1405 2255 1531 2285 homini

205 2299 307 2333 codd..
333 2300 420 2331 codd.
445 2304 468 2335 β
603 2312 618 2340 7
643 2313 744 2341 quom
770 2301 1016 2332 Mcndclssolm:
1045 2312 1143 2340 quam
1169 2300 1279 2331 radd:
1308 2309 1381 2329 cum
1405 2299 1490 2328 codd.
1511 2300 1533 2331 β

205 2354 246 2373 ¹20
273 2343 363 2374 Hillo
389 2344 504 2375 Mam:
541 2345 643 2375 nihilo
669 2346 757 2376 codd.
921 2356 956 2375 21
986 2345 1092 2385 quod]
1122 2344 1199 2383 quia
1226 2343 1314 2381 quod
1347 2342 1536 2382 chscnbcrg

205 2386 307 2426 Atqui
327 2388 411 2428 vulg.
429 2399 435 2419 z
461 2393 562 2427 atque
580 2389 667 2420 codd.
801 2400 838 2426 24
867 2390 898 2419 111
917 2389 1000 2419 meis
1018 2389 1122 2419 literis
1139 2386 1385 2427 Allartyni-Lag.
