1791 2796
101 154 219 192 XIII.
239 154 347 191 xviii
617 155 672 192 M.
705 155 874 210 TVLLI
906 155 1214 195 CICERONIS

251 267 367 316 plane
396 278 471 316 ago
496 273 613 316 teque
641 264 693 304 ita
723 264 943 305 existimare
967 268 1069 315 volo,
1099 266 1419 318 quibuscumque
1449 268 1586 308 officiis

251 331 290 369 in
314 330 523 382 Epiroticis
544 331 781 381 reliquisque
808 332 923 371 rebus
951 331 1128 371 Atticum
1159 332 1423 382 obstrinxeris,
1446 332 1586 374 iisdem

252 410 314 435 me
336 396 407 436 tibi
429 396 647 448 obligatum
669 398 760 436 fore.

297 559 408 596 XIX
583 564 653 597 Ser.
672 564 810 605 Romae,
831 569 867 595 ul
884 565 1019 606 videtur,
1039 576 1070 597 a.
1092 568 1152 605 708
1170 566 1253 608 (46).

702 649 879 681 CICERO
905 650 1078 681 SERVIO
1105 651 1139 681 5.
1608 653 1625 684 5

219 745 235 771 1
309 734 411 773 Cum
435 735 591 783 Lysone
615 732 789 772 Patrensi
818 741 875 771 est
904 732 998 771 mibi
1030 733 1192 784 quidem
1220 733 1436 785 hospitium
1463 742 1586 783 vetus,

253 812 372 848 quam
403 812 476 850 ego
507 798 839 838 necessitudinem
875 806 1009 837 sancte
1041 800 1250 838 colendam
1283 808 1404 850 puto3
1444 801 1514 840 sed
1543 814 1590 839 ea

253 878 371 903 causa
402 869 457 902 est
493 864 611 903 etiam
644 878 734 903 cum
767 863 851 902 aliis
891 864 1171 915 compluribus,
1208 864 1447 904 familiaritas
1482 873 1590 904 tanta

253 931 363 969 nullo
384 944 474 968 cum
497 929 663 980 hospite,
687 937 724 968 et
751 943 796 968 ea
826 943 916 967 cum
942 929 1079 968 officiis
1101 929 1183 968 eius
1212 930 1344 969 multis
1366 938 1449 969 tum
1471 930 1587 969 etiam

253 995 541 1035 consuetudine
563 994 762 1033 cotidiana
783 995 837 1033 sic
859 1002 917 1033 est
936 1003 1062 1043 aucta,
1079 1003 1121 1033 ut
1142 995 1238 1033 nihil
1260 995 1307 1033 sit
1329 995 1588 1035 familiaritate
1615 1013 1649 1033 10

254 1069 386 1100 nostra
432 1060 693 1099 coniunctius.
774 1061 813 1098 Is
853 1074 943 1098 cum
985 1062 1138 1099 Romae
1176 1074 1326 1099 annum
1366 1074 1488 1112 prope
1537 1061 1590 1099 ita

253 1126 398 1174 fuisset,
422 1134 463 1164 ut
485 1140 641 1165 mecum
663 1125 818 1173 viveret,
842 1125 911 1164 etsi
940 1139 1094 1163 eramus
1115 1125 1153 1163 in
1176 1139 1318 1176 magna
1338 1140 1406 1176 spe
1434 1134 1471 1165 te
1492 1125 1589 1165 meis

253 1191 388 1231 litteris
409 1192 837 1241 commendationeque
868 1190 1166 1240 diligentissime
1188 1192 1380 1230 facturum
1403 1191 1454 1239 id,
1479 1193 1587 1241 quod

253 1257 388 1306 fecisti,
412 1265 454 1296 ut
475 1257 557 1296 eius
579 1271 659 1296 rem
681 1265 718 1295 et
740 1258 913 1295 fortunas
934 1255 1108 1294 absentis
1130 1264 1290 1304 tuerere,
1314 1265 1457 1303 tamen,
1480 1258 1588 1307 quod

253 1324 291 1361 in
327 1322 442 1361 unius
482 1330 676 1373 potestate
711 1330 819 1360 erant
862 1321 995 1359 omnia
1029 1329 1066 1359 et
1099 1323 1207 1371 quod
1248 1324 1352 1372 Lyso
1392 1324 1514 1371 fuerat
1549 1322 1587 1359 in
1613 1337 1647 1367 ¹5

254 1397 385 1428 nostra
399 1403 517 1427 causa
533 1388 754 1438 nostrisque
778 1386 991 1438 praesidiis,
1009 1386 1154 1426 cotidie
1175 1386 1325 1437 aliquid
1339 1387 1586 1426 timebamus.

257 1456 449 1493 Effectum
491 1461 621 1492 tamen
663 1461 719 1492 est
760 1461 798 1491 et
840 1452 961 1503 ipsius
1003 1454 1213 1503 splendore
1257 1460 1295 1491 et
1335 1461 1469 1491 nostro
1508 1452 1590 1491 reli-

254 1533 502 1570 quorumque
541 1518 741 1569 hospitum
786 1517 916 1557 studio
956 1525 998 1556 ut
1038 1518 1172 1557 onmia
1209 1532 1311 1568 quae
1344 1520 1534 1557 vellemus
1567 1532 1591 1556 a

255 1587 423 1624 Caesare
454 1584 762 1634 impetrarentur,
797 1585 905 1634 quod
936 1584 1138 1634 intelleges
1169 1599 1214 1623 ex
1244 1584 1289 1622 iis
1320 1584 1465 1631 litteris,
1493 1597 1590 1634 quas

212 1663 237 1690 2
257 1653 401 1690 Caesar
420 1652 471 1689 ad
497 1662 533 1688 te
564 1649 684 1689 dedit.
746 1651 864 1687 Nunc
886 1650 969 1688 'non
999 1651 1120 1688 modo
1150 1664 1230 1687 non
1262 1649 1495 1688 remittimus
1520 1648 1587 1687 tibi
1611 1663 1650 1684 20

253 1716 403 1767 aliquid
430 1731 476 1755 ex
501 1724 632 1755 nostra
660 1716 1008 1755 commendatione
1038 1717 1147 1766 quasi
1176 1716 1307 1767 adepti
1339 1715 1415 1754 iam
1443 1715 1587 1763 omnia,

253 1783 322 1821 sed
344 1796 392 1821 eo
413 1781 685 1820 vehementius
706 1796 728 1820 a
749 1791 786 1821 te
816 1783 1095 1822 contendimus
1122 1791 1163 1820 ut
1190 1784 1386 1832 Lysonem
1409 1782 1447 1819 in
1470 1782 1588 1820 fidem

254 1847 666 1898 necessitudinemque
716 1857 822 1888 tuam
870 1848 1058 1900 recipias;
1106 1848 1217 1887 cuius
1265 1848 1387 1887 dubia
1434 1849 1590 1886 fortuna

253 1912 427 1952 timidius
459 1922 588 1952 tecum
624 1915 837 1965 agebamus
868 1922 1126 1954 verentes-nc
1156 1913 1251 1963 quid
1281 1913 1476 1952 accideret
1506 1911 1589 1950 eius

254 1977 360 2016 modi
387 1987 427 2016 ut
454 1993 502 2017 ne
524 1987 564 2017 tu
588 1980 749 2030 quidem
780 1979 927 2019 mederi
955 1993 1119 2029 posses,·
1162 1980 1361 2029 explorata
1385 1991 1477 2016 vero
1506 1976 1588 2015 eius
1611 1986 1647 2018 ²5

252 2042 522 2082 incolumitate
545 2045 678 2083 omnia
698 2058 721 2082 a
745 2053 782 2084 te
804 2058 960 2083 summo
981 2043 1113 2083 studio
1134 2051 1171 2082 et
1199 2057 1291 2082 cura
1311 2051 1414 2093 peto.
1475 2043 1589 2091 Quae

253 2122 302 2146 ne
323 2109 474 2158 singula
497 2123 736 2158 enumerem,
761 2118 883 2148 totam
912 2108 982 2147 tibi
1008 2110 1172 2147 domum
1194 2108 1444 2154 commendo,
1468 2107 1507 2144 in
1529 2105 1588 2144 his

253 2175 546 2213 adulescentem
593 2174 715 2213 filium
762 2174 855 2221 eius,
897 2187 1015 2224 quem
1059 2175 1102 2213 C.
1146 2173 1329 2212 Maenius
1374 2172 1586 2218 Gemellus,

253 2239 374 2279 cliens
411 2254 531 2288 meus,
564 2253 654 2278 cum
695 2241 733 2277 in
769 2239 991 2278 calamitate
1023 2238 1130 2278 exsili
1166 2240 1225 2277 sui
1266 2237 1460 2276 Patrensis
1494 2235 1588 2274 civis

297 2347 316 2375 8
341 2350 393 2376 cst
420 2344 495 2375 add.
526 2343 643 2376 Lamb.
803 2344 846 2373 26
871 2353 1003 2374 summo
1033 2342 1142 2372 studio
1175 2347 1209 2372 et
1237 2352 1315 2372 cura
1344 2339 1436 2371 IJD:
1476 2339 1587 2370 studia

253 2399 385 2420 summo
403 2398 484 2419 cura
502 2387 561 2419 M:
595 2388 706 2419 studio
724 2396 856 2418 summo
873 2396 1020 2425 curaque
1044 2385 1079 2415 N
1096 2385 1212 2416 Baiter
1341 2385 1382 2414 28
1408 2383 1590 2414 Memmius

254 2436 325 2462 vett.
