1791 2796
146 158 218 198 VI.
245 161 321 197 xxi
654 161 708 199 M.
741 159 909 212 TVLLI
943 158 1249 197 CICERONIS

269 271 420 322 aliquid
452 270 658 310 videbatur
691 271 816 310 caveri
851 284 978 322 posse,
1012 278 1095 309 tum
1131 270 1170 310 id
1210 270 1361 321 neglegi
1392 271 1603 320 dolebam;

270 350 376 376 nunc
397 350 488 376 vero
509 337 651 376 eversis
672 336 857 376 omnibus
882 338 1008 383 rebus,
1032 350 1122 375 cum
1151 336 1316 375 consilio
1345 336 1481 387 profici
1506 336 1602 375 nihil

269 403 402 453 possit,
426 417 504 442 una
530 403 628 442 ratio
654 403 818 451 videtur,
847 403 1036 454 quicquid
1063 402 1245 449 evenerit,
1272 404 1369 441 ferre
1388 403 1600 450 moderate,

270 469 496 520 praesertim
522 483 610 508 cum
638 469 816 508 omnium
845 483 972 508 rerum
999 482 1103 507 mors
1133 469 1181 507 sit
1210 476 1426 507 extremum
1448 476 1486 507 et
1507 468 1603 507 mihi

271 534 343 573 sim
365 535 547 574 conscius
575 549 648 582 me,
672 536 804 585 quoad
829 535 991 583 licuerit,
1013 534 1191 585 dignitati
1220 534 1273 574 rei
1297 549 1331 587 p.
1359 534 1604 575 consuluisse
1624 548 1640 579 5

270 608 308 638 et
330 602 402 639 hac
423 600 567 639 amissa
587 603 752 640 salutem
778 601 943 640 retinere
963 601 1142 640 voluisse.

227 678 251 706 2
327 669 441 706 Haec
472 667 617 718 scripsi,
642 681 721 706 non
748 675 789 705 ut
814 669 864 706 de
889 681 952 706 me
977 667 1060 718 ipse
1084 667 1268 716 dicerem,
1291 669 1360 707 sed
1388 675 1429 706 ut
1454 675 1506 715 tu,
1535 667 1603 718 qui

271 732 594 771 coniunctissima
641 732 746 771 suisti
795 746 950 771 mecum
996 741 1034 772 et
1077 732 1270 772 sententia
1311 741 1349 772 et
1387 734 1601 779 voluntate,

271 799 410 837 eadem
443 797 641 847 cogitares.
705 799 852 847 Magna
882 798 987 837 enim
1023 798 1241 837 consolatio
1271 806 1328 837 est
1357 811 1448 836 cum
1480 810 1603 836 recor-

270 865 373 910 dare,
407 863 558 901 etiamsi
589 877 701 901 secus
732 863 927 910 acciderit,
962 872 999 903 te
1029 871 1159 902 tamen
1190 872 1293 902 recte
1324 876 1492 914 vereque
1519 876 1602 901 sen·
1623 875 1663 898 10

270 929 375 968 sisse.
436 932 568 979 Atque
604 929 753 967 utinam
789 930 902 968 liceat
935 930 1150 980 aliquando
1181 930 1314 980 aliquo
1346 929 1398 968 rei
1430 943 1465 980 p.
1500 936 1601 967 statu

270 1008 343 1033 nos
378 994 449 1032 frui
486 994 584 1033 inter
614 1008 766 1045 nosque
796 996 971 1033 conferre
1001 994 1285 1033 sollicitudines
1315 1003 1475 1040 nostum,
1505 1007 1603 1044 quas

270 1060 501 1111 pertulimus
529 1068 610 1099 tum
633 1074 724 1099 cum
753 1060 879 1099 timidi
904 1062 1148 1111 putabamur,
1179 1061 1271 1111 quia
1297 1061 1528 1100 dicebamus
1557 1074 1604 1099 ea

270 1127 398 1165 futura
418 1140 518 1177 quae
539 1128 640 1165 facta
661 1135 760 1165 sunt.

226 1200 251 1238 3
328 1195 388 1231 De
418 1192 493 1231 tuis
521 1193 636 1231 rebus
666 1192 763 1230 nihil
793 1207 878 1232 esse
910 1195 1017 1243 quod
1050 1193 1187 1232 timeas
1218 1201 1369 1244 praeter
1400 1192 1602 1232 universae
1625 1203 1661 1234 ¹5

270 1259 321 1298 rei
344 1273 379 1310 p.
396 1257 595 1298 interitum
613 1258 683 1297 tibi
700 1260 917 1307 confirmo;
951 1261 1077 1298 deme
1093 1268 1224 1298 autem
1242 1259 1296 1298 sic
1310 1258 1425 1298 velim
1440 1259 1600 1306 iudices,

270 1332 460 1374 quantum
497 1338 570 1374 ego
604 1324 762 1374 possim,
801 1338 864 1363 me
896 1324 978 1371 tibi,
1010 1324 1123 1363 saluti
1159 1333 1248 1363 tuae
1283 1324 1493 1378 liberisque
1527 1324 1602 1363 tuis

269 1403 426 1429 summo
447 1403 537 1428 cum
559 1389 690 1428 studio
711 1399 866 1440 praesto
887 1404 1040 1441 semper
1060 1392 1242 1429 futurum.
1303 1392 1410 1429 Vale.

313 1535 449 1572 XXII
620 1539 689 1571 Ser.
712 1539 840 1570 Romae
856 1550 899 1570 m.
922 1539 1013 1570 Maso
1030 1551 1059 1570 a.
1085 1542 1144 1579 7018¹
1166 1541 1248 1580 46.

726 1618 902 1655 CICERO
931 1618 1142 1650 DOMITIO.
1621 1632 1663 1654 20

234 1710 251 1737 1
325 1699 417 1736 Non
454 1712 499 1737 ea
530 1711 590 1737 res
625 1712 688 1737 me
727 1698 913 1737 deterruit
948 1713 1028 1749 quo
1063 1699 1203 1747 minus,
1240 1706 1376 1750 postea
1409 1712 1527 1750 quam
1560 1699 1599 1737 in

271 1763 423 1801 Italiam
460 1763 610 1811 venisti,
646 1764 790 1802 litteras
828 1765 879 1802 ad
919 1772 955 1802 te
996 1764 1200 1810 mitterem,
1237 1766 1345 1815 quod
1380 1773 1421 1803 tu
1455 1766 1505 1803 ad
1538 1779 1601 1804 me

269 1830 395 1867 nullas
417 1829 587 1877 miseras
611 1831 680 1868 sed
705 1829 797 1880 quia
817 1844 890 1868 nec
917 1829 1013 1880 quid
1040 1830 1110 1869 tibi
1136 1830 1338 1881 pollicerer
1369 1830 1451 1881 ipse
1482 1844 1600 1882 egens

268 1894 383 1932 rebus
411 1895 596 1934 omnibus
623 1909 695 1934 nec
723 1895 818 1945 quid
844 1897 1064 1942 suaderem,
1091 1910 1179 1934 cum
1207 1895 1385 1934 mihimet
1410 1896 1482 1946 ipsi
1509 1910 1599 1935 con-

267 1960 396 1998 silium
435 1963 575 2007 desset,
613 1975 685 2000 nec
719 1961 815 2011 quid
854 1962 1135 2000 consolationis
1173 1963 1362 2000 adferrem
1403 1962 1442 1999 in
1481 1961 1598 2000 tantis
1620 1976 1657 2006 25

268 2026 379 2064 malis
413 2027 664 2076 reperiebam.
728 2029 840 2065 Haec
875 2040 1114 2077 quamquam
1148 2027 1271 2065 nihilo
1310 2027 1470 2065 meliora
1507 2036 1598 2065 sunt

267 2104 372 2129 nunc
407 2091 524 2129 etiam
555 2100 673 2141 atque
700 2091 816 2130 etiam
852 2094 976 2130 multo
1003 2093 1278 2142 desperatiora,
1308 2101 1438 2131 tamen
1472 2092 1598 2130 inanis

265 2169 350 2195 csse
372 2170 478 2194 meas
500 2156 644 2194 litteras
665 2170 783 2206 quarn
807 2158 932 2195 nullas
955 2158 1083 2195 malui.
1434 2200 1438 2202 .

223 2233 247 2260 2
322 2223 406 2272 Ego
431 2222 460 2259 si
490 2230 527 2260 te
553 2222 815 2271 intellegerem
838 2224 925 2272 plus
947 2230 1131 2261 conatum
1154 2236 1238 2262 esse
1259 2223 1454 2273 suscipere
1484 2223 1536 2261 rei
1558 2236 1592 2273 p.

265 2300 383 2326 causa
415 2287 586 2325 muneris
621 2300 738 2337 quam
770 2296 960 2337 quantum
994 2297 1186 2337 praestare
1221 2288 1423 2338 potuisses,
1451 2296 1592 2335 tamen,
1616 2303 1659 2335 30

308 2394 329 2424 6
352 2393 476 2424 amissa
493 2396 562 2423 vett.
582 2403 587 2422 :
615 2393 717 2423 missa
728 2391 816 2423 codd.
892 2392 1042 2424 noluisse
1061 2404 1168 2433 marg.
1186 2392 1273 2424 Crat.
1367 2403 1388 2431 9
1413 2393 1596 2424 recordere

266 2437 385 2468 Lamb.
480 2446 519 2475 27
540 2447 627 2467 nunc
645 2437 755 2468 etiam.
769 2442 869 2476 atque
887 2436 930 2466 ita
948 2437 1185 2478 iulet-pungunt
1201 2436 1335 2477 Sfflffirl
1347 2436 1594 2468 Mendclssolm:

268 2492 355 2511 nunc
373 2486 472 2520 atquc
493 2479 607 2511 Lanu».
627 2491 633 2510 ε
658 2491 789 2511 comma
800 2483 875 2521 post
889 2486 968 2512 sunt
981 2481 1092 2521 posuit
1109 2480 1210 2511 Orelli
