1791 2796
118 871 153 893 10

117 1524 154 1545 20

534 156 646 194 EPP.
678 156 756 194 AD
789 154 1136 193 FAMILIARES
1465 151 1494 189 Ι.
1513 150 1558 187 ix

171 267 282 319 peius
321 267 374 307 ita
412 266 682 306 contendisset
719 274 762 304 ut
801 265 898 304 nihil
937 278 1127 315 umquam
1167 263 1300 314 magis,
1333 272 1375 302 ut
1410 276 1500 315 cum

172 335 314 374 Crasso
341 332 507 372 redirem
536 331 577 371 in
605 331 780 382 gratiam,
803 332 1028 380 Caesarque
1060 344 1128 380 per
1159 329 1304 368 litteras
1332 329 1504 368 maxima

171 413 213 439 se
240 399 420 439 molestia
446 413 492 438 ex
519 398 584 437 illa
610 397 866 438 contentione
893 398 1094 436 adfectum
1123 397 1358 443 ostenderet,
1382 394 1503 434 habui

172 479 252 504 non
274 473 495 515 temporum
517 465 644 503 solum
667 463 858 502 rationem
881 476 1070 508 meorum,
1094 463 1164 500 sed
1185 461 1303 500 etiam
1328 469 1500 508 naturae,

172 532 426 581 Crassusque,
458 538 500 569 ut
530 528 641 580 quasi
671 537 811 567 testata
839 529 989 579 populo
1021 529 1206 566 Romano
1237 535 1338 565 esset
1370 535 1504 566 nostra

171 595 302 645 gratia,
335 610 459 647 paene
489 609 512 633 a
541 594 638 633 meis
669 594 813 633 laribus
845 594 885 632 in
917 593 1159 644 provinciam
1193 600 1251 632 est
1280 595 1502 643 profectum

173 674 275 708 nam,
299 675 388 699 cum
418 660 512 699 mihi
540 659 789 707 condixisset‚
814 659 968 698 cenavit
995 660 1101 708 apud
1127 658 1241 696 mein
1268 658 1343 697 mei
1371 658 1503 709 generi

173 726 417 776 Crassipedis
453 726 584 764 hortis.
646 727 777 774 Quam
810 725 862 764 ob
894 739 975 763 rem
1012 724 1094 762 eius
1127 738 1296 771 causam,
1327 725 1436 774 quod
1465 731 1504 762 te

173 790 309 830 scribis
347 791 514 838 audisse,
558 804 699 840 magna
746 789 848 828 illius
888 789 1237 828 commendatione
1280 796 1502 840 susceptam

173 856 333 895 defendi
364 856 403 894 in
434 863 584 902 senatu,
614 855 713 894 sicut
745 869 832 893 mea
862 855 960 893 fides
991 854 1226 904 postulabat.

226 921 436 972 Accepisti,
460 921 604 971 quibus
625 921 740 960 rebus
768 921 964 959 adductus
993 933 1193 970 quamque
1220 934 1302 958 rem
1330 934 1503 958 causam-

173 1001 249 1038 que
279 987 534 1034 defenderim,
567 986 714 1037 quique
746 1000 857 1025 meus
889 986 928 1023 in
963 999 1003 1024 re
1035 985 1195 1035 publica
1229 985 1276 1023 sit
1311 999 1381 1035 pro
1417 1000 1505 1024 mea

173 1060 281 1102 parte
315 1053 558 1102 capessenda
592 1059 724 1090 status.
798 1053 859 1089 De
893 1064 973 1100 quo
1008 1050 1064 1088 sic
1098 1050 1215 1088 velim
1250 1058 1407 1097 statuas,
1441 1063 1504 1088 me

173 1118 271 1156 haec
309 1118 449 1156 eadem
489 1130 694 1156 sensurum
735 1115 866 1162 fuisse,
898 1115 929 1154 si
970 1114 1065 1153 mihi
1101 1114 1249 1165 integra
1288 1115 1421 1154 omnia
1458 1129 1505 1154 ac

173 1181 295 1221 libera
325 1182 489 1221 fuissent
506 1196 516 1230 3
555 1195 645 1220 nam
678 1195 808 1231 neque
841 1181 1101 1230 pugnandum
1136 1180 1340 1218 arbitrarer
1369 1187 1506 1219 contra

174 1254 299 1286 tantas
327 1261 422 1298 opes
451 1261 580 1298 neque
606 1248 833 1294 delendum,
856 1246 973 1284 etiam
999 1246 1030 1284 si
1059 1245 1098 1284 id
1124 1245 1205 1284 fieri
1233 1253 1376 1295 posset,
1403 1259 1506 1284 sum-

174 1326 328 1351 morum
367 1312 510 1351 civium
551 1311 814 1361 principatum
855 1324 970 1360 neque
1004 1311 1317 1360 permanendum
1352 1309 1391 1348 in
1427 1324 1506 1348 una

173 1376 368 1416 sententia
388 1377 585 1416 conversis
608 1377 723 1415 rebus
751 1390 796 1414 ac
820 1376 1017 1414 bonorum
1040 1375 1307 1414 voluntatibus
1333 1374 1503 1421 mutatis,

173 1443 244 1481 sed
275 1442 517 1493 temporibus
548 1441 864 1481 adsentiendum.
927 1442 1158 1490 Numquam
1190 1439 1295 1478 enim
1327 1441 1367 1478 in
1400 1453 1506 1490 prae-

173 1507 366 1547 stantibus
387 1508 426 1547 in
448 1522 487 1546 re
512 1507 672 1558 publica
697 1507 956 1558 gubernanda
976 1506 1065 1544 viris
1094 1507 1252 1544 laudata
1278 1513 1335 1544 est
1360 1505 1399 1543 in
1428 1519 1506 1544 una

173 1573 366 1612 sententia
390 1581 578 1624 perpetua
605 1571 839 1622 permansio,
864 1572 945 1619 sed,
968 1579 1010 1609 ut
1040 1571 1080 1609 in
1110 1570 1333 1620 navigando
1360 1578 1506 1621 tempe-

173 1638 262 1677 stati
283 1638 449 1689 obsequi
466 1638 556 1677 artis
574 1646 641 1685 est,
659 1637 777 1676 etiam
795 1637 825 1675 si
842 1644 999 1688 portum
1017 1644 1149 1674 tenere
1166 1650 1246 1674 non
1263 1650 1395 1685 queas,
1414 1649 1505 1674 cum

172 1717 263 1742 vero
284 1704 325 1743 id
346 1704 471 1755 possis
493 1711 643 1742 mutata
662 1702 925 1741 velificatione
950 1701 1126 1751 adsequi,
1151 1703 1312 1739 stultum
1335 1708 1392 1739 est
1413 1715 1504 1738 eum

173 1777 305 1808 tenere
335 1783 426 1808 cum
456 1769 631 1820 periculo
661 1782 829 1815 cursum,
859 1781 977 1817 quern
1009 1766 1194 1816 coeperis,
1225 1765 1356 1816 potius
1386 1779 1504 1815 quam

115 1849 151 1870 z·-
174 1848 221 1878 eo
251 1843 494 1876 commutato
530 1840 608 1884 quo
636 1833 730 1872 velis
759 1840 891 1871 tamen
922 1831 1134 1882 pervenire,
1167 1830 1232 1878 sic,
1262 1844 1354 1869 curn
1384 1830 1505 1869 omni-

174 1901 253 1940 busv
282 1901 395 1940 nobis
434 1901 473 1940 in
513 1900 897 1940 administrandare
937 1898 1096 1949 publica
1136 1897 1381 1949 propositum
1421 1910 1506 1935 esse

172 1967 326 2014 debeat,
350 1967 390 2006 id
411 1968 520 2018 quod
540 1981 563 2005 a
583 1981 646 2005 me
675 1965 902 2016 saepissime
931 1965 1082 2004 dictum
1105 1971 1173 2011 est,
1198 1976 1287 2002 cum
1316 1962 1506 2012 dignitate

172 2031 306 2079 otium,
331 2045 411 2071 non
432 2032 539 2071 idern
567 2046 720 2083 semper
749 2031 890 2078 dicere,
914 2031 984 2069 sed
1013 2029 1120 2069 idem
1150 2042 1304 2079 semper
1331 2036 1506 2078 spectare

172 2097 374 2137 debemus.
446 2099 577 2148 Quam
608 2098 660 2137 ob
690 2111 783 2144 rem,
816 2105 858 2135 ut
888 2098 1005 2148 paulo
1036 2103 1127 2135 ante
1157 2094 1283 2145 posui,
1315 2093 1345 2131 si
1376 2101 1505 2132 essent

117 2173 130 2184 ⁴
172 2162 306 2201 omnia
344 2162 440 2201 mihi
479 2163 726 2211 solutissima,
764 2171 897 2202 tamen
935 2162 975 2201 in
1015 2176 1054 2200 re
1094 2160 1254 2212 publica
1292 2173 1371 2198 non
1407 2158 1504 2197 alius

214 2267 236 2296 6
260 2276 279 2297 a
295 2266 377 2297 meis
394 2270 462 2297 vett.
479 2277 485 2297 ι
511 2278 529 2297 a
548 2259 642 2297 mieis
661 2264 715 2298 M:
741 2266 855 2297 amicis
873 2266 905 2296 R
1041 2275 1056 2303 7
1083 2265 1170 2303 apud
1191 2273 1243 2294 me
1261 2263 1293 2293 in
1313 2261 1385 2294 ΜΤε
1415 2262 1503 2301 apud

173 2310 205 2340 in
223 2309 279 2342 M:
305 2311 396 2350 apud
413 2310 446 2339 R
461 2321 467 2339 τ
493 2309 670 2349 paludatus
688 2310 720 2340 in
740 2310 817 2340 coni.
837 2308 1064 2340 Mendelssolm
1183 2317 1193 2337 1
1205 2318 1216 2337 1
1244 2316 1410 2345 quamque
1428 2306 1464 2344 (ι’.
1478 2315 1501 2335 c.

173 2353 353 2393 singulam)
373 2353 480 2385 codd.:
506 2364 605 2392 quam
624 2353 799 2383 Lehmann
936 2363 972 2391 17
999 2362 1108 2391 neque
1130 2355 1199 2382 velt.
1219 2361 1225 2381 :
1256 2361 1319 2381 nec
1337 2349 1411 2379 M¹':
1436 2359 1502 2378 ont.

174 2395 246 2427 MR
361 2407 399 2436 19
423 2397 457 2427 in
474 2396 548 2429 add.
573 2396 760 2438 IVcscnbctg
869 2406 910 2435 24
936 2396 1089 2436 coeperis
1106 2394 1166 2426 M:
1191 2395 1325 2434 ceperis
1343 2393 1375 2423 R
1391 2392 1477 2433 vulg.
1496 2404 1502 2423 :

174 2441 339 2481 inceperis
357 2441 451 2473 Cobet

1526 926 1569 954 21
