1791 2796
144 861 201 896 u10

160 1641 198 1664 20

591 163 701 199 EPP.
735 162 811 198 AD
844 161 1189 199 FAMILIARES
1465 162 1574 200 XVI.
1595 161 1700 199 xviii

223 276 280 313 Ea
323 274 418 325 quid
457 275 626 325 postulet
665 286 744 311 non
784 272 946 323 ignoras,
988 274 1108 321 πέψιν,
1149 275 1313 318 ‹imm-lay,
1353 274 1553 324 περίπατον

221 341 442 391 σύμμετρον,
477 342 609 390 τρῖψιν,
642 340 816 378 εὐλυσίαν
847 340 997 379 κοιλίας.
1058 340 1134 376 Fac
1174 339 1299 376 bellus
1337 346 1552 386 revertam3

221 419 300 443 non
331 406 452 444 modo
479 413 516 443 te
546 405 616 443 sed
643 403 759 443 etiam
784 403 1052 442 Tusculanum
1085 411 1259 441 nostrum
1290 404 1377 453 plus
1406 417 1547 442 amem.

221 471 463 509 Parhedrum
485 469 609 508 excita
637 478 678 508 ut
706 471 861 508 hortum
892 468 976 519 ipse
1005 469 1226 509 conducat:
1266 468 1319 507 sic
1342 468 1548 508 holitorem
1568 482 1592 509 2

221 534 347 585 ipsum
370 534 649 573 commovebis
704 533 847 572 Helico
870 532 1132 584 nequissimus
1151 534 1221 571 Hs
1240 546 1274 569 α)
1301 534 1420 572 dabat
1442 535 1551 573 nullo

219 601 352 651 aprico
386 601 510 647 horto,
549 601 657 638 nullo
697 598 906 646 emissario,
945 600 1050 637 nulla
1091 598 1267 645 maceria,
1304 601 1409 638 nulla
1448 614 1547 639 casa.

221 667 301 704 Iste
322 679 393 704 nos
415 673 522 704 tanta
542 665 720 716 impensa
740 664 947 704 derideat?
1007 665 1164 703 Calface
1191 663 1391 703 hominem
1414 672 1455 703 ut
1476 679 1550 716 ego

222 731 458 769 Mothonem
475 744 483 777 3
513 729 644 780 itaque
663 730 804 768 abutor
824 729 988 768 coronis
1043 731 1103 768 De
1119 730 1265 769 Crabra
1285 730 1381 781 quid
1401 738 1546 781 agatur,
1567 737 1591 775 3

220 795 290 833 etsi
324 809 428 833 nunc
463 794 623 845 quidem
658 794 774 833 etiam
812 794 975 832 nimium
1008 803 1065 833 est
1099 809 1235 846 aquae,
1268 804 1398 835 tamen
1433 796 1548 835 velini

220 859 328 898 scire.
389 859 652 909 Horologium
684 858 835 898 mittam
867 867 903 897 et
935 859 1064 908 libros,
1098 860 1128 899 si
1159 860 1228 899 erit
1259 862 1412 900 sudum.
1473 863 1551 901 Sed

220 932 260 963 tu
282 926 615 977 nullosne-tecum
637 924 821 963 libellos?
855 938 905 962 an
927 925 1063 976 pangis
1083 925 1231 976 aliquid
1252 928 1517 978 Sophocleum
1536 929 1552 965 ?

221 992 298 1029 Fac
328 1003 426 1040 opus
456 996 651 1040 appareat.
712 991 758 1027 A.
783 989 972 1040 Ligurius,
1004 990 1180 1030 Caesaris
1211 991 1419 1040 familiaris,
1452 1006 1550 1031 mor-

220 1062 308 1093 tuus
336 1063 404 1101 est,
428 1055 556 1093 bonus
584 1055 705 1093 homo
732 1063 769 1093 et
794 1054 908 1093 nobis
935 1054 1094 1094 amicus.
1154 1058 1212 1095 Te
1233 1058 1394 1107 quando
1418 1071 1550 1109 exspe-

219 1127 370 1159 ctemus
392 1121 451 1159 fae
472 1128 515 1159 ut
535 1119 666 1159 seiam.
728 1121 832 1160 Cura
852 1128 889 1160 te
911 1120 1125 1173 diligenter.
1185 1124 1293 1162 Vale.

262 1273 372 1309 XIX
418 1275 489 1309 Ser.
504 1278 537 1307 in
557 1275 739 1308 Tusculano
752 1276 854 1317 paulo
863 1280 938 1318 post
952 1276 996 1308 in.
1020 1288 1064 1308 m.
1080 1276 1167 1309 Sext.
1189 1289 1218 1310 a.
1237 1288 1294 1319 709
1310 1278 1388 1320 (θ’).

597 1354 793 1386 TVLLIVS
817 1354 984 1386 TIRONI
1011 1354 1100 1386 SVO
1126 1355 1161 1386 S.

274 1433 472 1483 Exspecto
501 1440 585 1472 tuas
617 1432 761 1472 litteras
796 1433 846 1472 de
882 1432 1012 1472 multis
1042 1433 1168 1481 rebus,
1197 1441 1234 1473 te
1264 1433 1391 1485 ipsum
1423 1437 1546 1476 multo

219 1497 351 1548 magis.
413 1498 658 1538 Demetrium
688 1499 809 1538 redde
835 1506 1011 1537 nostrum
1033 1507 1070 1537 et
1096 1498 1214 1547 aliud,
1238 1499 1267 1538 si
1293 1500 1387 1551 quid
1418 1510 1546 1552 potest

217 1562 324 1601 boni.
386 1565 447 1602 De.
486 1563 700 1603 Aufidiano
739 1563 899 1603 nomine
937 1563 1033 1602 nihil
1073 1572 1110 1603 te
1148 1566 1307 1611 hortor3
1356 1566 1436 1605 scio
1476 1567 1545 1606 tibi

217 1641 333 1667 curae
353 1642 438 1668 esse
454 1644 463 1677 3
492 1630 561 1669 sed
582 1630 743 1669 confice.
791 1631 851 1677 Et,
870 1629 901 1668 si
922 1630 973 1668 ob
994 1643 1081 1668 eam
1102 1644 1181 1669 rem
1204 1631 1375 1679 moraris,
1393 1632 1545 1683 accipio

217 1707 374 1731 causam
391 1708 401 1741 ,-
441 1693 472 1732 si
503 1693 543 1733 id
575 1702 613 1733 te
644 1708 723 1734 non
756 1702 872 1742 tenet,
904 1695 1054 1734 advola.
1115 1694 1279 1735 Litteras
1314 1704 1398 1735 tuas
1432 1698 1545 1737 valde

216 1766 410 1810 exspecto.
469 1761 577 1799 Vale.

259 1912 344 1948 XX
518 1915 588 1949 Ser.
608 1917 718 1950 codem
737 1918 800 1950 loco
815 1923 844 1950 ct
859 1922 997 1959 tempore
1013 1929 1077 1958 quo
1092 1923 1138 1959 cp.
1159 1918 1247 1950 xviii.

654 1995 851 2026 TVLLIVS
875 1994 1039 2027 TIRONI
1065 1995 1101 2026 S.

270 2067 470 2116 Sollicitat,
507 2069 559 2108 ita
597 2070 736 2119 vivam,
778 2086 840 2111 nie
880 2080 956 2120 tua,
994 2071 1046 2110 mi
1085 2071 1190 2119 Tiro,
1224 2073 1435 2121 valetud0;
1473 2074 1542 2112 sed

216 2135 387 2180 confido,
414 2133 445 2173 si
474 2134 716 2186 diligentiam
746 2151 864 2188 quam
896 2137 1095 2176 instituisti
1125 2136 1361 2185 adhibueris,
1393 2137 1472 2176 cito
1504 2146 1542 2176 te

216 2199 369 2237 firmum
401 2200 491 2238 fore.
552 2200 692 2240 Libros
721 2216 916 2254 compone
933 2217 942 2250 3
974 2202 1156 2250 indicem,
1189 2217 1279 2242 cum
1310 2204 1541 2243 Metrodoro

259 2313 278 2341 3
303 2308 452 2334 nostrum
472 2304 598 2344 utplus
618 2304 719 2335 Orelli
849 2317 867 2345 4
891 2305 1043 2338 olitorem
1072 2310 1138 2337 velt.
1277 2317 1296 2346 5
1322 2307 1441 2338 Salaco
1466 2311 1536 2338 vell.

215 2345 338 2387 Sclziilz
468 2349 489 2377 6
511 2349 626 2387 aprico
660 2348 773 2386 horto]
807 2351 944 2390 apiario,
978 2349 1069 2381 nulla
1101 2350 1238 2381 cohorte
1270 2350 1410 2382 Sclzt'ilsz
1451 2351 1539 2390 apri—

217 2390 343 2420 catorio
363 2390 461 2421 01¹th
549 2392 569 2421 8
593 2392 727 2423 abundo
744 2392 829 2423 Reid
918 2404 955 2425 12
981 2404 1066 2434 opus
1084 2399 1119 2424 ut
1135 2394 1206 2425 HF
1292 2396 1329 2425 18
1354 2399 1467 2434 potest
1481 2394 1536 2425 M:

216 2438 311 2472 potes
328 2433 396 2464 DF
407 2438 436 2464 ct
450 2434 489 2464 H
504 2434 561 2466 scd
575 2446 643 2466 nna
661 2436 716 2468 litt.
737 2448 831 2468 crasa
