1791 2796
108 142 176 179 IX.
198 143 274 179 xvi
597 144 651 181 M.
686 144 853 182 TVLLI
887 144 1196 183 CICERONIS

225 253 386 291 invideri
419 255 577 304 potest?
625 255 773 293 Verum
809 255 868 293 sac
903 268 988 293 esse
1018 254 1176 302 omnia3
1211 254 1265 292 sic
1295 254 1411 293 video
1440 254 1563 305 philo-

224 319 358 369 sophis
393 319 586 369 placuisse
626 319 681 365 iis,
719 320 786 370 qui
827 319 921 357 mihi
963 320 1033 358 soli
1074 319 1256 358 videntur
1295 319 1372 358 vim
1413 319 1562 358 virtutis

224 392 366 430 tenere,
391 384 487 422 nihil
509 397 594 423 esse
616 384 802 435 sapientis
823 393 1019 436 praestare
1040 384 1112 423 nisi
1135 386 1302 435 culpam.
1355 386 1445 434 Qua
1466 385 1561 423 mihi

223 449 358 488 videor
387 449 596 499 dupliciter
623 463 763 497 carere,
801 458 839 490 et
867 452 976 501 quod
1007 464 1051 489 ea
1082 449 1270 489 senserim
1303 463 1405 501 quae
1434 450 1564 489 rectis-

223 514 320 552 sima
352 516 517 561 fuerunt,
542 523 580 554 et
605 517 725 566 quod,
750 529 842 554 cum
864 515 1037 555 viderem
1061 515 1228 566 praesidi
1254 529 1335 554 non
1360 515 1452 554 satis
1477 529 1561 555 esse
1583 528 1600 560 5

221 581 271 618 ad
297 594 343 618 ea
364 580 592 627 obtinenda,
617 580 763 619 viribus
791 582 1022 620 certandum
1054 594 1144 632 cum
1173 580 1454 620 valentioribus
1481 595 1563 620 non

222 645 402 696 putarim.
465 647 568 696 Ergo
598 645 638 684 in
669 646 800 685 officio
830 646 924 685 boni
956 646 1050 685 civis
1078 654 1182 685 certe
1213 660 1293 685 non
1324 660 1410 684 sum
1439 660 1563 697 repre-

223 712 470 750 hendendus.
531 711 748 762 Reliquum
777 720 835 751 est
865 712 1039 763 nequid
1067 713 1194 759 stulte,
1219 726 1268 751 ne
1293 711 1389 762 quid
1415 720 1561 751 temere

221 776 351 815 dicam
383 784 449 815 aut
479 776 619 815 faciam
660 786 796 816 contra
826 777 1009 828 potentis,
1080 778 1127 816 Id
1159 790 1319 828 quoque
1349 785 1446 828 puto
1476 790 1560 816 csse

223 842 419 892 sapientis.
481 844 621 881 Cetera
649 856 750 890 vero,
775 843 871 893 quid
897 843 1064 893 quisque
1092 856 1155 882 me
1182 842 1326 882 dixisse
1353 843 1468 889 dicat,
1493 851 1559 882 aut
1582 857 1621 878 10

223 921 303 957 quo
334 909 455 946 modo
484 907 546 946 ille
575 908 752 958 accipiat,
782 917 849 947 aut
881 922 958 958 qua
988 909 1066 947 fide
1096 921 1253 946 mecum
1279 908 1410 946 vivant
1438 908 1461 946 ii
1492 908 1558 958 qui

176 975 203 1012 6
224 987 286 1011 me
308 972 464 1011 assidue
486 974 621 1012 colunt
643 982 680 1012 et
702 975 922 1020 observant,
946 981 1142 1024 praestare
1163 987 1243 1012 non
1265 986 1437 1024 possum.
1500 975 1559 1012 Ita

223 1040 263 1077 sit
297 1047 338 1077 ut
368 1047 406 1077 et
444 1039 698 1078 consiliorum
730 1039 974 1090 superiorum
1006 1039 1248 1078 conscientia
1278 1047 1315 1078 et
1346 1038 1559 1089 praesentis

221 1105 408 1155 temporis
448 1105 720 1144 moderatione
761 1119 823 1144 me
862 1107 1043 1144 consoler
1082 1113 1119 1144 et
1155 1105 1259 1143 illam
1292 1104 1390 1143 Acci
1430 1104 1560 1142 simili-

221 1170 398 1209 tudinem
431 1185 510 1209 non
543 1169 698 1224 [modo]
730 1171 805 1209 iam
838 1172 888 1210 ad
920 1170 1157 1217 ‘invidiamss
1185 1171 1254 1209 Sed
1285 1171 1335 1209 ad
1363 1171 1557 1208 fortunam
1583 1182 1618 1213 15

220 1237 459 1283 transferam,
484 1250 603 1287 quam
635 1236 815 1275 existimo
846 1238 971 1275 levem
1001 1244 1038 1275 et
1068 1235 1307 1274 imbecillam
1343 1236 1393 1273 ab
1414 1235 1558 1274 ‚animo

220 1302 333 1340 firmo
362 1310 400 1340 et
426 1290 531 1351 gravi
559 1306 785 1352 ‘tamquam
822 1303 985 1341 fluctum
1017 1315 1039 1340 a
1069 1314 1162 1340 saxo
1192 1300 1336 1351 frangi'
1365 1308 1553 1350 oportere.

221 1366 378 1405 Etenim
407 1381 496 1405 cum
526 1368 642 1417 plena
681 1367 758 1405 sint
794 1374 1053 1406 monumenta
1084 1368 1323 1405 Graecorum
1356 1371 1473 1416 quem
1505 1366 1554 1404 ad

221 1433 382 1470 modum
424 1432 701 1482 sapientissimi
741 1432 810 1470 viri
850 1445 968 1482 regna
1008 1431 1165 1470 tulerint
1200 1432 1260 1470 vel
1293 1430 1460 1469 Athenis
1496 1432 1556 1469 vel

219 1497 427 1547 Syracusis,
451 1511 541 1535 cum
570 1497 829 1536 servientibus
857 1497 936 1535 suis
961 1497 1184 1535 civitatibus
1206 1495 1348 1535 suerint
1368 1495 1441 1546 ipsi
1462 1509 1556 1546 quo·
1576 1511 1617 1533 20

218 1564 309 1600 dam
334 1563 454 1601 modo
475 1562 596 1609 liberi,
613 1576 686 1612 ego
708 1576 770 1601 me
792 1576 872 1600 non
893 1571 1027 1612 putem
1051 1561 1148 1600 tueri
1173 1575 1303 1600 meum
1331 1569 1473 1599 statum
1501 1560 1556 1599 sic

219 1641 334 1678 posse
360 1635 401 1665 ut
424 1640 562 1677 neque
590 1628 788 1666 offendam
817 1626 992 1666 animum
1022 1627 1257 1677 cuiusquam*
1283 1640 1355 1666 nec
1380 1627 1554 1677 frangam

219 1692 449 1742 dignitatem
473 1694 631 1730 meam?

176 1771 198 1809 7
275 1758 539 1796 Nunc'venio
574 1758 624 1796 ad
660 1757 874 1797 iocationes
906 1768 1003 1806 tuas,
1036 1758 1224 1808 quoniam
1256 1766 1296 1796 tu
1330 1758 1549 1797 secundum
1789 1730 1791 1814 i

219 1823 469 1861 Oenomaum
499 1822 594 1860 Acci
624 1836 716 1869 non,
747 1831 788 1861 ut
820 1824 914 1862 olim
952 1824 1114 1870 sole-bat,
1146 1825 1367 1862 Atellanam
1404 1824 1485 1869 sed,
1513 1830 1553 1861 ut
1577 1836 1613 1867 25
1789 1818 1791 1828 '

217 1901 322 1926 nunc
353 1889 406 1935 fit,
439 1887 603 1926 mimum
635 1888 894 1928 introduxisti.
958 1892 1087 1939 Quem
1121 1897 1175 1929 tu.
1193 1889 1286 1927 mihi
1309 1888 1550 1940 †popillium‚

216 1966 334 2002 quem
357 1953 584 1992 †denarium
610 1967 751 2001 narraS‚
777 1968 896 2004 quam
920 1953 1142 2004 tyrotarichi
1166 1954 1371 2004 patinam?
1420 1953 1553 1992 Facili-

216 2026 295 2055 tate
335 2031 421 2056 mea
462 2018 532 2056 ista
574 2019 797 2057 ferebantur
835 2027 976 2065 antea3
1024 2032 1129 2057 nunc
1179 2026 1327 2057 mutata
1374 2031 1432 2056 res
1481 2026 1549 2056 est.

220 2083 393 2121 Hirtium
409 2096 481 2131 ego
495 2092 532 2121 et
554 2084 802 2122 Dolabellam
818 2084 977 2123 dicendi
995 2083 1209 2134 discipulos
1226 2084 1366 2131 habeo,
1382 2082 1550 2122 cenandi

217 2148 444 2198 magistros:
488 2157 584 2198 puto
620 2149 724 2187 enim
758 2158 796 2188 te
829 2150 998 2196 audisse,
1035 2149 1064 2187 si
1101 2151 1198 2188 forte
1231 2150 1283 2188 ad
1314 2162 1383 2187 vos
1417 2148 1550 2197 onmia
1570 2163 1611 2193 30

216 2215 469 2263 perferuntur,
512 2214 598 2252 illos
645 2216 751 2264 apud
799 2228 862 2253 me
905 2215 1167 2261 declamitare,
1211 2228 1273 2253 me
1317 2214 1424 2264 apud
1464 2213 1549 2251 illos

262 2328 274 2348 1
302 2317 395 2359 esse]
414 2327 515 2357 posse
537 2316 724 2358 l‘Vesenbetg
821 2327 840 2357 5
864 2319 953 2357 quod
973 2318 1060 2349 Crat.
1081 2330 1087 2348 :
1110 2318 1167 2357 qui
1186 2317 1273 2348 codd.
1292 2329 1297 2347 :
1323 2317 1401 2356 quia
1419 2315 1548 2347 Andre·-

214 2371 269 2392 sen
402 2362 422 2392 8
447 2366 510 2397 est,
529 2367 564 2391 ut
584 2372 626 2392 ne
649 2359 837 2401 PVesenherg
981 2371 1016 2400 15
1043 2362 1141 2392 modo
1163 2360 1222 2392 del.
1243 2360 1376 2391 Ernesti
1506 2360 1550 2389 26

215 2404 398 2445 pompilum
417 2403 584 2435 Rutilius:
611 2404 771 2445 polypum
791 2404 960 2436 Corradus
1048 2414 1087 2444 27
1115 2405 1308 2443 denarium]
1327 2403 1548 2445 thynnarium

216 2447 386 2480 Rutilius:
410 2449 576 2488 thymium
597 2448 721 2480 Schmz
821 2458 858 2489 3¹
887 2449 974 2489 apud
995 2459 1046 2479 me
1064 2473 1070 2480 .
1093 2472 1099 2480 .
1119 2473 1124 2480 .
1146 2448 1221 2480 illos
1239 2448 1334 2479 HD:
1358 2459 1422 2479 om.
1443 2446 1484 2478 M
