1791 2796
576 199 688 238 EPP.
722 201 798 237 AI)
831 201 1176 240 FAMILIARES
1490 205 1575 242 XV.
1594 205 1623 242 ii

208 309 385 350 interitus
419 312 571 361 paterni
603 319 641 351 et
675 313 877 363 vigilanter
910 328 951 352 se
985 322 1157 353 tueretur
1186 323 1305 366 atque
1335 316 1541 355 admonitu

207 386 366 417 senatus
387 381 609 418 consuleret
629 379 742 418 saluti
759 393 862 427 suae,
878 387 961 418 tu'm
978 394 1000 419 a
1016 395 1079 419 me
1100 381 1278 420 discessit
1295 382 1333 420 in
1348 382 1539 433 oppidum

207 443 397 493 Cybistra.

260 510 423 548 Postero
461 517 593 549 autem
632 510 697 549 die
736 524 827 549 cum
858 511 1072 560 Ariarathe,
1114 514 1228 551 fratre
1262 527 1343 560 suo,
1381 522 1418 552 et
1450 521 1588 557 cum6

166 584 184 617 5
204 575 375 625 paternis
404 575 540 613 amicis
571 575 783 615 maioribus
814 585 907 615 natu
936 579 987 616 ad
1018 591 1080 616 me
1101 577 1141 615 in
1172 586 1296 617 castra
1325 579 1430 618 venit
1459 594 1541 630 per-

204 641 462 691 turbatusque
494 648 532 679 et
563 642 670 689 flens,
710 655 800 680 curn
832 641 937 681 idem
969 651 1006 681 et
1036 644 1151 682 frater
1180 645 1323 683 faceret
1352 653 1389 683 et
1410 645 1536 693 amici,

203 719 333 744 meam
365 708 497 753 fidem,
530 715 698 745 vestram
731 708 1120 747 commendationem
1156 709 1363 759 implorare
1395 710 1535 760 coepit.

203 771 307 810 Cum
345 771 557 810 admirarer
588 772 684 821 quid
722 772 929 811 accidisset
967 773 1058 812 novi
1090 774 1186 812 dixit
1224 776 1275 813 ad
1314 788 1355 813 se
1393 775 1538 814 indicia

203 836 498 875 manifestarum
537 836 767 875 insidiarum
811 851 896 876 esse
939 839 1078 885 delata,
1121 852 1221 889 quae
1269 848 1400 879 essent
1446 849 1537 880 ante

144 918 183 940 10
202 902 417 940 adventum
448 915 580 940 meum
612 904 817 950 occultata,
841 904 949 952 quod
971 903 1005 951 ii,
1030 904 1096 954 qui
1127 918 1173 942 ea
1201 907 1421 955 patefacere
1451 920 1537 956 pos-

201 974 299 1014 sent,
323 974 482 1017 propter
511 974 660 1005 metum
691 967 946 1006 reticuissent.
1008 970 1068 1007 Eo
1097 977 1229 1008 autem
1260 979 1437 1021 tempore
1467 985 1536 1022 spe

201 1030 278 1069 mei
316 1030 486 1082 praesidi
525 1032 737 1082 compluris
777 1046 822 1071 ea
861 1046 962 1083 quae
1001 1034 1142 1073 scirent
1181 1036 1368 1074 audacter
1404 1038 1455 1075 ad
1495 1051 1536 1076 se

199 1096 387 1135 detulisse
403 1112 411 1144 ;
441 1097 481 1134 in
502 1097 547 1135 iis
567 1097 882 1136 amantissimum
900 1099 968 1146 sui,
986 1112 1139 1138 summa
1155 1100 1299 1151 pietate
1313 1102 1533 1151 praeditum

198 1163 354 1200 fratrem
375 1162 506 1201 dicere
527 1162 590 1213 (ea
620 1177 721 1213 quae
750 1163 781 1201 is
811 1177 874 1202 me
901 1178 1061 1215 quoque
1087 1166 1273 1205 audiente
1297 1167 1472 1219 dicebat)
1493 1182 1534 1207 se

142 1242 178 1273 15
198 1227 449 1266 sollicitatum
493 1241 578 1266 esse
620 1236 663 1266 ut
707 1242 867 1278 regnare
905 1231 1044 1278 vellet3
1092 1230 1132 1269 id
1171 1231 1259 1270 vivo
1305 1233 1419 1271 fratre
1461 1247 1533 1272 suo

196 1293 374 1343 accipere
408 1307 488 1332 non
521 1292 720 1343 potuisse3
763 1308 804 1332 se
838 1302 971 1333 tamen
1004 1303 1095 1334 ante
1126 1296 1222 1335 illud
1254 1305 1410 1347 tempus
1444 1312 1530 1336 eam

196 1372 278 1396 rem
299 1371 518 1408 numquam
538 1358 578 1396 in
599 1359 775 1397 medium
796 1368 953 1410 propter
973 1361 1133 1411 periculi
1147 1369 1294 1400 metum
1310 1363 1527 1412 protulisse.

197 1424 311 1473 Quae
331 1437 422 1462 curn
443 1431 545 1462 esset
565 1425 730 1471 locutus,
750 1425 885 1463 monui
902 1439 1029 1476 regem
1052 1433 1094 1464 ut
1110 1439 1270 1465 omnem
1287 1427 1529 1478 diligentiam

195 1489 246 1527 ad
276 1502 317 1528 se
346 1490 660 1528 conservandum
689 1490 904 1538 adhiberet,
936 1490 1164 1541 amicosque
1195 1490 1267 1545 [in]
1298 1493 1416 1543 patris
1446 1494 1528 1533 eius

137 1569 177 1591 20
195 1561 313 1604 atque
332 1554 394 1592 avi
415 1554 561 1593 iudicio
582 1556 767 1605 probatos
788 1557 963 1594 hortatus
984 1569 1070 1594 sum
1092 1556 1190 1606 regis
1211 1557 1269 1595 sui
1286 1557 1405 1596 vitam
1421 1560 1528 1598 docti

195 1632 287 1658 casu
318 1620 573 1660 acerbissimo
611 1621 729 1671 patris
768 1621 851 1660 eius
890 1621 998 1659 omni
1036 1635 1128 1660 cura
1166 1623 1425 1674 custodiaque
1463 1626 1528 1664 de-

194 1686 409 1724 fenderent.
470 1687 573 1726 Cum
594 1700 659 1725 rex
674 1701 697 1725 a
714 1700 777 1725 me
790 1687 1008 1737 equitatum
1024 1687 1276 1738 cohortisque
1290 1689 1339 1727 de
1355 1690 1525 1728 exercitu
1544 1701 1567 1739 7

194 1764 283 1789 meo
315 1753 539 1801 postularet,
573 1752 646 1790 etsi
680 1752 956 1803 intellegebam
990 1760 1119 1790 vestro
1152 1761 1310 1791 senatus
1344 1756 1525 1793 consulto

193 1829 275 1854 non
296 1818 417 1855 modo
433 1830 554 1867 posse
575 1831 637 1856 me
659 1817 698 1856 id
720 1819 847 1856 facere
867 1819 937 1856 sed
958 1817 1074 1856 etiam
1097 1818 1251 1865 debere,
1275 1827 1417 1866 tamen,
1434 1833 1524 1858 cum

135 1892 172 1925 25
193 1894 252 1919 res
273 1895 308 1931 p.
332 1884 547 1932 postularet
562 1892 720 1933 propter
736 1883 956 1921 cotidianos
977 1896 1023 1921 ex
1040 1882 1147 1932 Syria
1163 1884 1321 1922 nuntios
1342 1893 1384 1922 ut
1405 1898 1524 1935 quam

192 1946 363 1996 primum
397 1948 609 1986 exercitum
648 1951 699 1987 ad
739 1949 900 1987 Ciliciae
940 1949 1027 1986 finis
1061 1949 1312 1996 adducerem,
1353 1963 1524 2001 cumque

192 2011 288 2049 mihi
310 2026 374 2051 rex
394 2013 596 2063 patefactis
618 2013 694 2051 iam
722 2014 872 2052 insidiis
894 2028 974 2052 non
997 2028 1110 2064 egere
1131 2014 1300 2052 exercitu
1320 2028 1356 2064 p.
1382 2017 1429 2053 R.
1453 2018 1522 2055 sed

190 2089 307 2126 posse
335 2091 372 2115 se
400 2078 478 2116 suis
509 2078 650 2128 opibus
682 2079 894 2118 defendere
918 2079 1124 2126 videretur,
1158 2079 1266 2117 illum
1296 2081 1522 2120 cohortatus

191 2155 278 2180 sum
309 2150 350 2180 ut
379 2142 419 2180 in
449 2156 518 2181 sua
547 2143 625 2181 vita
653 2145 923 2183 conservanda
951 2144 1121 2194 primum
1146 2157 1305 2193 regnare
1332 2145 1497 2186 disceret
1512 2163 1522 2195 3

132 2222 172 2253 30
191 2220 213 2245 a
233 2207 376 2257 quibus
405 2208 663 2261 perspexisset
693 2209 765 2247 sibi
796 2209 955 2248 insidias
985 2217 1146 2259 paratam,
1179 2209 1218 2247 in
1251 2224 1317 2248 eos
1352 2220 1523 2251 uteretur

233 2321 254 2349 9
279 2310 457 2341 manifesta
473 2310 587 2350 Kleyn,
607 2310 666 2341 sed
679 2311 715 2350 cf.
743 2311 817 2341 Vell.
840 2312 872 2342 ii.
895 2312 947 2350 83.
969 2322 988 2341 2
1100 2322 1135 2350 14
1162 2313 1188 2342 is
1207 2323 1260 2343 me
1276 2324 1408 2352 quoque
1425 2319 1494 2345 vett.
1514 2328 1521 2346 z

191 2363 234 2384 m.
253 2355 273 2385 i.
294 2364 327 2393 q.
347 2353 404 2384 M:
431 2354 452 2384 i.
470 2365 501 2392 q.
520 2364 562 2384 m.
584 2353 684 2384 FHD
833 2356 872 2385 16
895 2356 1050 2394 accipere
1076 2355 1222 2387 Ernesti:
1248 2357 1400 2387 accidere
1424 2358 1514 2388 codd.

193 2407 232 2436 19
255 2397 306 2437 in]
323 2408 390 2428 om.
408 2397 539 2428 Baiter:
564 2398 629 2427 iam
647 2397 764 2428 Lamb.
784 2410 790 2428 z
816 2403 852 2428 ut
871 2399 950 2429 coni.
973 2398 1181 2438 Mt‘illerpost
1197 2410 1280 2431 sum.
1302 2404 1337 2429 ut
1353 2400 1426 2439 vid„
1448 2412 1516 2431 con-

190 2440 364 2470 locandum
455 2452 496 2471 20
520 2442 572 2471 avi
595 2452 660 2471 om.
684 2441 724 2470 M
811 2443 853 2472 28
876 2451 912 2471 se
930 2441 1006 2473 add.
1030 2440 1218 2482 Wesenbmg

223 2509 285 2529 CIC.
307 2509 354 2529 AD
374 2509 453 2530 FAM.
1395 2500 1437 2530 30
