1791 2796
172 125 300 163 111.x
616 122 672 161 M.
704 122 872 159 TVLLI
906 121 1214 161 CICERONIS

246 234 406 282 dideris,
434 235 484 273 de
511 248 588 281 me,
615 247 734 287 quam
762 235 814 272 ob
842 247 924 272 rem
950 247 1030 272 non
1055 233 1239 272 debueris
1263 234 1436 282 credere,
1455 246 1583 284 pauca

246 299 388 339 dicam.
461 300 565 338 Nam
597 299 628 337 si
663 312 726 338 me
758 299 883 337 virum
916 299 1082 347 bonum,
1112 298 1145 337 si
1176 298 1339 348 dignum
1369 298 1415 336 iis
1441 298 1582 337 studiis

246 378 372 416 eaque
393 365 585 413 doctrina,
606 364 668 403 cui
691 378 754 403 me
773 378 796 403 a
817 364 982 415 pueritia
1002 364 1109 413 dedi,
1130 364 1162 402 si
1182 363 1274 402 satis
1296 363 1427 413 magni
1448 363 1585 412 animi,

246 444 327 470 non
366 431 519 470 minimi
551 430 689 469 consili
724 431 763 469 in
797 430 975 469 maximis
1010 431 1126 469 rebus
1160 437 1411 481 perspectum
1445 430 1582 477 habes,

246 497 342 535 nihil
364 497 403 535 in
425 510 487 535 me
509 510 589 535 non
611 497 732 535 modo
753 496 1009 547 perfidiosum
1030 504 1068 535 et
1089 495 1322 534 insidiosum
1343 502 1382 534 et
1402 496 1521 533 fallax
1541 494 1582 533 in
1602 505 1619 538 5

245 562 431 610 amicitia,
445 563 515 601 sed
529 575 580 600 ne
596 562 745 601 humile
758 562 921 613 quidem
937 570 1004 600 aut
1018 561 1193 601 ieiunum
1214 562 1336 600 debes
1356 574 1580 611 agnoscere.

202 627 225 665 8
247 628 314 667 Sin
342 636 475 667 autem
506 642 569 667 me
599 636 771 667 astutum
800 636 838 667 et
865 629 1068 667 occultum
1094 627 1190 666 libet
1217 628 1376 678 fingere,
1397 626 1493 677 quid
1524 633 1583 665 est

245 695 356 745 quod
383 694 514 732 minus
541 695 682 733 cadere
709 694 748 732 in
777 694 860 732 eius
888 694 997 733 modi
1019 702 1198 732 naturam
1219 692 1342 744 possit
1369 705 1488 743 quam
1515 700 1582 730 aut

245 760 510 799 florentissimi
558 759 730 798 hominis
777 759 975 810 aspernari
1022 758 1338 797 benevolentiam
1385 766 1452 796 aut
1499 758 1582 796 eius

245 825 573 865 existimationem
595 839 822 876 oppugnare
850 826 888 863 in
916 824 1127 876 provincia,
1150 824 1261 863 cuius
1288 825 1446 863 laudem
1473 824 1582 862 dorni
1606 840 1642 862 10

246 891 479 938 defenderis,
502 900 569 929 aut
590 891 629 929 in
651 904 697 929 ea
717 905 756 929 re
776 891 954 929 animum
976 892 1184 929 ostendere
1205 890 1423 937 inimicum,
1444 889 1483 928 in
1505 903 1582 940 qua

248 956 344 995 nihil
365 956 485 1005 obsis,
504 964 570 995 aut
591 956 631 995 id
651 956 792 1007 eligere
812 957 863 995 ad
884 956 1104 1007 perfidiam,
1121 957 1229 1007 quod
1252 957 1303 994 ad
1324 955 1582 994 indicandum

247 1022 385 1061 odium
409 1022 698 1073 apertissimum
728 1022 790 1070 sit,
813 1023 865 1061 ad
890 1023 1117 1061 nocendum
1144 1021 1415 1060 levissimum?
1472 1021 1582 1071 Quid

247 1096 329 1127 erat
348 1095 480 1127 autem
502 1101 570 1126 cur
590 1101 663 1138 ego
691 1088 729 1126 in
757 1096 796 1126 te
821 1096 901 1126 tam
923 1087 1182 1138 implacabilis
1203 1100 1344 1135 essem,
1365 1100 1455 1125 cum
1476 1094 1514 1126 te
1535 1100 1582 1126 ex

247 1155 362 1193 fratre
394 1166 484 1192 meo
514 1167 563 1192 ne
590 1160 685 1192 tunc
713 1153 892 1204 quidem,
921 1167 1012 1192 cum
1044 1153 1115 1192 tibi
1142 1166 1264 1204 prope
1291 1166 1452 1192 necesse
1480 1160 1581 1192 esset
1603 1165 1640 1198 15

248 1233 312 1258 eas
341 1233 454 1270 agere
484 1219 613 1270 partis,
646 1218 851 1258 inimicum
881 1219 977 1257 mihi
1009 1219 1127 1258 fuisse
1158 1220 1421 1269 cognossem?
1477 1219 1581 1258 Cum

248 1298 339 1324 vero
360 1285 528 1324 reditum
556 1292 733 1324 nostrum
755 1286 793 1323 in
815 1285 977 1336 gratiam
999 1293 1162 1335 uterque
1183 1284 1402 1335 expetisset,
1426 1284 1522 1334 quid
1542 1284 1582 1323 in

248 1352 455 1389 consulatu
476 1358 545 1388 tuo
565 1351 704 1389 frustra
725 1364 882 1389 mecum
903 1350 1027 1401 egisti,
1048 1351 1157 1401 quod
1184 1363 1248 1389 me
1274 1358 1340 1389 aut
1365 1351 1491 1389 facere
1515 1358 1582 1389 aut

249 1415 392 1455 sentire
423 1416 640 1455 voluisses?
679 1416 776 1466 quid
815 1416 911 1454 mihi
950 1415 1156 1462 mandasti,
1197 1429 1288 1454 cum
1323 1423 1360 1454 te
1396 1417 1581 1454 Puteolos

250 1493 517 1533 prosequerer,
534 1481 573 1519 in
590 1494 670 1532 quo
686 1495 766 1520 non
787 1481 1121 1532 exspectationem
1142 1489 1249 1520 tuam
1270 1481 1471 1532 diligentia
1492 1495 1579 1521 mea
1600 1492 1641 1516 20

202 1551 230 1589 9
249 1547 438 1586 vicerim?
495 1547 617 1596 Quod
643 1547 674 1585 si
704 1546 745 1586 id
778 1555 836 1586 est
866 1546 1035 1586 maxime
1069 1547 1199 1595 astuti,
1229 1546 1363 1586 onmia
1391 1548 1441 1586 ad
1468 1560 1579 1586 suam

250 1612 457 1651 utilitatem
478 1613 630 1661 referre,
651 1612 747 1663 quid
774 1612 870 1651 mihi
900 1613 1061 1652 tandem
1088 1619 1169 1651 erat
1196 1612 1338 1660 utilius,
1362 1611 1457 1663 quid
1478 1625 1583 1651 com-

251 1678 379 1717 modis
406 1678 503 1717 meis
529 1677 657 1729 aptius
679 1692 797 1729 quam
826 1678 997 1717 hominis
1022 1677 1255 1717 nobilissimi
1279 1686 1398 1728 atque
1419 1679 1583 1716 honora-

251 1743 389 1782 tissimi
427 1744 669 1792 coniunctio,
708 1744 818 1783 cuius
857 1757 967 1794 opeS,
1005 1743 1220 1794 ingenium,
1258 1742 1383 1791 liberi,
1416 1743 1580 1791 adfines,

251 1809 461 1860 propinqui
493 1809 589 1848 mihi
625 1823 767 1860 magno
801 1810 862 1848 vel
897 1817 1130 1849 ornamento
1164 1810 1224 1847 vel
1263 1807 1458 1859 praesidio
1495 1821 1580 1847 esse
1603 1817 1639 1850 ²5

251 1877 442 1926 possent?
473 1888 574 1925 quae
598 1882 730 1914 tamen
756 1888 829 1925 ego
856 1875 989 1913 omnia
1014 1875 1053 1913 in
1080 1875 1300 1927 expetenda
1323 1873 1494 1913 amicitia
1515 1881 1581 1912 tua

252 1954 331 1979 non
353 1940 494 1979 astutia
514 1941 699 1990 quadam,
713 1941 783 1979 sed
799 1940 929 1990 aliqua
943 1940 1072 1991 potius
1093 1939 1283 1990 sapientia
1304 1946 1460 1979 secutus
1480 1952 1577 1977 sum.

253 2005 391 2055 Quid?
420 2005 484 2044 illa
515 2005 683 2053 vincula,
715 2005 858 2056 quibus
893 2005 1055 2056 quidem
1088 2005 1345 2045 libentissime
1378 2004 1580 2055 astringor,

253 2078 399 2121 quanta
433 2078 536 2118 sunt,
568 2071 787 2109 studiorum
815 2071 1043 2119 similitudo,
1075 2071 1243 2110 suavitas
1270 2069 1580 2117 consuetudinis,

253 2135 464 2174 delectatio
501 2135 602 2174 vitae
644 2144 762 2187 atque
807 2137 946 2184 victus,
984 2136 1175 2175 sermonis
1214 2135 1393 2199 societas,
1433 2134 1580 2180 litterae
1599 2151 1640 2181 30

254 2200 478 2240 interiores!
531 2203 664 2252 Atque
685 2203 782 2241 haec
803 2201 1047 2250 domestica,
1076 2201 1172 2251 quid
1194 2200 1258 2239 illa
1278 2201 1437 2239 tandem
1459 2213 1581 2250 popu-

253 2266 359 2314 laria,
373 2266 518 2305 reditus
535 2266 705 2305 inlustris
723 2266 760 2304 in
777 2267 953 2317 gratiam,
970 2266 1008 2304 in
1026 2279 1105 2316 quo
1127 2279 1176 2304 ne
1192 2279 1259 2317 per
1275 2264 1579 2316 imprudentiam

253 2331 414 2382 quidem
447 2331 562 2370 errari
597 2339 726 2382 potest
758 2331 841 2370 sine
876 2331 1099 2382 suspicione
1117 2330 1316 2382 perfidiae,
1350 2328 1579 2380 amplissimi

653 2447 692 2477 19
717 2437 875 2468 Puteolos
895 2437 1010 2468 Orelli:
1037 2437 1081 2467 -is
1099 2436 1186 2467 codd.
