1791 2796
176 130 226 168 ΙΙ.
253 130 328 166 xvi
645 129 700 167 M.
733 129 901 167 TVLLI
934 128 1240 166 CICERONIS·

225 250 251 287 4
275 239 366 278 mari
395 254 509 290 poe-‚⁴³0
542 254 620 278 non
651 239 824 278 arbitror.
887 241 972 276 Nec
1003 252 1065 276 me
1097 238 1166 275 ista
1199 244 1352 281 terrent,
1380 250 1481 286 quae
1511 234 1606 273 mihi

272 320 292 344 a
323 315 360 344 te
391 308 440 344 ad
473 306 652 344 timorem
683 305 870 343 fidissime
891 313 1009 354 atque
1031 303 1299 342 amantissime
1321 309 1604 352 propmiuntur.

274 373 392 410 Nulla
432 380 490 410 est
529 371 633 409 enim
673 370 876 416 acerbitas,
914 383 1014 419 quae
1054 381 1133 406 non
1174 367 1359 405 omnibus
1395 368 1468 405 hac
1503 365 1608 404 orbis

273 447 460 476 terrarum
487 436 781 486 perturbatione
810 435 1039 485 impendere
1067 434 1268 479 videatur3
1299 446 1416 483 quam
1445 431 1607 482 quidem

274 517 347 553 ego
379 516 400 540 a
433 516 472 540 re
506 502 663 552 publica
697 501 793 539 meis
826 500 983 551 privatis
1014 508 1051 538 et
1082 499 1312 538 domesticis
1343 497 1643 544 incommodis:

276 568 533 606 libentissime
563 569 622 605 vel
654 567 735 605 istis
771 566 874 617 ipsis,
908 579 1010 616 quae
1038 574 1078 604 tu
1108 579 1170 603 me
1201 578 1339 603 mones
1367 572 1407 603 ut
1436 577 1606 608 caveam,

232 639 256 677 5
277 633 542 672 redemissent.
604 632 702 670 Filio
736 646 836 674 mes),
867 645 984 682 quem
1014 631 1083 669 tibi
1109 644 1241 669 carum
1272 644 1357 669 esse
1387 631 1551 680 gaudeo,
1578 630 1607 667 si

277 700 346 737 erit
381 700 455 737 ulla
484 712 542 736 res
568 697 736 748 publica,
766 697 858 735 satis
885 699 1060 747 amplum
1090 696 1369 747 patrimonium
1392 696 1609 746 relinquam

279 767 315 803 in
340 764 528 803 memoria
550 763 720 801 nominis
742 763 816 801 mei
835 778 842 810 3
874 762 931 801 sin
949 771 1080 801 autem
1111 764 1216 801 nulla
1237 762 1317 808 erit,
1342 762 1436 800 nihil
1459 761 1610 800 accidet

278 833 312 868 ei
363 829 571 880 separatim
611 842 633 866 a
674 828 831 878 reliquis
871 828 1032 866 civibus.
1112 829 1217 866 Nam
1261 828 1369 878 quod
1418 840 1529 876 rogas
1569 835 1609 864 ut

279 895 482 946 respiciam
515 907 702 944 generum
736 908 880 941 meum,
903 895 1199 932 adulescentem
1221 893 1414 944 optimum
1437 892 1612 943 mihique

279 961 536 1007 carissimum,
572 973 622 998 an
662 959 831 1007 dubitas,
867 959 931 1009 qui
970 959 1068 997 scias
1101 958 1236 1009 quanti
1269 972 1359 996 cum
1387 958 1495 996 illum
1529 966 1612 996 tum

280 1040 372 1065 vero
393 1025 563 1065 Tulliam
586 1040 714 1065 meam
737 1025 886 1073 faciam,
907 1025 1000 1075 quin
1019 1038 1063 1063 ea
1080 1038 1142 1063 me
1159 1037 1251 1062 cura
1270 1023 1614 1062 vehementissime

282 1091 474 1137 sollicitet,
509 1100 546 1130 et
582 1105 628 1130 eo
662 1091 795 1141 magis„
825 1091 933 1141 quod
966 1090 1004 1128 in
1038 1089 1317 1128 communibus
1350 1088 1513 1127 miseriis
1541 1090 1615 1127 hac

283 1167 414 1196 tamen
450 1157 678 1196 oblectabar
713 1157 883 1207 specula,
927 1155 1177 1194 Dolabellam
1217 1168 1349 1193 meum
1384 1156 1445 1193 vel
1484 1155 1614 1204 potius
1657 1169 1672 1200 ζ

284 1231 459 1262 nostrum
479 1225 560 1262 sore
575 1224 625 1262 ab
641 1223 684 1261 iis
703 1222 902 1270 molestiis,
919 1235 1016 1272 quas
1034 1220 1263 1260 liberalitate
1277 1234 1345 1259 sua
1359 1227 1613 1268 contraxerat,

285 1290 481 1327 liberum?
537 1289 667 1327 Velim
689 1301 864 1339 quaeraS,
888 1301 989 1338 quos
1011 1287 1074 1325 ille
1095 1286 1178 1325 dies
1199 1285 1436 1333 sustinuerit,
1460 1285 1498 1323 in
1521 1286 1616 1324 urbe

286 1357 381 1393 dum
403 1354 485 1401 fuit,
509 1368 627 1405 quam
649 1355 812 1393 acerbos
834 1353 918 1400 sibi,
935 1366 1053 1403 quam
1076 1351 1254 1390 mihimet
1276 1351 1358 1401 ipse
1378 1356 1514 1390 socero
1536 1364 1615 1390 non

241 1427 268 1465 6
290 1422 487 1458 honestos.
550 1422 689 1470 Itaque
724 1432 853 1469 neque¹
887 1431 960 1468 ego
995 1419 1100 1455 hunc
1138 1416 1446 1467 Hispaniensem-1
1481 1430 1615 1455 casum

288 1495 484 1536 exspecto,
509 1487 558 1524 de
580 1499 659 1535 quo
682 1485 776 1523 mihi
798 1486 1041 1534 exploratum
1069 1491 1126 1521 est
1149 1483 1199 1521 ita
1221 1496 1315 1530 esse,
1339 1491 1381 1521 ut
1403 1491 1444 1520 tu
1466 1482 1613 1530 scribis,

289 1567 417 1603 neque
445 1551 656 1602 quicquam
688 1559 815 1589 astute
842 1550 982 1601 cogitO.
1044 1549 1082 1587 Si
1104 1550 1265 1599 quando
1286 1548 1357 1587 erit
1377 1548 1522 1595 civitas,
1547 1549 1616 1587 erit

289 1620 464 1668 profecto
497 1617 611 1655 nobis
640 1618 774 1663 locus;
808 1615 866 1653 sin
895 1624 1025 1654 autem
1055 1628 1133 1653 non
1167 1614 1248 1660 erit,
1281 1613 1319 1651 in
1348 1615 1505 1651 easdem
1532 1613 1618 1651 soli-

288 1684 444 1722 tudines
466 1692 506 1721 tu
529 1682 622 1732 ipse,
646 1690 687 1720 ut
708 1681 882 1728 arbitror,
906 1681 1049 1727 venies,
1073 1680 1110 1718 in
1134 1679 1276 1730 quibus
1299 1693 1370 1717 nos
1391 1679 1618 1717 consedisse

287 1750 434 1789 audies.
495 1751 573 1788 Sed
602 1762 673 1798 ego
702 1749 863 1786 fortasse
885 1746 1074 1789 vaticinor
1095 1755 1131 1784 et
1160 1747 1256 1783 haee
1278 1745 1410 1783 omnia
1439 1744 1619 1783 meliores

288 1816 491 1854 habebunt
514 1814 647 1853 exitus.
710 1813 914 1851 Recordor
934 1811 1038 1850 enim
1068 1810 1361 1861 desperationes
1382 1824 1533 1853 eorum,
1553 1811 1618 1861 qui
1662 1847 1669 1855 ,

289 1894 402 1919 senes
424 1888 532 1918 erant
553 1881 807 1917 adulescente
830 1891 902 1916 me.
965 1879 1044 1915 Eos
1072 1890 1144 1929 ego
1173 1878 1335 1918 fortasse
1364 1890 1469 1916 nunc
1492 1876 1621 1915 imitor

290 1955 327 1984 et
349 1955 435 1983 utor
455 1944 592 1982 aetatis
614 1943 718 1981 vitio.
779 1943 908 1982 Yelim
931 1942 982 1980 ita
1004 1942 1076 1990 sit;
1112 1944 1181 1982 sed
1203 1953 1335 1984 tamen
1346 1969 1401 1982 —-.

247 2029 268 2066 7
344 2013 496 2057 'sogam
532 2018 770 2058 praetextam
811 2009 885 2047 texi
922 2009 1056 2059 Oppio
1094 2020 1191 2061 puto
1231 2021 1268 2050 te
1306 2011 1486 2058 audisse;
1530 2023 1619 2048 nam

293 2075 450 2114 curtius
473 2083 604 2112 noster
625 2074 842 2125 dibaphum
867 2077 1022 2127 cogitat,
1045 2079 1114 2117 sed
1136 2092 1225 2117 eum
1253 2078 1417 2115 infector
1438 2084 1618 2114 moratur.

295 2143 387 2179 Hoc
408 2140 564 2190 aspersi,
589 2149 629 2178 ut
651 2141 767 2179 scires
797 2157 858 2181 me
887 2153 1016 2183 tamen
1046 2145 1084 2182 in
1113 2145 1318 2182 stomacho
1339 2144 1466 2182 solere,
1485 2141 1618 2179 ridere.
1643 2151 1660 2180 3

338 2256 356 2276 ρ
383 2246 576 2278 fidelissime
607 2248 706 2279 Orelli
873 2261 894 2289 9
920 2250 952 2280 in
981 2250 1135 2280 memoria
1164 2247 1257 2279 MR:
1291 2248 1322 2277 in
1352 2246 1544 2276 memoriam
1574 2244 1621 2275 G:

295 2291 490 2320 memoriam
519 2291 605 2324 Crat.
747 2304 784 2324 12
808 2293 869 2335 an]
895 2304 986 2334 num,
1012 2293 1062 2324 vel
1081 2304 1146 2325 om.
1167 2303 1207 2323 an
1232 2289 1422 2330 lVesenberg
1566 2289 1620 2327 qui

295 2334 347 2364 Mr'
367 2334 484 2364 Orelli:
517 2337 598 2375 quin
617 2335 703 2368 codd.
721 2349 726 2368 ;
760 2348 832 2368 cum
856 2338 943 2379 vulg.
1084 2338 1121 2367 18
1145 2336 1297 2367 mihimet
1317 2333 1432 2365 Ormi:
1466 2332 1543 2362 mihi
1564 2332 1623 2362 suit

295 2378 381 2410 codd.
399 2391 403 2409 ε
431 2380 509 2409 mihi
528 2380 614 2420 vulg.
