1791 2796
541 137 652 173 EPP.
686 137 762 173 AI)
795 136 1142 173 FAMILIARES
1457 136 1572 174 VIII.
1595 134 1641 172 iii

180 246 362 287 dedimus
410 260 569 297 operam
611 253 654 285 ut
698 254 736 285 et
780 246 1015 285 Philotimus
1063 260 1183 296 quam
1236 245 1514 286 honestissime

183 312 324 351 Miloni
345 312 498 351 absenti
523 312 686 362 eiusque
714 311 940 350 necessariis
962 311 1053 350 satis
1074 313 1216 351 faceret
1237 319 1275 351 et
1296 313 1513 351 secundum

181 377 264 417 eius
286 378 404 417 fidem
426 385 463 416 et
491 376 738 416 sedulitatem
760 376 995 416 existimatio
1015 384 1082 415 tua
1102 385 1404 417 conservaretur.

238 444 341 482 Illud
362 457 467 481 nunc
488 457 510 481 a
534 451 571 481 te
595 451 697 494 peto,
721 442 751 480 si
779 443 862 489 eris,
887 450 928 481 ut
953 457 1076 493 spero,
1101 443 1260 490 otiosus,
1283 443 1444 494 aliquod
1465 443 1515 482 ad
1534 446 1558 483 3

145 520 162 552 5
184 522 266 555 nos,
308 516 349 546 ut
388 508 657 559 intellegamus
697 522 769 547 nos
808 508 877 547 tibi
918 523 1032 547 curae
1071 523 1166 556 esse,
1201 510 1395 562 σύνταγμα
1427 522 1517 547 con-

184 573 340 613 scribas
403 573 504 622 ‘Qui
532 573 602 612 tibi
630 573 752 620 istuc,'
776 573 915 624 inquis,
943 574 1005 611 ‘in
1031 582 1204 613 mentem
1226 574 1342 621 venit,
1366 572 1517 613 homini

185 653 265 678 non
286 639 421 690 inepto
437 640 474 677 ?'
535 640 634 690 Opto
649 639 810 690 aliquod
833 654 878 678 cx
899 647 978 678 tam
1001 640 1133 679 multis
1155 640 1229 679 tuis
1251 638 1518 679 monumentis

185 712 334 743 exstare
360 705 468 755 quod
495 712 649 744 nostrae
678 704 874 744 amicitiae
905 705 1134 744 memoriam
1165 705 1329 756 posteris
1359 717 1519 755 quoque

186 771 335 821 prodat.
397 770 521 810 Cuius
552 770 660 809 modi
687 770 814 817 velim,
847 778 953 821 puto,
984 771 1147 821 quaeris.
1207 773 1270 809 Tu
1300 770 1424 816 citius,
1450 769 1518 819 qui

130 848 167 870 ¹0
187 849 346 875 omnem
386 836 489 874 nosti
527 836 787 886 disciplinam,
829 838 937 887 quod
977 836 1146 875 maxime
1185 836 1370 876 convenit
1408 849 1519 875 exco—

185 900 335 951 gitabis,
372 915 513 951 genere
552 909 682 940 tamen
717 903 825 951 quod
860 909 897 941 et
935 903 986 941 ad
1020 916 1092 941 nos
1131 901 1322 952 pertineat
1355 908 1394 941 et
1427 901 1521 940 διδα-

187 968 347 1006 σκαλίαν
367 966 578 1018 quandam,
601 974 645 1005 ut
664 974 834 1006 versetur
855 966 954 1006 inter
975 981 1124 1015 manus,
1148 968 1301 1007 habeat.

232 1126 297 1162 IV
549 1129 620 1163 Scr.
640 1129 770 1162 Romae
785 1130 829 1162 K.
849 1130 937 1163 Sext.
955 1142 985 1162 a.
1006 1141 1060 1171 705
1079 1131 1162 1173 (51).

597 1207 796 1240 CAELIVS
822 1208 1050 1240 CICERONI
1079 1209 1113 1240 S.

136 1301 171 1332 ¹5
248 1285 412 1325 Invideo
443 1285 537 1334 tibi,
576 1293 655 1325 tam
689 1288 810 1325 multa
841 1286 987 1326 cotidie
1017 1301 1118 1337 quae
1148 1287 1286 1326 mirere
1313 1287 1411 1327 istoc
1441 1301 1522 1338 per-
1542 1297 1558 1323 1

193 1352 375 1398 feruntur,
409 1351 577 1402 primum
609 1352 716 1399 illud,
749 1353 973 1391 absolutum
1007 1354 1231 1399 Messalam,
1255 1352 1401 1392 deinde
1431 1367 1522 1392 eun-

192 1419 283 1456 dem
306 1418 626 1465 condemnatum,
651 1418 694 1457 C.
716 1419 948 1456 Marcellum
971 1432 1048 1457 cos.
1068 1420 1225 1465 factum,
1251 1420 1306 1457 M.
1324 1418 1522 1458 Calidium

192 1483 242 1520 ab
264 1484 417 1532 repulsa
444 1484 684 1533 postulatum
712 1497 734 1520 a
762 1482 898 1521 Galliis
928 1484 1095 1530 duobus,
1121 1485 1161 1521 P.
1186 1484 1436 1523 Dolabellam
1467 1496 1523 1521 xv

193 1547 316 1586 virum
348 1549 503 1586 factum.
566 1550 658 1587 Hoc
689 1547 758 1586 tibi
787 1562 866 1586 non
888 1547 1057 1596 invideo,
1081 1548 1250 1587 caruisse
1280 1557 1318 1588 te
1347 1551 1523 1600 pulcher-

136 1629 173 1650 ιο
193 1613 291 1652 rimo
307 1615 532 1664 spectaculo
553 1621 591 1653 et
614 1613 770 1652 Lentuli
788 1613 920 1653 Cruris
937 1614 1080 1665 repulsi
1101 1615 1252 1653 vultum
1269 1628 1350 1653 non
1366 1615 1519 1654 vidisse.

194 1681 245 1717 At
275 1693 353 1729 qua
381 1693 461 1730 spe,
493 1693 611 1729 quam
637 1687 741 1718 certa
769 1678 956 1729 opinione
985 1681 1256 1727 descenderat,
1288 1694 1406 1730 quam
1438 1680 1523 1731 ipso

193 1743 395 1783 diffidente
422 1745 653 1783 Dolabella!
714 1747 763 1783 Et
794 1746 982 1791 hercules,
1015 1744 1089 1783 nisi
1119 1745 1241 1784 nostri
1270 1747 1408 1794 equites
1435 1759 1522 1783 acu-

194 1809 269 1847 tius
314 1809 514 1857 vidissent,
555 1824 680 1860 paene
728 1812 973 1849 concedente
1020 1809 1242 1849 adversario
1290 1818 1518 1861 superasset.

197 1876 301 1914 Illud
322 1883 359 1913 te
381 1889 460 1913 non
481 1875 644 1914 arbitror
665 1875 859 1922 miratum,
880 1877 1100 1923 Servaeum,
1125 1875 1373 1926 designatum
1395 1884 1436 1914 tr.
1456 1878 1519 1926 pl.,
1541 1886 1566 1913 2

138 1953 176 1985 25
196 1941 503 1978 condemnatum
521 1955 530 1987 3
559 1940 669 1979 cuius
690 1942 730 1979 in
752 1943 881 1979 locum
905 1943 948 1981 C.
967 1941 1087 1981 Curio
1109 1941 1229 1992 petiit.
1281 1944 1382 1980 Sane
1403 1956 1522 1992 quam

197 2004 333 2043 incutit
375 2005 517 2052 multis,
554 2006 620 2056 qui
655 2020 745 2044 eum
785 2006 1091 2058 facilitatemque
1125 2007 1209 2046 eius
1249 2021 1327 2046 non
1368 2015 1521 2053 norunt,

197 2084 382 2121 magnum
411 2079 585 2119 metum3
628 2072 698 2111 sed
726 2079 768 2110 ut
794 2086 908 2123 spero
941 2081 979 2112 et
1012 2075 1102 2113 volo
1127 2082 1165 2112 et
1193 2081 1235 2112 ut
1264 2087 1305 2112 se
1332 2074 1404 2112 sert
1428 2072 1520 2123 ipse,

239 2176 260 2205 6
284 2175 349 2213 Qui
369 2178 435 2205 vell.
453 2187 458 2205 ε
484 2176 564 2214 quid
582 2174 670 2207 codd.
778 2186 794 2214 7
821 2176 912 2216 Opto
930 2175 1004 2208 add.
1026 2177 1123 2207 Klolz
1139 2188 1145 2208 :
1176 2182 1251 2217 post
1268 2182 1403 2207 exstare
1421 2180 1523 2207 lmus-

193 2219 303 2258 posnit
319 2218 415 2249 velim
436 2218 594 2260 legcrs
697 2230 734 2250 10
759 2221 939 2250 conveniat
956 2220 1077 2251 Lamo.
1187 2230 1224 2259 15
1250 2221 1334 2251 istoc
1353 2219 1410 2250 M:
1439 2221 1522 2249 istuc

201 2260 264 2292 GR
421 2273 460 2292 22
486 2263 590 2292 nostri
623 2263 756 2301 equites
779 2267 870 2294 v‹·ll.:
898 2264 1091 2303 nostrisque
1116 2263 1229 2294 codd:
1264 2275 1325 2294 nos
1351 2264 1523 2302 nostrique

201 2305 235 2335 C.
250 2305 284 2335 F.
302 2304 477 2335 Hermann
575 2317 613 2343 24
634 2307 815 2337 Servaeum
833 2306 1022 2347 ll'cscnbeag
1037 2319 1043 2337 ε
1067 2318 1163 2338 serva
1182 2308 1270 2346 {eum
1285 2307 1324 2336 M
1339 2320 1345 2338 z
1370 2307 1523 2338 Servium

200 2347 232 2377 R
262 2348 404 2379 Il'z'llcms
422 2349 544 2387 tis-cilicet
571 2350 724 2381 Savium
753 2350 870 2381 Polam
898 2361 944 2382 12.
966 2362 1005 2390 2;
1038 2352 1076 2391 Q.
1096 2351 1149 2383 Fr.
1174 2351 1203 2382 ii.
1229 2360 1276 2383 11.
1295 2361 1322 2389 2,
1486 2358 1525 2387 25

199 2392 233 2423 in
251 2391 326 2423 add.
347 2392 529 2423 Allarklmtd
614 2394 698 2433 petit
720 2392 906 2434 chsenbctg
