1791 2796
561 153 672 189 EPP.
706 152 782 188 AD
814 150 1162 187 FAMILIARES
1479 148 1548 186 IX.
1567 146 1646 184 viii

198 265 312 315 igitur
341 277 563 303 sermonem
592 262 690 301 inter
718 276 789 301 nos
815 261 992 300 habitum
1023 261 1060 299 in
1090 262 1284 307 Cumano,
1307 273 1397 300 cum
1426 266 1528 298 esset

197 344 275 369 una
311 329 579 380 Pomponius;
613 328 684 367 tibi
715 327 807 367 dedi
843 326 961 378 partis
994 326 1264 372 Antiochinas,
1302 338 1398 376 quas
1433 338 1456 363 a
1490 331 1528 363 te

197 395 352 446 probari
387 393 622 434 intellexisse
657 392 752 432 mihi
784 392 969 439 videbar3
1013 391 1107 430 mihi
1148 390 1296 442 sumpsi
1337 389 1524 429 Philonis.

199 463 299 500 Puto
327 462 408 499 fore
437 468 489 506 ut,
513 473 603 498 cum
633 458 781 509 legeris,
809 457 947 497 mirere
977 471 1049 496 nos
1077 456 1117 496 id
1141 458 1293 497 locutos
1321 470 1406 495 esse
1428 455 1527 495 inter

160 540 177 570 5
197 540 280 573 nos,
312 527 420 576 quod
450 538 666 575 numquam
696 523 816 563 locuti
843 537 978 562 sumus
994 538 1003 571 3
1038 523 1107 562 sed
1134 521 1237 562 nosti
1266 536 1417 562 morem
1448 521 1527 560 dia-

197 593 385 641 logorum.
461 591 629 630 Posthac
667 598 810 637 autem,
853 589 905 627 mi
945 591 1080 636 Varro,
1117 601 1236 638 quarn
1277 587 1454 638 plurima,
1496 586 1571 626 si2

196 656 358 703 videtur,
383 664 420 695 et
441 657 491 695 de
512 655 626 695 nobis
652 655 750 694 inter
767 669 849 701 nos
866 668 952 694 sero
974 655 1135 692 fortasse
1150 668 1159 701 3
1190 654 1260 692 sed
1284 653 1527 703 superiorum

197 730 418 773 temporum
446 725 618 761 Fortuna
645 721 698 760 rei
726 735 761 772 p.
785 735 944 759 causam
973 719 1172 766 sustineat,
1198 720 1295 758 haec
1327 718 1399 770 ipsi
1424 733 1530 770 prae-

197 796 296 826 stare
327 788 529 827 debemus.
590 789 722 837 Atque
762 786 912 825 utinam
949 785 1090 837 quietis
1128 779 1371 835 temporibus
1411 792 1529 835 atque

139 865 179 888 10
195 853 340 904 aliquo,
376 852 407 891 si
442 867 521 892 non
558 853 679 900 bono,
711 860 749 890 at
782 854 919 891 saltem
953 860 1059 890 certo
1095 858 1196 889 statu
1234 849 1398 889 civitatis
1432 851 1530 889 haec

196 918 295 957 inter
324 932 396 957 nos
426 917 554 957 studia
584 931 762 957 exercere
794 919 1023 967 possemus!
1065 929 1305 966 quamquam
1336 923 1418 953 tuni
1449 915 1530 966 qui-

195 985 287 1023 dem
308 985 367 1022 vel
388 983 486 1022 aliae
513 982 721 1034 quaepiam
744 981 913 1021 rationes
935 983 1120 1020 honestas
1151 980 1265 1021 nobis
1294 988 1331 1018 et
1357 994 1467 1019 curas
1492 989 1530 1019 et

194 1049 369 1088 actiones
402 1050 540 1088 darent
556 1063 564 1095 3
605 1062 710 1089 nunc
737 1056 869 1088 autem
895 1047 990 1098 quid
1018 1055 1075 1087 est
1106 1047 1189 1086 sine
1220 1046 1279 1086 his
1310 1061 1378 1085 cur
1402 1046 1529 1086 vivere

195 1114 390 1153 velimus?
418 1113 514 1152 mihi
528 1127 621 1152 vero
642 1127 732 1152 cum
753 1112 813 1151 his
835 1112 927 1163 ipsis
949 1112 1020 1160 vix,
1040 1111 1099 1150 his
1119 1119 1251 1151 autem
1274 1111 1457 1151 detractis
1479 1125 1529 1151 ne

139 1191 174 1223 15
196 1180 258 1218 vix
287 1179 460 1230 quidem.
520 1180 598 1218 Sed
619 1180 717 1218 haec
739 1192 870 1217 corani
894 1186 931 1217 et
953 1177 1117 1230 saepius.
1180 1176 1458 1228 Migrationem
1490 1185 1528 1217 et

195 1244 438 1295 emptionem
473 1243 634 1283 feliciter
669 1243 824 1283 evenirs
856 1245 946 1283 volo
981 1251 1173 1294 tuumque
1209 1242 1249 1281 in
1284 1256 1330 1282 ea
1363 1256 1403 1281 re
1437 1256 1528 1281 con-

196 1309 325 1349 silium
345 1309 481 1361 probo.
542 1310 647 1349 Cura
666 1316 709 1347 ut
732 1310 871 1348 valeas.

238 1443 305 1479 IX
371 1447 439 1480 Ser.
461 1448 494 1478 itt
510 1447 623 1480 castm‘s
638 1447 788 1480 Caesam's
803 1447 871 1478 circ.
892 1447 935 1478 in.
958 1457 1001 1478 nt.
1022 1447 1096 1479 Iun.
1118 1458 1147 1478 a.
1171 1449 1231 1488 706
1249 1448 1336 1488 (48).

517 1518 797 1551 DOLABELLA
825 1520 858 1550 S.
890 1520 927 1551 D.
957 1519 1195 1552 CICERONI.

140 1611 180 1634 20
251 1599 287 1637 S.
311 1612 343 1636 v.
366 1612 399 1649 g.
423 1612 456 1636 v.
480 1606 518 1636 et
543 1598 672 1637 Tullia
697 1606 829 1638 nostra
853 1605 957 1638 recte
986 1612 1018 1635 v.
1048 1596 1233 1637 Terentia
1263 1596 1392 1637 minus
1425 1598 1526 1638 belle

195 1662 344 1710 habuit,
378 1664 447 1704 sed
479 1671 627 1702 certum
663 1663 744 1702 scio
779 1663 856 1702 iam
892 1662 1137 1702 convaluisse
1173 1676 1285 1711 eam3
1328 1670 1528 1714 praeterea

193 1728 409 1769 rectissime
430 1737 519 1777 sunt
545 1730 650 1780 apud
677 1737 713 1768 te
739 1729 881 1768 onmia.
943 1728 1028 1769 Etsi
1053 1729 1165 1769 nullo
1192 1736 1368 1780 tempore
1386 1728 1439 1779 Vin
1469 1742 1528 1770 sur

194 1793 411 1844 sp'icionem
432 1793 521 1846 ,tibi
561 1794 681 1833 debui
713 1794 845 1835 venire
879 1794 1049 1847 partium
1085 1796 1203 1835 causa
1241 1793 1527 1847 potiusquam

195 1866 262 1899 tua
284 1858 356 1900 tibi
385 1860 559 1906 suadere,
583 1867 626 1897 ut
646 1867 683 1897 te
704 1867 771 1897 aut
798 1873 889 1898 cum
918 1860 1084 1898 Caesare
1119 1858 1408 1910 nobiscumque
1437 1871 1529 1898 con-

141 1935 176 1966 25
195 1922 374 1974 iungeres
403 1932 469 1963 aut
499 1932 603 1963 certe
632 1924 672 1962 in
703 1924 826 1963 otium
859 1926 1028 1971 referres,
1066 1923 1274 1975 praecipue
1305 1937 1411 1962 nunc
1450 1923 1526 1962 iam

195 1987 379 2026 inclinata
399 1988 559 2028 victoria
579 2003 628 2028 ne
649 2004 809 2040 possum
832 1989 992 2040 quidem
1016 1989 1054 2027 in
1078 1990 1198 2027 ullam
1218 1987 1333 2027 aliam
1354 1987 1527 2027 incidere

194 2054 421 2105 opinionem
452 2055 525 2094 nisi
553 2055 592 2093 in
620 2070 717 2103 eam,
748 2055 787 2094 in
815 2070 893 2106 qua
923 2055 1070 2094 scilicet
1103 2054 1173 2093 tibi
1203 2054 1366 2093 suadere
1394 2052 1528 2092 videar

193 2122 300 2170 quod
331 2121 393 2172 pie
424 2129 550 2160 tacere
581 2135 660 2160 non
691 2121 848 2171 possim.
920 2123 981 2159 Tu
1015 2129 1158 2168 autem,
1196 2119 1250 2158 mi
1286 2118 1437 2166 Cicero,
1472 2118 1527 2157 sic

193 2186 290 2224 haec
328 2186 495 2237 accipies
537 2194 590 2230 ut,
624 2186 703 2225 sive
742 2187 1012 2236 probabuntur
1044 2185 1114 2225 tibi
1156 2185 1234 2224 sive
1274 2198 1355 2223 non
1389 2184 1526 2234 proba-

135 2259 175 2290 30
196 2250 348 2298 buntur,
371 2252 421 2289 ab
451 2251 602 2302 optimo
623 2259 726 2290 certe
749 2251 883 2290 animo
909 2265 955 2290 ac
986 2250 1232 2290 deditissimo
1263 2249 1331 2288 tibi
1358 2256 1396 2287 et
1423 2247 1524 2298 cogi-

193 2322 272 2355 tata
301 2324 339 2355 et
367 2316 509 2368 scripta
538 2330 622 2355 esse
648 2315 807 2356 iudices.
868 2316 1159 2357 Animadvertis
1188 2317 1260 2357 Cn.
1286 2313 1519 2366 Pompeium
1540 2322 1565 2351 2

192 2394 265 2420 nec
297 2381 466 2420 nominis
500 2381 558 2420 sui
590 2395 662 2420 nec
695 2396 818 2420 rerum
853 2389 1047 2434 gestarum
1082 2380 1204 2434 gloria
1237 2389 1365 2432 neque
1401 2379 1518 2419 etiam

644 2480 683 2509 27
709 2469 769 2501 tibi
786 2469 843 2500 H:
867 2474 900 2501 te
917 2469 975 2500 tibi
993 2468 1068 2500 MD
