1791 2796
118 135 302 174 XIII.lv
625 136 680 173 M.
714 136 882 172 TVLLI
916 135 1224 174 CICERONIS

267 247 416 297 possis,
448 260 538 285 nam
564 247 671 297 apud
698 246 826 296 ipsum
848 245 1111 296 gratissimum
1133 245 1336 284 hominem
1357 254 1476 296 atque
1502 246 1599 297 opti-

266 327 374 350 mum
407 313 530 350 virum
558 325 677 361 quam
706 313 809 350 bene
836 312 1033 362 positurus
1061 312 1112 350 sis
1140 312 1314 351 studium
1344 320 1456 351 tuum
1480 321 1600 363 atque

265 378 438 416 officium
459 378 639 417 dubitare
660 386 698 416 te
719 391 799 416 non
822 377 1013 417 existimo.

309 545 413 580 LVI
620 546 700 587 Scin,
721 552 758 578 ut
773 547 909 587 videtur,
923 547 1026 589 paulo
1037 550 1112 589 post
1126 552 1171 589 ep.
1190 547 1246 579 liii.

599 630 775 662 CICERO
799 630 1005 662 THERMO
1031 630 1203 663 PROPR.
1233 630 1268 663 S.
1621 644 1639 676 5

229 728 246 755 1
322 715 485 756 Cluvius
514 717 754 755 Puteolanus
775 717 889 754 valde
917 729 981 754 me
1008 716 1189 754 observat
1210 716 1404 766 valdeque
1424 722 1482 754 est
1504 715 1599 754 mihi

265 782 474 821 familiaris.
537 783 576 821 Is
615 781 667 820 ita
706 781 779 820 sibi
819 783 1040 832 persuadet,
1077 782 1187 832 quod
1221 782 1260 820 in
1295 790 1362 820 tua
1400 781 1600 832 provincia

265 848 397 899 negoti
429 847 571 886 habeat
598 847 672 885 nisi
699 856 737 886 te
765 847 1005 898 provinciam
1035 847 1241 886 obtinente
1275 846 1372 886 meis
1400 860 1600 886 commen-

264 913 494 952 dationibus
525 912 751 960 confecerit,
774 912 813 951 id
845 926 886 950 se
916 912 955 950 in
986 912 1148 963 perditis
1179 920 1217 951 et
1247 911 1462 963 desperatis
1493 912 1600 950 habi-

264 987 405 1018 turum.
460 979 578 1018 Nunc
595 977 783 1028 quoniam
802 977 897 1015 mihi
919 978 969 1016 ab
990 977 1119 1016 amico
1136 977 1424 1016 officiosissimo
1445 985 1598 1016 tantum
1623 995 1659 1017 ιο

264 1045 394 1083 oneris
415 1043 639 1094 imponitur,
664 1057 736 1094 ego
757 1056 918 1094 quoque
939 1042 1010 1081 tibi
1033 1042 1235 1093 imponam
1266 1056 1336 1094 pro
1364 1043 1440 1081 tuis
1469 1043 1506 1081 in
1535 1057 1598 1082 me

264 1110 428 1149 summis
449 1109 596 1157 officiis,
620 1109 673 1148 ita
693 1117 826 1148 tamen
848 1116 890 1148 ut
912 1108 981 1147 tibi
1005 1109 1127 1147 nolim
1154 1110 1342 1148 molestus
1362 1122 1458 1148 esse.

318 1178 513 1217 Μυλασεῖς
532 1182 570 1213 et
592 1175 841 1225 Ἀλαβανδεῖς
861 1174 1070 1225 pecuniam
1099 1173 1241 1214 Cluvio
1262 1174 1421 1213 debent.
1484 1174 1598 1213 Dixe-

262 1251 319 1281 rat
348 1241 443 1280 mihi
473 1242 759 1292 Euthydemus,
783 1254 875 1279 cum
898 1240 1046 1291 Ephesi
1074 1253 1212 1288 essem,
1236 1253 1278 1279 se
1305 1247 1528 1278 curaturum
1556 1249 1597 1279 ut

262 1307 387 1347 ecdici
408 1321 431 1345 a
453 1306 658 1357 Mylasinis
681 1308 852 1345 Romam
875 1305 1129 1345 mitterentur.
1186 1307 1234 1345 Id
1257 1306 1402 1344 factum
1424 1318 1505 1344 non
1526 1313 1595 1345 est.
1620 1322 1655 1354 15.

264 1374 433 1424 Legatos
466 1372 586 1411 audio
619 1372 758 1411 missos
791 1385 886 1420 csse,
921 1373 990 1411 sed
1024 1374 1128 1411 malo
1165 1371 1335 1420 ecdicos,
1372 1366 1414 1410 ut
1448 1371 1597 1422 aliquid

263 1439 404 1478 confici
433 1438 566 1489 possit.
627 1439 717 1487 Qua
744 1451 784 1477 re
814 1446 906 1489 peto
935 1452 958 1477 a
984 1446 1022 1477 te
1046 1446 1088 1478 ut
1117 1446 1154 1477 et
1185 1452 1252 1477 eos
1284 1446 1322 1477 et
1351 1437 1599 1487 Ἀλαβανδεῖς

220 1516 244 1543 2
264 1505 399 1544 iubeas
431 1504 589 1543 ecdicos
620 1505 791 1542 Romam
824 1504 986 1543 mittere.
1049 1507 1252 1544 Praeterea
1284 1505 1479 1545 Philocles
1509 1507 1597 1543 Ala-

264 1570 476 1609 bandensis
514 1570 703 1621 ὑποθήκας
741 1570 882 1609 Cluvio
917 1570 1037 1609 dedit.
1100 1573 1181 1610 Eae
1220 1572 1454 1611 commissae
1493 1579 1593 1610 sunt.

263 1636 392 1675 Velim
420 1650 531 1675 cures
559 1645 599 1675 ut
624 1644 691 1675 aut
717 1637 768 1675 de
795 1638 1028 1687 hypothecis
1057 1640 1224 1678 decedat
1245 1653 1390 1690 easque
1417 1651 1594 1689 procura·
1617 1649 1657 1671 20

263 1702 411 1740 toribus
443 1702 557 1742 Cluvi
589 1703 714 1741 tradat
743 1711 809 1742 aut
841 1705 1049 1754 pecuniam
1081 1709 1215 1755 solvat,
1241 1715 1439 1759 praeterea
1473 1706 1596 1743 Hera-

263 1769 413 1807 cleotae
455 1776 493 1807 ct
541 1768 792 1819 Bargylietae,
834 1771 899 1821 qui
942 1773 1035 1812 item
1079 1775 1238 1822 debent,
1279 1782 1346 1813 aut
1386 1770 1594 1823 pecuniam

222 1839 245 1876 3
265 1835 415 1871 solvant
450 1841 516 1872 aut
551 1834 740 1873 fructibus
775 1837 854 1875 suis
887 1839 978 1877 satis
1011 1839 1164 1879 faciant.
1226 1839 1367 1879 Caunii
1399 1844 1597 1889 praeterea

263 1900 421 1945 debent,
456 1900 525 1938 sed
557 1900 666 1939 aiunt
702 1917 742 1942 se
778 1906 999 1955 depositam
1036 1905 1244 1957 pecuniam
1280 1904 1474 1944 habuisse.
1547 1902 1595 1940 Id

263 1965 378 2002 xclim
399 1978 615 2016 cognoscas
643 1977 691 2016 et,
715 1970 745 2008 si
775 1971 1008 2010 intellexeris
1037 1986 1104 2011 eos
1135 1985 1264 2022 neque
1294 1985 1341 2010 ex
1370 1969 1502 2009 edicto
1532 1980 1595 2006 ne·
1617 1980 1655 2012 ²5

262 2043 338 2079 que
363 2044 408 2068 ex
435 2032 595 2071 decreto
620 2036 841 2086 depositam
873 2037 1068 2085 habuisse,
1096 2038 1166 2076 des
1194 2049 1354 2088 operam
1379 2043 1420 2074 ut
1455 2046 1594 2073 usurae

263 2096 295 2133 (
301 2096 404 2135 luvio
425 2097 604 2138 instituto
628 2110 697 2140 tuo
718 2112 1007 2143 conserv.entur

318 2162 393 2200 His
414 2165 464 2203 de
486 2167 601 2205 rebus
617 2181 665 2206 eo
682 2168 804 2219 magis
822 2170 967 2216 laboro,
984 2171 1092 2220 quod
1112 2170 1237 2220 agitur
1257 2182 1316 2209 res
1338 2169 1410 2208 Cn.
1429 2165 1592 2217 Pompei

261 2229 391 2276 etiam,
421 2231 540 2269 nostri
570 2234 774 2281 necessari,
798 2242 835 2273 ct
863 2236 971 2285 quod
997 2235 1027 2273 is
1056 2235 1177 2285 magis
1208 2235 1325 2275 etiam
1361 2233 1456 2272 mihi
1488 2232 1593 2271 labo-

311 2346 321 2365 1
351 2347 425 2366 nam
454 2335 596 2367 Mulier:
632 2337 695 2368 iam
721 2336 810 2369 codd.
951 2348 987 2377 13
1011 2338 1174 2369 Μυλασεΐς
1197 2344 1230 2369 et
1259 2337 1464 2373 Ἀλαβανδεΐς
1491 2337 1595 2368 Orelli

268 2377 455 2419 lVrsrnberg
478 2379 619 2410 Mulier:
655 2379 794 2420 Mylasis
819 2386 852 2411 ct
876 2380 1061 2413 Alabandis
1077 2379 1169 2414 codd.
1309 2391 1346 2421 ¹5
1369 2392 1388 2412 a
1413 2379 1592 2421 Mylasinis

264 2420 355 2453 HD:
382 2423 497 2462 mylas.
519 2424 539 2454 ii
559 2423 616 2454 M:
644 2422 784 2465 Mylasis
800 2425 879 2457 coni.
894 2421 1123 2457 Mendelssolm
1216 2435 1252 2467 17
1277 2423 1465 2457 Alabandis
1480 2423 1570 2457 codd.
