1791 2796
164 138 211 176 V.
236 149 296 175 xx
618 138 672 175 M.
706 137 873 174 TVLLI
907 136 1213 174 CICERONIS

248 251 319 288 istst
359 250 524 301 pecunia
565 249 800 299 gravissimis
839 257 940 287 esset
975 248 1281 298 certissimisque
1314 249 1583 287 monumentis

247 325 397 362 testata,
420 316 481 354 cui
513 317 616 362 data,
639 329 719 365 quo
747 323 904 353 senatus
929 315 1121 361 consulto,
1146 314 1290 364 quibus
1319 314 1407 361 tuis,
1439 314 1583 365 quibus

247 382 344 420 meis
366 381 501 421 litteris
523 384 563 420 P.
588 381 715 420 Sestio
737 380 877 419 tradita
905 388 1016 419 esset.
1079 382 1192 429 Quae
1219 394 1310 419 cum
1331 381 1505 420 viderem
1526 388 1584 419 tot

247 448 417 498 vestigiis
447 447 646 498 impressa,
674 455 715 485 ut
743 447 782 485 in
810 446 856 485 iis
886 446 999 485 errari
1028 460 1108 485 non
1140 455 1283 497 posset,
1311 460 1392 485 non
1423 447 1584 498 ascripsi

247 513 298 559 id,
322 514 430 563 quod
451 522 518 551 tua
538 512 634 550 nihil
656 512 871 559 referebat3
901 525 974 561 ego
999 519 1131 550 tamen
1161 511 1385 562 ascripsisse
1412 514 1580 560 mallem,
1605 522 1623 555 5

201 589 228 625 6
248 578 436 628 quoniam
458 577 498 616 id
529 584 567 616 te
596 577 713 616 video
737 577 969 616 desiderare.
1031 576 1138 615 Sicut
1165 576 1302 615 scribis
1331 577 1402 615 tibi
1429 577 1470 616 id
1499 591 1585 617 esse

249 644 510 690 referendum,
531 643 637 682 idem
660 642 742 693 ipse
764 642 901 690 sentio,
925 655 1055 692 neque
1079 641 1118 680 in
1140 656 1188 681 eo
1210 642 1422 693 quicquam
1444 657 1466 682 a
1487 644 1584 682 meis

246 708 462 747 rationibus
492 708 774 758 discrepabunt
804 715 918 755 tuae3
965 708 1089 746 addes
1119 706 1224 746 enim
1252 715 1305 755 tu,
1339 722 1428 747 meo
1463 708 1581 757 iussu,

246 774 354 823 quod
376 786 460 823 ego,
484 772 551 823 qui
581 787 662 812 non
689 772 838 820 addidi,
863 786 936 811 nec
964 785 1082 811 causa
1105 780 1164 811 est
1193 786 1262 811 cur
1281 785 1423 823 negem
1444 787 1529 822 nec,
1553 774 1583 812 si

245 852 363 877 causa
383 846 485 877 esset
505 847 543 877 et
564 846 605 877 tu
627 840 762 885 nolles,
787 851 979 888 negarem.
1605 850 1645 873 10

300 905 403 942 Nam
419 905 469 942 de
483 904 668 943 sestertiis
685 903 894 954 nongentis
911 903 1070 941 milibus
1086 910 1189 942 certe
1205 902 1260 942 ita
1271 905 1437 943 relatum
1454 912 1522 952 est,
1542 913 1584 943 ut

244 977 287 1007 tu
308 969 389 1008 sive
409 971 524 1008 frater
551 977 640 1007 tuus
670 968 801 1008 referri
821 968 954 1007 voluit.
1014 969 1102 1015 Sed,
1127 968 1158 1007 si
1179 969 1275 1019 quid
1303 977 1370 1017 est,
1395 970 1583 1020 quoniam

244 1036 296 1074 de
330 1035 504 1073 Lucceio
535 1047 673 1084 parum
709 1033 909 1084 provisum
944 1041 1012 1080 est,
1045 1034 1154 1084 quod
1189 1047 1263 1084 ego
1297 1034 1336 1072 in
1366 1034 1583 1074 rationibus

245 1100 458 1140 referendis
472 1100 589 1138 etiam
613 1113 719 1138 nunc
740 1099 931 1149 corrigere
952 1099 1110 1150 possim,
1130 1100 1181 1137 de
1201 1113 1248 1137 eo
1270 1099 1376 1146 mihi,
1394 1100 1581 1150 quoniam

245 1174 403 1205 senatus
433 1166 616 1204 consulto
645 1178 727 1203 non
758 1177 846 1202 sum
873 1177 976 1209 usuS,
1001 1163 1096 1213 quid
1124 1177 1192 1214 per
1215 1165 1319 1214 leges
1344 1164 1468 1211 liceat,
1492 1178 1582 1204 con-
1604 1175 1642 1208 15

245 1232 497 1271 siderandum
519 1238 587 1269 est.
647 1231 708 1268 Te
729 1238 833 1268 certe
854 1229 893 1266 in
922 1228 1131 1279 pecuniam
1152 1239 1328 1267 exactam
1351 1229 1423 1268 ista
1443 1231 1583 1269 referre

244 1311 290 1336 ex
311 1296 408 1336 meis
438 1295 655 1334 rationibus
682 1295 812 1334 relatis
839 1308 921 1333 non
948 1293 1131 1345 oportuit,
1155 1293 1229 1332 nisi
1250 1294 1346 1344 quid
1376 1308 1439 1334 me
1460 1295 1555 1334 fallit
1573 1310 1583 1343 3

244 1370 335 1401 sunt
360 1362 474 1408 enim
513 1361 578 1400 alii
617 1360 829 1412 peritiores.
891 1360 996 1398 Illud
1036 1372 1130 1398 cave
1163 1359 1331 1406 dubites,
1374 1360 1470 1410 quin
1509 1373 1583 1410 ego

243 1428 377 1467 omnia
394 1428 544 1475 faciam,
561 1440 663 1477 quae
676 1426 864 1465 interesse
879 1434 946 1464 tua
961 1432 1028 1464 aut
1045 1424 1163 1464 etiarn
1176 1426 1275 1464 velle
1296 1432 1334 1464 te
1350 1425 1580 1473 existimem,

244 1494 275 1532 si
297 1495 377 1532 ullo
399 1494 521 1532 modo
542 1494 669 1531 facere
690 1491 850 1542 possim.
1604 1503 1642 1524 20

199 1569 221 1607 7
298 1559 420 1608 Quod
441 1557 577 1597 scribis
597 1559 648 1596 de
669 1556 882 1603 beneficiis,
900 1555 998 1595 scito
1019 1569 1041 1594 a
1062 1569 1126 1595 me
1146 1563 1183 1594 et
1205 1555 1384 1594 tribunos
1405 1555 1581 1594 militaris

243 1632 281 1663 et
308 1625 526 1674 praefectos
551 1630 590 1662 et
614 1621 908 1661 contubernalis
935 1623 1139 1660 dumtaxat
1166 1634 1276 1659 meos
1301 1622 1453 1660 delatos
1483 1634 1578 1660 esse.

244 1691 292 1729 In
313 1703 394 1740 quo
414 1689 576 1740 quidem
598 1702 661 1727 me
682 1687 780 1726 ratio
801 1687 961 1734 fefellit3
990 1686 1156 1725 liberum
1181 1686 1286 1724 enim
1309 1686 1404 1724 mihi
1426 1694 1582 1737 tempus

242 1757 293 1794 ad
328 1768 396 1794 eos
427 1754 664 1793 deferendos
696 1752 968 1792 existimabam
1008 1751 1103 1798 dari,
1139 1759 1278 1801 postea
1315 1751 1455 1790 certior
1493 1765 1580 1790 sum

244 1822 367 1859 sactus
397 1819 553 1870 triginta
583 1819 724 1857 diebus
755 1817 895 1857 deferri
926 1830 1088 1860 necesse
1118 1830 1212 1864 esse,
1237 1816 1381 1867 quibus
1411 1817 1580 1856 rationes
1601 1831 1640 1863 ²5

243 1885 488 1925 rettulissem.
542 1886 645 1922 Sane
667 1885 832 1922 moleste
848 1882 919 1921 tuli
939 1896 1020 1921 non
1041 1882 1106 1939 illa
1126 1882 1320 1931 beneficia
1340 1890 1430 1922 tuae
1450 1883 1580 1933 potius

242 1949 449 1989 ambitioni
483 1956 676 1988 reservata
709 1961 794 1987 esse
828 1961 948 1998 quam
983 1961 1104 1994 meae,
1137 1947 1204 1997 qui
1236 1946 1453 1986 ambitione
1482 1947 1579 1986 nihil

243 2025 378 2055 uterer.
435 2017 496 2053 De
512 2013 808 2053 centurionibus
826 2022 957 2052 tamen
971 2020 1009 2052 et
1025 2014 1075 2052 de
1092 2012 1337 2052 tribunorum
1353 2012 1577 2051 militarium

242 2079 591 2119 contubernalibus
630 2092 689 2117 res
728 2087 786 2117 est
825 2078 865 2116 in
904 2078 1055 2127 integro
1072 2093 1082 2126 3
1129 2091 1252 2128 genus
1291 2077 1396 2117 enim
1436 2079 1575 2116 horum

242 2145 524 2185 beneficiorum
546 2144 753 2183 definitum
776 2145 860 2193 lege
881 2157 960 2181 non
983 2152 1074 2182 erat.
1595 2157 1637 2188 30

287 2256 303 2285 7
330 2245 405 2275 item
426 2242 543 2274 Lamb.
684 2252 722 2281 13
749 2242 891 2272 Lucceio
909 2241 1099 2282 Egnatius:
1129 2241 1249 2280 logaeo
1267 2239 1360 2271 MR:
1391 2240 1504 2280 legato
1524 2241 1575 2272 G:

243 2287 399 2329 ὲκλο-γεὶῳ
431 2287 523 2321 Boot.
551 2287 588 2325 rs:
618 2289 674 2325 §5
875 2285 1044 2325 provisum
1080 2289 1132 2315 est
1167 2285 1357 2325 Egnatius:
1401 2284 1573 2323 gravisum

246 2335 337 2373 (gav-
356 2331 403 2369 R)
420 2336 472 2362 cst
489 2329 580 2360 MR:
606 2330 805 2369 gravissime
825 2329 872 2361 G:
898 2328 1083 2368 gratiosum
1107 2333 1158 2359 est
1174 2329 1223 2359 vel
1241 2332 1372 2367 gratum
1390 2328 1497 2358 visum
1521 2333 1575 2359 est

241 2381 312 2407 vett.
331 2388 337 2406 :
363 2385 466 2414 grave
485 2375 594 2405 visum
617 2378 670 2404 est
688 2371 789 2404 Orelli
923 2374 961 2403 16
985 2372 1162 2412 pecuniam
1186 2376 1340 2403 exactam
1362 2370 1573 2411 Wesenberg:

244 2431 300 2451 -ae
319 2430 374 2450 -ae
391 2417 451 2450 M:
475 2429 528 2449 -ae
553 2428 586 2447 -u
615 2416 699 2448 GR:
730 2428 763 2447 -a
787 2427 819 2447 -a
836 2420 905 2447 vett.
1109 2417 1170 2447 ista
1196 2415 1325 2446 referre
1348 2426 1455 2456 marg.
1480 2414 1567 2446 Crat.

249 2463 453 2502 Wesenbmgr:
481 2463 523 2492 ita
541 2462 662 2491 efferre
679 2460 765 2491 mdd.
