1791 2796
98 870 136 893 10

95 1523 135 1546 20

520 159 631 195 ΕΡΡ.
664 159 741 195 AD
774 158 1121 195 FAMILIARES
1431 159 1525 195 XII.
1545 157 1619 194 xiii

153 268 390 308 desiderabo
418 282 535 319 quam
564 268 748 309 sentiria
775 276 812 307 te
840 268 936 319 ipso.
1002 270 1144 320 Neque
1175 269 1279 308 enim
1308 269 1486 309 omnium

154 333 301 372 iudicio
328 334 461 372 malim
491 348 552 373 me
577 349 602 373 a
626 342 662 373 te
692 332 963 373 commendari
988 348 1105 385 quam
1135 334 1218 385 ipse
1246 343 1313 374 tuo
1341 335 1488 374 iudicio

153 399 270 449 digne
309 413 354 437 ac
395 413 544 438 mereor
578 401 880 438 commendatus
921 413 1016 446 esse,
1059 407 1100 437 ut
1140 401 1236 439 haec
1276 400 1489 439 novissima

153 473 285 503 nostra
314 466 416 504 faeta
449 479 529 504 non
565 464 796 506 subitanee
829 465 1105 504 convenientia
1143 467 1214 505 sed
1244 465 1383 504 similia
1413 465 1487 504 illis

154 529 457 580 cogitationibus
478 544 642 580 quarum
669 538 710 568 tu
735 530 843 569 testis
871 544 912 568 es
942 529 1061 569 fuisse
1092 530 1241 569 iudices
1267 544 1409 581 meque
1435 531 1487 569 ad

154 595 344 646 optimam
369 609 478 646 spem
500 595 646 647 patriae
667 609 747 634 non
769 595 977 634 minimum
999 595 1069 634 tibi
1091 595 1162 646 ipsi
1185 597 1486 647 producendum

153 668 278 710 putes.
331 662 429 699 Sunt
450 661 531 708 tibi,
550 663 605 699 M.
623 660 738 707 Tulli,
756 660 865 700 liberi
887 661 1178 712 propinquique
1200 661 1307 712 digni
1324 661 1485 712 quidem
1506 671 1529 698 2

155 734 193 764 te
219 734 257 764 et
279 726 417 764 merito
439 723 509 764 tibi
537 725 749 773 carissimi3
784 740 868 765 esse
896 726 1014 765 etiam
1041 727 1190 766 debent
1211 726 1249 765 in
1277 741 1316 766 re
1343 741 1379 778 p.
1403 741 1488 778 pro-

155 791 258 830 xime
286 793 358 829 hos
383 791 472 838 cari,
495 791 562 841 qui
590 790 808 830 studiorum
835 799 991 830 tuorum
1019 800 1110 831 sunt
1139 792 1294 839 aemuli,
1318 806 1486 842 quorum

155 871 240 895 esse
267 856 384 907 cupio
409 856 477 895 tibi
506 856 686 907 copiam,
725 858 794 896 sed
820 864 951 896 tamen
980 871 1059 897 non
1089 857 1258 896 maxima
1286 872 1347 896 me
1375 858 1489 896 turba

156 930 252 972 puto
273 921 439 970 excludi,
463 936 542 972 quo
564 921 693 960 minus
716 921 785 960 tibi
807 930 918 961 vacet
939 936 1002 961 me
1023 923 1200 974 excipere
1221 931 1259 962 et
1283 925 1333 963 ad
1354 917 1489 962 omnia

154 1001 254 1037 quae
286 987 380 1026 velis
419 996 457 1026 et
492 988 633 1038 probes
666 989 893 1038 producere.
967 989 1158 1027 Animum
1199 988 1269 1028 tibi
1309 997 1486 1029 nostrum

154 1055 315 1092 fortasse
336 1052 598 1103 probavimus,
624 1053 824 1104 ingenium
854 1053 1007 1093 diutina
1033 1054 1196 1093 servitus
1221 1062 1335 1102 certe,
1359 1056 1490 1105 quale-

155 1133 326 1169 cumque
348 1127 415 1165 est,
439 1118 568 1157 minus
591 1127 721 1158 tamen
744 1133 862 1170 quarn
884 1128 965 1159 erat
986 1134 1099 1170 passa
1119 1128 1177 1159 est
1198 1120 1330 1159 videri.

210 1185 295 1222 Nos
327 1198 374 1222 ex
401 1198 467 1222 ora
496 1184 689 1222 maritima
710 1184 827 1223 Asiae
848 1185 1072 1236 provinciae
1097 1193 1134 1224 et
1155 1199 1201 1224 ex
1231 1185 1367 1224 insulis
1388 1199 1485 1236 quas
1506 1197 1530 1234 3

155 1249 356 1301 potuimus
387 1250 494 1288 navis
528 1248 774 1298 deduximus,
800 1250 988 1290 dilectum
1014 1251 1205 1302 remigum
1231 1265 1372 1302 magna
1396 1266 1488 1290 con·

154 1315 325 1354 tumacia
356 1314 569 1353 civitatium
605 1323 736 1354 tamen
771 1316 863 1354 satis
897 1316 1072 1355 celeriter
1105 1316 1327 1363 habuimus,
1364 1315 1488 1356 secuti

152 1395 288 1419 sumus
328 1382 492 1420 classem
531 1382 763 1420 Dolabellae
801 1381 863 1420 cui
904 1383 946 1420 L.
990 1381 1149 1432 Figulus
1184 1390 1382 1433 praeerat;
1421 1381 1489 1433 qui

154 1460 263 1496 spem
305 1460 422 1497 saepe
462 1446 700 1485 transitionis
740 1448 968 1497 praebendo
1011 1461 1139 1498 neque
1179 1461 1368 1498 umquam
1408 1462 1489 1486 non

153 1512 387 1551 decedendo
418 1512 629 1551 novissime
657 1514 853 1562 Corycum
884 1527 925 1551 se
955 1512 1121 1551 contulit
1150 1520 1188 1552 et
1215 1514 1349 1552 clauso
1374 1521 1489 1564 portu

153 1592 194 1616 se
224 1586 355 1617 tenere
390 1578 529 1629 coepit.
597 1579 681 1616 Nos
711 1578 776 1616 illa
806 1578 948 1625 relicta,
976 1580 1085 1629 quod
1117 1586 1154 1617 et
1185 1577 1223 1616 in
1254 1587 1378 1617 castra
1409 1593 1490 1629 per-

107 1688 111 1692 ·
152 1643 283 1682 venire
313 1643 432 1682 satius
468 1658 553 1682 esse
584 1644 820 1693 putabamus
839 1689 843 1692 ,
861 1651 899 1682 et
928 1644 1165 1693 sequebatur
1195 1643 1327 1683 classis
1357 1645 1487 1690 altera,

153 1723 270 1759 quam
303 1723 408 1747 anno
439 1708 566 1759 priore
597 1709 635 1746 in
666 1708 850 1758 Bithynia
871 1708 1010 1746 Tillius
1041 1708 1203 1747 Cimber
1233 1716 1487 1759 compararat,

153 1774 352 1813 Turullius
383 1782 567 1825 quaestor
594 1782 778 1825 praeerat,
811 1775 984 1824 Cyprum
1015 1773 1235 1824 petivimus.
1297 1773 1358 1812 Ibi
1389 1787 1490 1824 quae

115 1850 130 1880 .“
153 1839 429 1890 cognovimus
459 1840 626 1879 scribere
670 1841 721 1878 ad
769 1853 837 1877 vos
879 1853 996 1888 quam
1041 1839 1242 1886 celerrime
1280 1839 1486 1877 voluimus.

154 1906 401 1944 Dolabellam
425 1914 466 1943 ut
485 1907 708 1951 Tarsenses,
734 1903 892 1954 pessimi
919 1903 1024 1950 socii,
1050 1903 1101 1941 ita
1124 1903 1338 1942 Laudiceni
1366 1906 1489 1942 multo
1507 1914 1533 1951 4

151 1971 386 2010 amentiores
409 1973 509 2009 ultro
530 1970 812 2017 arcessierunt3
839 1984 884 2008 ex
907 1969 1050 2019 quibus
1072 1969 1246 2019 utrisque
1267 1969 1489 2008 civitatibus

153 2039 393 2076 Graecorum
423 2037 590 2074 militum
621 2050 785 2074 numero
812 2035 983 2086 speciem
1007 2035 1197 2073 exercitus
1218 2035 1356 2074 effecit.
1418 2036 1489 2074 Ca-

152 2111 229 2141 stra
253 2102 372 2141 habet
398 2110 488 2140 ante
517 2101 707 2152 oppidum
732 2100 971 2139 Laudiceam
1000 2100 1127 2151 posita
1155 2108 1192 2139 et
1213 2108 1362 2150 partem
1389 2099 1487 2138 muri

195 2214 213 2241 4
240 2213 300 2232 nec
327 2200 600 2232 inconvenientia
629 2201 715 2231 Crat.
862 2202 882 2231 6
909 2211 973 2231 nou
1001 2200 1172 2230 minimam
1200 2199 1258 2229 tibi
1287 2199 1359 2239 ipsi,
1390 2199 1485 2238 prod.

152 2245 235 2276 Boot¹
351 2247 389 2275 16
414 2246 446 2275 in
472 2253 593 2283 magna
613 2245 691 2274 com'.
718 2243 914 2284 chscnhcrg.
936 2243 992 2274 scd
1011 2244 1048 2283 cs.
1073 2243 1160 2274 Vcrr.
1185 2243 1216 2273 ii.
1241 2244 1300 2282 189
1452 2242 1488 2271 18

153 2289 190 2320 L.
210 2289 344 2328 Figulus
360 2289 481 2319 Sclzt'it:
498 2293 526 2319 cl
542 2288 611 2319 cdd.
635 2298 704 2318 νεα.
725 2288 793 2318 coll.
815 2287 951 2328 Appian
969 2287 1010 2318 B.
1035 2288 1068 2318 C.
1092 2288 1131 2317 iv.
1151 2289 1212 2318 60:
1244 2286 1377 2317 lucilius
1398 2284 1484 2316 codd.

152 2344 194 2363 20
219 2334 409 2363 recedendo
430 2333 611 2363 Gronovius
759 2342 795 2362 21
814 2331 896 2371 fort.
915 2332 947 2361 in
966 2331 1061 2361 Cassi
1080 2337 1189 2361 castra
1323 2340 1364 2368 23
1389 2338 1487 2368 quam

151 2376 224 2406 HD
241 2388 247 2406 z
272 2377 328 2416 qui
348 2377 386 2406 M
542 2376 756 2414 quoi-anno
770 2399 776 2406 .
794 2400 800 2406 .
818 2398 825 2405 .
843 2374 1273 2414 compararat—Turullius
1291 2372 1467 2404 Lehmann
1482 2383 1488 2403 ε

151 2430 250 2459 quam
276 2431 365 2450 anno
387 2446 392 2452 .
414 2444 420 2451 .
441 2444 448 2451 .
470 2423 692 2458 compararat,
717 2419 770 2450 cui
793 2418 966 2450 Turullius
990 2422 1059 2449 vett.
1085 2417 1273 2457 Il'cscnbmg
1447 2417 1490 2446 26

154 2463 335 2494 Laudiceni
352 2464 389 2504 ‘f
411 2463 489 2494 adn.
511 2462 557 2493 acl
571 2463 616 2493 iii.
640 2471 670 2501 5.
692 2472 712 2501 3
