1791 2796
119 150 233 187 VIII.
253 150 329 187 viii
636 152 690 189 M.
724 152 890 209 TVLLI
925 153 1230 190 (¹1(*ERONIS

268 261 458 299 Pausania
500 262 614 299 nobis
655 263 829 313 patronis
876 275 958 308 Qvo
1005 276 1055 301 nx
1099 275 1275 302 i‘l-tchiA
1318 277 1598 306 PERVENISSET

265 327 437 377 recipere
460 328 592 374 voluit,
619 330 666 377 Q.
693 328 824 375 l'ilius,
850 329 1094 368 necessarius
1119 329 1238 368 Attici
1268 331 1400 377 nostri,
1423 334 1466 369 de
1493 346 1598 383 repe-

264 393 397 432 tundis
429 408 519 432 eum
553 394 773 444 postulavit.
850 397 998 446 Magna
1030 396 1120 434 ilico
1155 397 1258 435 fama
1288 396 1448 435 surrexit
1478 405 1515 436 et
1547 399 1598 436 de

264 460 519 499 damnatione
550 462 741 499 ferventer
765 461 873 511 loqui
902 470 959 500 est
988 469 1185 512 coeptum.
1247 463 1340 511 Quo
1365 470 1482 501 vento
1513 476 1598 513 pro-

265 525 376 563 icitur
397 525 550 576 Appius
573 525 710 572 minor,
735 534 776 564 ut
798 526 968 576 'linpicet
990 526 1251 577 depecuniam
1273 542 1319 566 ex
1344 527 1459 566 bonis
1479 530 1596 578 patris
1617 542 1633 574 5

263 591 485 641 pervenisse
519 592 569 630 ad
605 591 809 630 Servilium
845 592 1266 643 praevaricationisque
1301 606 1417 632 causa
1450 594 1596 632 diceret

263 657 487 706 depositum
514 659 582 695 Hs
607 669 748 695 LXXXI.
809 658 1025 696 A‘deiraris
1051 659 1289 707 amentiamg
1320 659 1453 706 immo,
1480 659 1508 697 si
1537 673 1597 698 ac-

263 722 411 761 tionem
434 722 762 772 stultissimasque
790 724 840 761 de
868 736 919 769 se,
943 723 1109 762 nefarias
1130 725 1180 762 de
1202 732 1309 774 patre
1330 725 1595 764 consessiones

221 798 244 834 3
263 788 450 826 audisses.
513 788 636 843 Mittit
666 788 705 826 in
736 789 944 828 consilium
976 791 1137 828 eosdem
1172 789 1258 828 illos
1291 790 1356 840 qui
1386 790 1459 828 litis
1486 791 1596 829 aesti-

263 862 413 891 marant
444 852 605 892 iudices.
667 855 770 893 Cum
805 868 934 904 aequo
969 868 1134 894 numero
1168 855 1385 894 sententiae
1417 855 1591 903 fuissent,
1618 870 1655 892 10

263 919 484 957 Laterensis
511 920 616 969 leges
644 919 826 969 ignorans
854 920 1121 970 pronuntiavit
1147 920 1242 970 quid
1267 920 1406 969 singuli
1437 921 1594 959 o‘rdines

260 984 510 1031 iudicassent,
547 992 585 1023 et
619 986 670 1023 ad
705 993 933 1031 extremum,
971 993 1013 1023 ut
1052 987 1190 1032 solent,
1231 989 1342 1023 ‘NON
1378 989 1592 1024 REmGAM)

264 1052 476 1099 l'ostquam
507 1049 686 1088 discessit
712 1058 750 1088 et
772 1063 842 1100 pro
863 1050 1046 1089 absoluto
1069 1050 1252 1089 Servilius
1273 1051 1407 1089 haberi
1429 1059 1592 1102 coeptus

260 1115 433 1165 legisque
464 1129 586 1153 unum
619 1123 655 1153 et
687 1115 947 1154 centesimum
972 1124 1091 1165 caput
1114 1115 1216 1166 legit,
1242 1116 1280 1153 in
1305 1129 1384 1166 quo
1412 1117 1464 1154 ita
1487 1125 1591 1155 erat:

259 1193 371 1225 (μου
428 1193 573 1219 EORVM
620 1193 794 1219 ivnlcmi
841 1193 974 1219 minoi<
1021 1192 1121 1219 PARS
1179 1192 1404 1228 IVDtcARt'r,
1447 1194 1490 1219 in
1529 1194 1592 1220 ivs
1613 1196 1649 1227 15

261 1258 487 1292 RATVMQVE
518 1258 629 1293 Es'sQ
663 1247 701 1284 in
745 1247 898 1285 tabulas
931 1247 1158 1285 absolutum
1190 1260 1270 1285 non
1305 1247 1462 1294 rettulit,
1493 1248 1592 1287 ordi-

259 1326 354 1350 num
369 1312 513 1351 iudicia
526 1312 749 1363 perscripsit
765 1327 774 1360 ;
799 1314 1023 1363 postulante
1039 1325 1151 1350 rusus
1165 1311 1298 1363 Appio
1311 1326 1401 1351 cum
1411 1314 1452 1350 L.
1464 1313 1593 1351 Lollio

259 1377 443 1427 transegit
473 1386 510 1417 et
540 1392 581 1416 se
612 1379 821 1416 relaturum
848 1377 954 1416 dixit.
1015 1377 1078 1416 Sic
1103 1391 1209 1415 nunc
1236 1391 1365 1428 neque
1389 1366 1592 1416 absolutus

259 1457 387 1493 neque
417 1445 628 1482 damnatus
658 1443 842 1482 Servilius
871 1445 922 1482 de
951 1443 1178 1494 repetundis
1207 1443 1363 1482 saucius
1394 1443 1492 1482 Pilio
1522 1451 1593 1483 tra-

257 1510 381 1547 detur.
429 1510 532 1547 Nam
550 1510 600 1547 de
616 1508 858 1547 divinatione
874 1508 1036 1559 Appius,
1054 1522 1144 1547 cum
1161 1508 1398 1547 calumniam
1416 1508 1589 1556 iurasset,
1614 1523 1652 1544 ’.ιο

257 1576 497 1613 contendere
523 1588 641 1612 ausus
663 1588 742 1612 non
764 1582 821 1613 est
846 1573 1023 1624 Pilioque
1044 1574 1159 1612 cessit
1181 1582 1218 1612 et
1239 1573 1322 1624 ipse
1342 1575 1392 1612 de
1413 1574 1590 1624 pecuniis

257 1639 484 1690 repetundis
508 1653 530 1677 a
558 1639 727 1678 Serviliis
755 1647 813 1677 est
840 1640 1059 1689 postulatus
1088 1647 1125 1677 et
1152 1647 1351 1688 praeterea
1375 1640 1425 1677 de
1446 1639 1481 1676 vi
1503 1652 1590 1677 reus

255 1719 277 1743 a
304 1706 478 1755 quodam
508 1718 579 1743 suo
607 1703 818 1751 emissario,
843 1706 878 1742 S.
903 1703 1046 1750 Tettio,
1072 1704 1205 1742 factus.
1268 1705 1392 1743 Recte
1419 1705 1495 1743 hoc
1522 1718 1590 1755 par

256 1772 384 1809 habet.

208 1860 233 1897 4
314 1837 433 1886 Quod
463 1837 514 1875 ad
545 1849 625 1875 rem
657 1835 854 1886 publicam
887 1836 1063 1886 pertinet,
1092 1835 1256 1874 omnino
1286 1835 1418 1874 multis
1448 1835 1589 1875 diebus
1610 1850 1647 1882 25

253 1902 545 1952 exspectatione
567 1902 782 1940 Galliarum
813 1910 944 1940 actum
977 1902 1072 1940 nihi-l
1098 1911 1181 1949 est3
1214 1902 1428 1952 aliquando
1455 1910 1587 1940 tamen

252 1981 368 2017 saepe
390 1981 428 2005 re
449 1967 569 2005 dilata
586 1975 623 2005 et
639 1967 804 2017 graviter
819 1975 906 2005 acta
923 1975 959 2005 et
977 1968 1092 2017 plane
1109 1974 1313 2017 perspecta
1329 1968 1401 2006 Cn.
1424 1967 1587 2017 Pompei

252 2033 452 2070 voluntate
481 2032 518 2069 in
549 2046 635 2071 eam
662 2041 812 2082 partem
835 2041 875 2070 ut
901 2046 990 2071 eum
1019 2033 1211 2071 decedere
1239 2040 1327 2082 post
1350 2034 1398 2070 K.
1425 2032 1586 2070 Martias

253 2098 433 2147 placeret,
450 2105 607 2135 senatus
625 2099 861 2144 consultum,
880 2098 988 2147 quod
1005 2097 1074 2136 tibi
1094 2097 1191 2144 misi,
1211 2098 1355 2135 factum
1377 2104 1434 2135 est
1454 2104 1586 2135 aucto-

254 2163 464 2212 ritatesque
486 2162 732 2212 perscriptae.
1433 2190 1438 2193 .
1603 2176 1646 2207 30

211 2237 235 2275 5
309 2229 473 2267 Senatus
496 2229 717 2275 consultmn,
741 2229 1006 2266 Auctore'lates.
1066 2229 1135 2267 Pr.
1160 2229 1212 2267 K.
1239 2228 1407 2267 Octobris
1430 2229 1470 2266 in
1498 2229 1585 2266 aede

296 2344 314 2372 5
337 2333 501 2363 indicaret
515 2332 693 2371 pecuniam
712 2331 916 2372 chsenbetg:
936 2331 1059 2362 indicet
1074 2341 1116 2362 Dc
1130 2330 1339 2373 [pecuniam]
1356 2330 1582 2362 llffmdelssolm

258 2387 293 2415 ¹3
318 2381 459 2415 coeptus
486 2381 538 2406 est
565 2374 684 2412 Lamb.
834 2377 872 2406 18
896 2375 1060 2414 transegit
1087 2380 1121 2405 et
1150 2385 1186 2405 se
1210 2375 1326 2415 vulg:
1358 2375 1581 2414 transegisset

244 2419 338 2450 'codd
359 2433 365 2451 z
391 2419 600 2458 transegisse
617 2425 651 2449 et
669 2429 738 2450 rem
755 2420 872 2450 com'cct'
956 2429 993 2457 31
1023 2419 1171 2450 Senatus
1189 2418 1390 2450 consultum.
1425 2418 1579 2449 Auctori-

252 2470 339 2496 tates
358 2463 451 2494 th.
467 2475 473 2494 x
500 2465 545 2494 ila
561 2462 648 2494 codd.
670 2463 725 2494 sed
741 2463 944 2495 auctoritas:
971 2462 1028 2493 dcl.
1052 2461 1278 2493 Memlelssolm
1296 2461 1420 2493 lllz’iller
