1791 2796
160 895 197 917 10

157 1551 197 1573 20

155 2300 195 2331 30

582 183 694 220 EPP.
728 183 803 219 Al)
836 181 1183 218 FAMILIARES
1491 180 1585 216 XII.
1608 177 1697 216 xvii

272 298 330 334 Ex
369 294 476 345 Syria
510 293 625 333 nobis
664 292 965 331 tumultuosiora
1001 292 1196 342 quaedam
1237 289 1416 329 nuntiata
1450 296 1550 336 sunt,

216 374 317 410 quae
352 360 444 410 quia
479 359 548 398 tibi
581 367 672 397 sunt
707 357 888 408 propiora
923 371 1041 407 quam
1077 356 1203 402 nobis,
1239 363 1305 394 tua
1339 370 1402 395 me
1438 369 1555 394 causa

217 425 339 475 magis
362 432 521 463 movent
542 437 659 474 quam
684 437 780 461 mea.
843 424 996 460 Romae
1025 435 1223 459 summum
1246 421 1369 460 otium
1392 429 1459 467 est,
1485 423 1553 460 sed

216 490 269 528 ita
290 498 331 528 ut
353 489 463 528 malis
494 489 647 527 salubre
675 488 836 538 aliquod
865 495 903 526 et
931 488 1141 526 honestum
1173 486 1399 537 negotium3
1444 487 1552 537 quod

216 569 329 606 spero
350 557 441 594 fore.
501 554 631 593 Video
653 553 691 592 id
714 568 828 592 curae
850 566 934 592 esse
957 552 1125 592 Caesari.

272 622 340 659 Me
379 619 486 666 scito,
529 620 624 658 dum
665 626 705 657 tu
746 618 860 664 absis,
904 617 1014 668 quasi
1055 617 1304 656 occasionem
1349 618 1594 668 quandamz

216 693 254 724 et
292 685 490 724 licentiam
526 692 685 723 nactum
721 684 888 723 scribere
923 683 1122 730 audacius,
1156 690 1193 721 et
1228 691 1356 722 cetera
1390 683 1551 733 quidem

216 752 378 790 sortasse
407 765 507 801 quae
538 750 655 789 etiam
687 757 726 788 tu
755 751 1004 795 concederes,
1036 750 1105 787 sed
1133 748 1308 799 proxime
1338 748 1471 799 scripsi
1503 750 1553 788 de

216 816 368 867 optimo
401 830 542 866 genere
576 814 746 861 dicendi,
786 814 824 852 in
861 828 940 864 quo
976 828 1092 864 saepe
1132 813 1350 863 suspicatus
1390 827 1475 851 sum
1516 821 1553 852 te

215 896 237 919 a
269 881 415 920 iudicio
447 889 580 920 nostro
611 881 665 919 sic
696 880 843 919 scilicet
874 888 915 918 ut
952 881 1114 918 doctum
1153 879 1355 918 hominem
1390 880 1440 917 ab
1472 894 1552 918 non

216 946 378 985 indocto
399 947 559 997 paulum
581 945 780 985 dissidere.
846 944 953 983 Huic
983 952 1023 982 tu
1054 944 1152 983 libro
1182 943 1348 982 maxime
1370 944 1484 982 velim
1507 959 1553 983 ex

214 1012 358 1058 animo,
391 1011 422 1049 si
450 1011 588 1058 minus,
618 1010 762 1061 gratiae
790 1024 907 1048 causa
941 1011 1157 1060 suffragere.
1234 1009 1374 1047 Dicam
1407 1009 1480 1047 tuis
1511 1017 1554 1048 ut

215 1091 317 1122 eum,
352 1076 383 1115 si
415 1076 545 1122 velint,
581 1075 806 1115 describant
847 1076 896 1114 ad
934 1083 1051 1125 teque
1085 1074 1264 1121 mittant:
1306 1082 1402 1124 puto
1434 1075 1549 1121 enim,

215 1141 332 1180 etiam
355 1141 385 1180 si
408 1156 487 1181 rem
511 1141 639 1179 minus
661 1140 856 1191 probabis,
885 1148 1015 1178 tamen
1042 1140 1081 1178 in
1107 1139 1180 1178 ista
1200 1139 1423 1187 solitudine,
1447 1140 1552 1190 quic-

216 1207 312 1257 quid
333 1221 355 1245 a
376 1221 438 1245 me
459 1208 677 1257 profectum
699 1206 756 1252 sit,
782 1205 999 1244 iucundum
1023 1205 1091 1244 tibi
1115 1207 1205 1244 fore.

269 1273 390 1321 Quod
412 1271 507 1310 mihi
528 1271 855 1310 existimationem
879 1278 985 1309 tuam
1011 1270 1322 1321 dignitatemque
1350 1284 1548 1309 commen·
1567 1283 1592 1320 3

214 1339 295 1385 das,
319 1337 412 1376 facis
434 1345 474 1375 tu
496 1337 658 1387 quidem
682 1335 860 1374 omnium
890 1346 1008 1382 more,
1035 1336 1103 1374 sed
1125 1335 1241 1374 velim
1264 1335 1317 1374 sic
1338 1335 1546 1382 existimes,

215 1418 278 1442 me
312 1417 402 1441 cum
436 1402 559 1441 amori
591 1416 709 1452 quem
745 1401 844 1439 inter
878 1415 950 1440 nos
992 1408 1172 1439 mutuum
1208 1415 1291 1440 esse
1326 1401 1547 1451 intellegam

215 1467 426 1519 plurimum
448 1467 627 1513 tribuam,
652 1474 735 1505 tum
757 1467 806 1505 de
827 1480 983 1505 summo
1007 1465 1164 1516 ingenio
1185 1473 1223 1505 et
1243 1467 1293 1505 de
1315 1466 1453 1505 studiis
1475 1466 1550 1504 tuis

216 1532 374 1584 optimis
408 1540 447 1571 et
478 1533 527 1571 de
567 1546 635 1582 spe
674 1531 939 1582 amplissimae
980 1531 1179 1582 dignitatis
1215 1531 1268 1570 ita
1302 1531 1473 1582 iudicare
1508 1539 1550 1570 ut

216 1597 416 1638 neminem
438 1597 508 1636 tibi
528 1605 778 1648 anteponam,
803 1610 1027 1647 comparem
1049 1610 1207 1647 paucos.

257 1750 416 1786 XVIII
503 1753 573 1785 Ser.
593 1753 720 1784 Romae
737 1753 786 1784 vel
799 1764 847 1783 cx.
872 1763 915 1783 nt.
937 1751 1023 1793 Sept.
1046 1751 1094 1783 vel
1113 1752 1156 1783 in.
1181 1752 1249 1783 Oct.

789 1818 820 1838 a.
846 1809 904 1846 708
937 1809 980 1845 ,τό
1000 1831 1006 1837 .

426 1884 599 1916 CICERO
626 1885 660 1915 S.
693 1884 731 1914 D.
762 1882 1038 1914 CORNIFICIO
1065 1882 1330 1914 CONLEGAE.

269 1963 389 2011 Quod
419 1970 633 2001 extremum
665 1961 735 1999 fuit
767 1961 804 1998 in
835 1975 880 1999 ea
911 1960 1077 2010 epistula
1108 1973 1224 2009 quam
1253 1974 1276 1997 a
1302 1967 1339 1998 te
1369 1960 1543 2010 proxime
1564 1973 1579 2000 1

213 2027 357 2077 accepi,
389 2029 439 2066 ad
469 2027 508 2066 id
538 2027 707 2077 primum
738 2026 1014 2077 respondebo,
1054 2025 1229 2063 animum
1261 2025 1406 2063 adverti
1439 2026 1543 2064 enim

213 2093 288 2131 hoc
309 2107 377 2131 vos
399 2106 560 2142 magnos
588 2100 758 2130 oratores
789 2093 914 2130 facere
945 2105 1024 2129 non
1057 2104 1285 2140 numquam.
1347 2090 1544 2140 Epistulas

213 2158 373 2208 requiris
391 2171 520 2205 meas:
550 2171 622 2207 ego
642 2165 773 2196 autem
795 2170 1021 2206 numquam,
1041 2170 1131 2195 cum
1155 2155 1249 2194 mihi
1267 2156 1542 2195 denuntiatum

213 2232 314 2262 esset
334 2237 356 2262 a
376 2223 450 2261 tuis
472 2223 525 2261 ire
545 2223 727 2273 aliquem,
751 2236 830 2261 non
852 2222 954 2261 dedi.

268 2289 388 2337 Quod
409 2287 504 2327 mihi
523 2287 658 2327 videor
681 2303 727 2326 ex
758 2287 832 2326 tuis
859 2287 993 2326 litteris
1019 2287 1241 2337 intellegere
1263 2295 1300 2326 te
1322 2286 1416 2325 nihil
1439 2300 1541 2324 com-

257 2393 278 2422 6
301 2391 380 2423 abes
401 2391 517 2422 Lamb.
639 2402 673 2429 14
700 2392 855 2431 probaris
870 2391 1005 2423 Erncslz'
1113 2402 1150 2432 15
1175 2392 1231 2432 sit]
1252 2397 1302 2422 est
1319 2392 1399 2422 com'.
1417 2390 1541 2421 [Vescu-

213 2435 288 2476 betg
387 2437 424 2466 18
448 2434 608 2474 intellego
625 2435 690 2467 cod.
712 2435 829 2467 Drcsd.
851 2446 871 2475 3
894 2435 1082 2476 chsenbct'g
1189 2446 1226 2475 19
1251 2436 1398 2466 tribuere
1417 2434 1537 2465 Lamb.

214 2489 256 2519 29
280 2484 330 2510 est
349 2480 426 2511 coni.
453 2479 639 2519 lVescnberg
