1791 2796
585 155 697 192 EPP.
730 156 807 192 AD
839 156 1186 193 FAMILIARES
1496 157 1542 193 X.
1564 155 1670 193 xxiii

219 265 341 304 deum
382 265 625 317 benignitate
663 274 705 305 ut
745 274 782 306 et
821 266 997 306 celeriter
1044 281 1108 306 me
1150 267 1363 318 reciperem
1412 275 1449 313 et
1488 267 1552 305 hic

219 331 415 370 discessus
448 332 544 370 nihil
575 334 689 383 fugae
723 333 849 372 simile
877 334 1048 381 haberet,
1078 347 1158 372 non
1189 334 1299 372 miles
1329 334 1441 380 ullus,
1471 347 1551 371 non

221 411 355 447 eques,
385 411 465 436 non
493 397 704 448 quicquam
736 397 1111 448 impedimentorum
1141 399 1383 437 amitteretur
1408 405 1475 436 aut
1501 399 1552 436 ab

222 462 296 500 illis
335 462 573 513 ferventibus
613 463 829 502 latronibus
868 463 1172 514 interciperetur.
1248 466 1387 513 Itaque
1427 463 1553 514 pridie

183 542 199 573 5
224 529 362 566 Nonas
397 528 530 566 Iunias
563 528 691 567 omnis
719 528 852 579 copias
882 530 1029 567 Isaram
1060 529 1192 568 traieci
1220 529 1431 580 pontisque
1452 542 1552 579 quos

222 595 390 632 feceram
416 593 614 644 interrupi,
641 602 683 632 ut
708 594 878 645 spatium
913 596 964 633 ad
1000 584 1266 645 colligendum
1298 609 1338 633 se
1368 594 1551 633 homines

220 659 410 697 haberent
431 667 469 697 et
490 672 562 709 ego
580 673 642 698 me
659 659 806 698 interea
822 674 912 698 cum
930 662 1094 710 conlega
1111 660 1408 710 coniungerem,
1431 673 1548 710 quem

164 745 171 751 -
220 724 362 771 triduo,
386 738 476 763 cum
498 726 567 762 has
589 726 733 763 dabam
755 725 911 771 litteras,
935 726 1223 775 exspectabam.

274 789 496 828 Laterensis
517 790 639 828 nostri
661 798 698 827 et
720 791 838 828 fidem
867 798 904 828 et
932 790 1109 828 animum
1134 789 1369 839 singularem
1392 789 1429 827 in
1452 803 1492 828 re
1513 804 1548 840 p.
1571 796 1597 834 4

163 869 200 891 10
220 868 374 905 semper
393 855 544 893 fatebor
558 870 567 902 3
597 856 666 893 sed
683 862 786 893 certe
803 854 923 893 nimia
939 854 1021 893 eius
1038 854 1281 905 indulgentia
1298 855 1335 892 in
1354 854 1550 905 Lepidum

219 922 270 959 ad
301 922 399 958 haec
431 920 603 970 pericula
634 920 907 970 perspicienda
940 920 1030 958 fecit
1062 934 1152 958 eum
1188 920 1317 958 minus
1357 934 1548 970 sagacem.

221 983 301 1032 Qui
322 983 483 1034 quidem
511 996 601 1021 cum
630 982 669 1020 in
696 984 873 1021 fraudem
902 997 943 1021 se
970 984 1187 1022 deductum
1209 983 1368 1031 videret,
1399 997 1551 1031 manus,

220 1061 317 1099 quas
356 1047 494 1086 iustius
533 1047 573 1086 in
612 1047 754 1098 Lepidi
794 1047 1008 1098 perniciem
1047 1056 1246 1096 armasset,
1288 1048 1362 1086 sibi
1401 1050 1551 1087 adferre

221 1121 386 1152 conatus
407 1121 489 1161 est3
519 1113 558 1150 in
580 1126 659 1163 quo
687 1127 779 1151 casu
801 1122 933 1152 tamen
961 1114 1228 1164 interpellatus
1250 1122 1287 1152 et
1307 1115 1438 1152 adhuc
1459 1113 1552 1152 vivit

162 1193 200 1226 15
222 1186 260 1217 et
289 1178 431 1217 dicitur
454 1178 624 1216 victurus
639 1193 649 1225 3
679 1180 748 1216 sed
778 1186 910 1216 tamen
940 1180 990 1217 de
1015 1180 1090 1216 hoc
1115 1192 1251 1228 parum
1277 1178 1373 1216 mihi
1401 1186 1549 1217 certum

220 1252 288 1282 est.
362 1245 512 1294 Magno
544 1257 633 1282 cum
669 1245 804 1282 dolore
843 1243 1122 1294 parricidarum
1161 1246 1314 1294 elapsus
1354 1258 1440 1282 sum
1480 1244 1594 1292 iisj5

220 1309 431 1347 veniebant
453 1309 558 1347 enim
580 1310 722 1348 eodem
744 1310 872 1348 furore
893 1308 932 1346 in
954 1323 1017 1347 me
1039 1322 1118 1359 quo
1139 1309 1178 1347 in
1199 1309 1362 1360 patriam
1387 1309 1549 1356 incitati,

220 1374 441 1413 iracundias
475 1382 606 1413 autem
647 1376 785 1412 harum
824 1388 951 1412 rerum
992 1374 1158 1412 recentis
1198 1375 1411 1421 habebant,
1443 1376 1551 1424 quod

222 1439 418 1490 Lepidum
449 1439 636 1490 castigare
666 1453 746 1478 non
777 1438 1001 1477 destiteram
1033 1447 1074 1477 ut
1105 1439 1365 1489 exstingueret
1391 1440 1549 1481 bellum.

161 1521 200 1543 20
221 1506 329 1555 quod
350 1505 562 1555 conloquia
582 1506 683 1543 facta
704 1504 989 1554 improbabam,
1013 1506 1122 1554 quod
1142 1506 1289 1555 legatos
1311 1505 1388 1543 fide
1411 1505 1550 1555 Lepidi

220 1570 359 1609 missos
406 1572 458 1609 ad
505 1584 569 1609 me
616 1570 656 1608 in
704 1578 962 1620 conspectum
1011 1570 1142 1608 venire
1184 1578 1395 1617 vetueram‚
1443 1572 1551 1620 quod

221 1636 264 1675 C.
290 1635 447 1675 Catium
468 1635 690 1683 Vestinum,
721 1643 763 1674 tr.
789 1636 881 1682 mil,
905 1635 1068 1673 missum
1100 1636 1150 1674 ab
1181 1635 1358 1674 Antonio
1383 1637 1433 1674 ad
1461 1649 1551 1674 eum

220 1714 310 1739 cum
349 1701 484 1740 litteris
519 1715 749 1752 exceperam
785 1714 1029 1750 numeroque
1064 1700 1187 1739 hostis
1222 1701 1447 1739 habueram.
1504 1703 1551 1739 In

220 1779 300 1815 quo
339 1767 442 1804 hanc
482 1766 596 1816 capio
634 1768 887 1816 voluptatem,
925 1767 1034 1815 quod
1069 1773 1185 1812 certe,
1220 1779 1299 1815 quo
1332 1765 1453 1816 magis
1488 1779 1551 1804 me

160 1846 198 1876 25
221 1831 451 1881 petiverunt,
475 1839 585 1869 tanto
608 1831 794 1869 maiorem
818 1830 862 1868 iis
884 1831 1080 1869 frustratio
1101 1832 1277 1869 dolorem
1298 1830 1437 1869 attulit.

272 1898 348 1944 Tu,
370 1896 422 1934 mi
445 1897 595 1943 Cicero,
619 1898 727 1946 quod
754 1898 884 1935 adhuc
914 1896 1050 1943 fecisti,
1074 1896 1179 1934 idem
1212 1904 1377 1946 praesta,
1397 1904 1439 1934 ut
1459 1895 1550 1946 vigi·
1568 1900 1595 1937 6

217 1963 340 1999 lanter
360 1974 602 2011 nervoseque
618 1974 704 2008 nos,
721 1961 787 2010 qui
809 1969 955 1999 stamus
977 1961 1016 1999 in
1036 1961 1133 2007 acie,
1155 1962 1355 1999 suborneS.
1406 1962 1549 1999 Veniat

218 2027 365 2065 Caesar
396 2039 486 2064 cum
522 2025 646 2076 copiis
679 2039 776 2076 quas
808 2027 927 2064 habet
963 2025 1218 2073 firmissimas,
1250 2034 1327 2072 aut,
1357 2025 1388 2063 si
1418 2025 1547 2075 ipsum

216 2090 348 2141 aliqua
368 2104 427 2129 res
449 2091 627 2141 impedit,
648 2091 838 2129 exercitus
859 2091 1033 2129 mittatur
1049 2107 1057 2138 ;
1087 2091 1197 2129 cuius
1218 2091 1339 2141 ipsius
1360 2105 1547 2141 magnum

260 2197 281 2225 6
305 2200 340 2225 ut
366 2197 510 2233 spatium
538 2196 579 2225 ad
609 2195 836 2234 colligendum
868 2206 905 2226 se
934 2195 971 2225 H
997 2195 1055 2225 sed
1080 2206 1154 2225 cum
1184 2200 1260 2226 nota
1287 2201 1351 2235 pro
1383 2200 1415 2225 et
1446 2200 1547 2234 snpra

215 2239 359 2278 spatium
377 2239 497 2277 Baiter,
515 2239 552 2278 cf.
575 2239 681 2269 Varro
699 2240 736 2270 L.
758 2238 796 2270 L.
815 2240 858 2270 ix.
879 2250 931 2277 42,
949 2243 977 2269 ct
993 2239 1083 2278 Roby
1101 2239 1133 2269 ii.
1150 2244 1182 2278 p.
1201 2239 1303 2268 lxxii:
1329 2249 1358 2269 u.
1379 2249 1404 2268 s.
1426 2243 1458 2268 et
1475 2248 1501 2268 C.
1518 2249 1543 2268 s,

217 2281 292 2312 MD
308 2294 314 2312 :
338 2287 373 2312 ut
390 2287 424 2313 et
439 2283 585 2321 spatium
604 2282 786 2321 colligendi
804 2293 841 2313 se
856 2281 1043 2322 Wzsenlmg
1155 2293 1176 2321 9
1200 2293 1236 2312 re
1254 2293 1285 2321 p.
1299 2281 1387 2312 codd.
1404 2281 1545 2311 Mz'iller:

218 2335 320 2365 remp.
340 2327 441 2366 vulg,
466 2326 503 2365 cs
522 2326 566 2356 xi.
590 2336 637 2364 19.
659 2336 678 2356 2
810 2336 850 2355 22
875 2327 917 2356 ad
943 2337 1018 2356 eum
1044 2326 1161 2357 Maru:
1193 2327 1234 2356 ad
1260 2335 1312 2355 me
1337 2324 1425 2356 codd.
1453 2324 1547 2354 Men-

217 2368 366 2399 delssolzn
393 2369 466 2408 (qui
489 2379 669 2408 exegeram
688 2374 749 2408 pro
773 2379 976 2409 exceperam
1000 2370 1138 2399 com‘ecitu
1273 2378 1314 2407 23
1338 2377 1547 2407 numeroque

217 2412 321 2443 hostis
338 2413 519 2443 habueram
536 2412 628 2443 HD:
653 2423 719 2443 om.
741 2412 782 2442 M
