1791 2796
193 125 321 163 111.x
639 122 695 159 M.
727 122 895 159 TVLLI
928 121 1237 160 CICERONIS

273 248 394 273 unum
424 247 471 272 ex
500 233 686 272 omnibus
715 232 830 280 facio,
849 240 892 270 ut
921 233 1064 279 debeo,
1085 231 1252 282 plurimi,
1275 232 1412 282 quanti
1442 234 1608 272 Brutum

271 302 440 339 facerem
461 300 719 351 (quamquam
741 299 780 337 in
801 298 1090 337 consuetudine
1115 298 1313 336 cotidiana
1334 299 1608 349 perspexisses,

272 366 386 405 sicuti
407 365 635 416 perspicies)
652 379 661 412 3
689 365 772 411 sed,
789 364 977 414 quoniam
998 364 1155 411 accidit,
1170 364 1200 402 si
1217 364 1312 414 quid
1329 378 1351 403 a
1368 378 1430 403 me
1444 373 1609 414 praeter-

273 432 436 471 missum
476 431 556 479 erit,
599 430 856 469 commissum
896 429 1047 469 facinus
1091 437 1129 468 et
1176 429 1394 468 admissum
1433 431 1608 469 dedecus

230 506 254 543 3
273 497 503 537 confitebor.
565 496 814 546 Pomptinus,
835 495 902 546 qui
923 509 945 534 a
966 503 1004 534 te
1025 503 1212 533 tractatus
1239 503 1297 534 est
1324 495 1536 545 praestanti
1562 509 1608 534 ac
1628 512 1644 543 5

272 562 457 613 singulari
487 563 577 609 fide,
610 561 721 600 cuius
757 561 813 599 tui
848 561 1017 600 benefici
1051 574 1139 599 sum
1175 574 1249 610 ego
1283 560 1405 609 testis,
1440 568 1609 611 praestat

272 628 342 667 tibi
374 627 605 666 memoriam
635 626 1047 676 benevolentiamque,
1068 639 1187 676 quam
1218 626 1346 664 debet.
1408 625 1488 675 Qui
1517 639 1608 665 cum

273 693 452 732 maximis
491 693 570 732 suis
609 692 725 731 rebus
760 700 920 730 coactus
952 705 975 730 a
1005 705 1069 730 me
1103 691 1336 730 invitissimo
1363 691 1608 739 decessisset,

273 768 419 807 tamen,
457 767 500 797 ut
538 757 635 797 vidit
673 757 860 796 interesse
902 764 982 805 tua,
1020 757 1295 795 conscendens
1342 756 1419 795 iam
1468 770 1607 795 navem

274 826 436 875 Epheso
461 823 702 862 Laudiceam
729 822 893 861 revertit.
953 822 1067 860 Talia
1100 830 1138 861 te
1170 835 1261 860 cum
1293 822 1423 861 studia
1452 822 1606 861 videam
1630 839 1669 861 10

273 891 500 929 habiturum
530 903 615 928 esse
645 888 959 935 innumerabilia,
981 889 1097 939 plane
1124 887 1304 926 dubitare
1334 901 1413 925 non
1446 901 1608 938 possum

273 956 369 1007 quin
390 956 461 994 tibi
480 955 701 1006 amplitudo
722 954 794 993 ista
814 954 1039 993 sollicitudo
1064 955 1191 992 futura
1217 953 1288 1001 sit;
1319 953 1349 991 si
1371 967 1462 992 vero
1489 955 1608 992 efficis

272 1029 316 1060 ut
336 1034 517 1060 censores
545 1028 733 1067 creentur,
750 1028 787 1058 et
809 1019 839 1058 si
861 1019 913 1058 ita
937 1019 1099 1070 gesseris
1127 1033 1345 1066 censuram,
1366 1027 1407 1057 ut
1429 1027 1465 1058 et
1487 1020 1608 1058 debes

274 1096 312 1127 et
346 1095 471 1138 potes,
506 1100 586 1125 non
618 1085 687 1124 tibi
720 1087 859 1132 solum,
893 1086 962 1124 sed
993 1084 1068 1123 tuis
1098 1084 1284 1123 omnibus
1314 1084 1429 1123 video
1458 1084 1497 1122 in
1528 1098 1610 1135 per-

274 1163 438 1206 petuum
477 1166 634 1192 summo
673 1160 711 1190 te
749 1151 945 1202 praesidio
984 1153 1168 1189 futurum.
1245 1151 1349 1189 Illud
1396 1164 1526 1201 pugna
1571 1159 1608 1189 et
1631 1165 1668 1196 15

273 1220 433 1267 enitere,
455 1232 504 1257 ne
531 1218 626 1268 quid
648 1217 763 1255 nobis
785 1216 972 1267 temporis
994 1223 1235 1266 prorogetur,
1255 1223 1311 1263 ut,
1332 1229 1422 1253 cum
1450 1215 1514 1254 hic
1538 1215 1609 1254 tibi

274 1285 366 1324 satis
400 1284 621 1333 fecerimus,
648 1283 734 1322 istic
762 1296 922 1335 quoque
950 1290 1123 1321 nostram
1155 1281 1194 1320 in
1224 1288 1262 1320 te
1292 1281 1609 1321 benevolentiam

274 1364 416 1389 navare
445 1350 652 1401 possimus.

230 1431 257 1469 4
329 1417 445 1465 Quae
465 1416 515 1454 de
535 1414 744 1453 hominum
763 1421 882 1465 atque
904 1413 1088 1453 ordinum
1104 1412 1283 1452 omnium
1304 1425 1393 1463 erga
1414 1420 1451 1452 te
1472 1412 1610 1452 studiis

275 1480 411 1519 scribis
443 1481 494 1519 ad
526 1493 603 1527 me,
635 1479 797 1518 minime
828 1479 924 1517 mihi
956 1478 1134 1518 miranda
1167 1486 1205 1517 ct
1237 1478 1406 1517 maxime
1437 1478 1610 1516 iucunda
1632 1493 1671 1515 20

274 1547 517 1595 acciderunt,
537 1547 759 1596 eademque
782 1547 834 1585 ad
864 1559 927 1584 me
957 1544 1171 1597 perscripta
1201 1551 1291 1583 sunt
1311 1558 1334 1583 a
1354 1543 1610 1582 familiaribus

276 1613 383 1652 meis.
444 1614 585 1663 Itaque
615 1611 729 1663 capio
760 1625 943 1663 magnam
972 1612 1229 1660 voluptatem,
1259 1623 1350 1649 curn
1385 1609 1468 1657 tibi,
1500 1609 1610 1648 cuius

277 1678 373 1717 mihi
403 1677 575 1717 amicitia
599 1691 679 1715 non
709 1679 837 1716 solum
867 1678 999 1727 ampla
1028 1677 1097 1714 sed
1127 1675 1244 1714 etiam
1275 1675 1447 1713 iucunda
1475 1681 1546 1721 est,
1566 1688 1611 1712 ea

276 1743 407 1792 tribui,
433 1757 535 1794 quae
565 1743 797 1790 debeantur,
827 1750 910 1780 tum
939 1754 1030 1780 vero
1060 1754 1260 1780 remanere
1289 1740 1405 1779 etiam
1437 1752 1542 1777 nunc
1571 1738 1610 1777 in

276 1809 432 1848 civitate
453 1816 585 1847 nostra
604 1807 734 1847 studia
753 1821 876 1858 prope
896 1806 1074 1845 omnium
1102 1818 1297 1844 consensu
1324 1818 1413 1855 erga
1439 1804 1546 1843 fortis
1573 1811 1611 1842 et
1633 1819 1670 1850 25

276 1873 490 1912 industrios
517 1874 633 1921 viros,
653 1886 755 1923 quae
783 1871 878 1910 mihi
906 1871 980 1922 ipsi
1007 1885 1085 1910 una
1112 1884 1266 1922 semper
1293 1870 1436 1909 tributa
1463 1882 1611 1908 merces

278 1947 336 1978 est
358 1940 536 1978 laborum
558 1947 596 1977 et
617 1938 836 1988 vigiliarum
859 1951 1045 1977 mearum.
1077 1929 1080 1931 i

236 2022 261 2061 5
335 2005 439 2043 Illud
473 2017 565 2042 vero
600 2003 695 2041 mihi
730 2003 942 2053 permirum
976 2002 1131 2050 accidit,
1167 2010 1317 2041 tantam
1353 2001 1611 2040 temeritatem

279 2069 397 2108 fuisse
418 2069 456 2107 in
478 2082 526 2107 eo
546 2070 812 2115 adulescente,
833 2068 943 2107 cuius
960 2082 1032 2118 ego
1053 2070 1217 2106 salutem
1240 2069 1279 2105 in
1301 2067 1458 2105 duobus
1474 2065 1610 2116 capitis

279 2134 433 2174 iudiciis
463 2147 617 2172 summa
644 2133 899 2172 contentione
926 2133 1099 2180 defendi,
1120 2141 1161 2170 ut
1186 2133 1261 2171 tuis
1291 2131 1502 2186 inimicit-iis
1531 2144 1611 2169 sus·
1631 2145 1673 2176 30

281 2199 472 2251 cipiendis
505 2198 797 2237 oblivisceretur
832 2212 953 2248 prope
987 2198 1165 2237 omnium
1200 2199 1444 2236 fortunarum
1479 2209 1525 2234 ac
1558 2209 1612 2234 ra-

327 2317 345 2336 2
371 2303 576 2345 perspexisti
607 2302 796 2344 chscnhetg
925 2303 944 2333 8
970 2303 1181 2333 disces-isset
1209 2301 1430 2341 G¹Pl102<¹ers
1575 2311 1612 2331 12

283 2349 402 2390 efficis]
435 2348 588 2379 effeceris
615 2346 759 2378 Lama:
794 2347 918 2378 efficies
945 2346 1075 2386 Kayser
1217 2356 1252 2385 13
1278 2351 1313 2376 ut
1341 2355 1462 2375 censor
1486 2344 1613 2375 creeris

285 2393 403 2424 Lamb.
526 2403 568 2431 29
592 2392 624 2422 in
643 2391 715 2422 add.
742 2390 930 2431 Wesenbetg
1045 2401 1082 2429 31
1110 2400 1215 2430 prope
1233 2389 1364 2426 ΜιῖΙΙεν,
1385 2389 1450 2420 coll.
1473 2399 1501 2418 2.
1522 2386 1554 2418 V
1551 2397 1609 2419 err.

284 2437 304 2468 i.
327 2447 409 2477 139:
436 2446 496 2476 pro
514 2435 600 2467 codd.
619 2447 625 2466 :
652 2436 784 2476 patroni
803 2439 872 2467 vett.
891 2447 897 2465 τ
925 2444 984 2475 pro
1003 2445 1064 2466 suo
1082 2435 1160 2466 coni.
1181 2432 1406 2464 Mendclssolm
