1791 2796
565 129 676 166 EPP.
710 129 787 165 Al)
820 128 1166 166 FAMILIARES
1494 128 1563 166 IV.
1586 126 1633 164 ix

198 237 268 278 tibi
288 238 360 290 ipsi
381 237 594 278 dicendum
616 238 686 277 erit
706 237 865 289 aliquid,
890 239 998 289 quod
1019 251 1100 277 non
1122 237 1274 286 sentias,
1299 245 1365 276 aut
1386 237 1526 276 facien-

196 305 302 351 dum,
337 305 446 354 quod
477 318 557 343 non
588 304 741 354 probes,
802 303 979 342 Primum
1014 302 1181 353 tempori
1213 304 1361 350 cedere,
1396 302 1436 342 id
1468 310 1527 342 est

196 369 417 408 necessitati
449 383 594 420 parere,
630 383 783 420 semper
817 369 1003 419 sapientis
1042 376 1099 408 est
1134 368 1340 416 habitum3
1380 368 1526 408 deinde

196 449 277 474 non
300 435 429 481 habet,
454 443 496 473 ut
517 448 623 473 nunc
644 434 805 484 quidem
827 442 895 482 est,
920 434 960 473 id
981 434 1049 472 viti
1066 448 1135 472 res.
1202 434 1343 472 Dicere
1364 435 1526 473 fortasse

156 514 174 546 5
196 513 296 550 quae
328 500 471 538 sentias
504 514 585 539 non
620 500 720 548 licet,
755 508 882 538 tacere
916 501 1033 550 plane
1068 500 1168 538 licet.
1242 499 1388 538 Omnia
1419 499 1525 538 enim

195 567 324 605 delata
343 567 393 605 ad
414 580 537 604 unum
559 573 673 614 sunt3
703 566 735 604 is
762 566 882 604 utitur
909 565 1075 604 consilio
1096 580 1146 604 ne
1167 579 1327 604 suorum
1349 565 1523 615 quidem,

195 633 264 670 sed
286 646 366 670 suo.
427 633 547 681 Quod
574 646 655 670 non
681 633 805 670 multo
827 645 938 670 secus
960 633 1077 678 fieret,
1102 631 1132 669 si
1157 631 1188 669 is
1216 645 1296 670 rem
1324 632 1524 682 publicam

194 705 353 744 teneret,
370 711 488 748 quern
510 697 633 736 secuti
653 711 799 736 sumus.
855 699 931 744 An,
950 697 1016 747 qui
1038 697 1077 734 in
1099 698 1213 743 bello,
1234 711 1323 735 cum
1346 697 1523 735 omnium

194 770 372 800 nostrum
419 763 675 801 coniunctum
723 770 825 801 esset
872 762 1101 812 periculum,
1143 775 1214 800 suo
1253 770 1291 800 et
1329 770 1523 801 certorum

138 844 177 866 10
193 827 402 865 hominum
426 828 589 866 minime
614 828 869 878 prudentium
899 827 1065 866 consilio
1087 835 1266 875 uteretur,
1291 842 1380 866 eum
1402 828 1525 878 magis

195 906 448 931 communem
475 907 681 931 censemus
710 893 751 931 in
781 892 943 931 victoria
966 894 1139 930 futurum
1169 893 1297 940 fuisse,
1322 907 1439 943 quarn
1470 893 1526 931 in-

195 958 308 996 certis
333 958 372 996 in
402 959 518 996 rebus
542 958 709 996 fuisset?
737 965 787 1005 et,
811 958 878 1008 qui
899 972 973 996 nec
994 966 1032 996 te
1053 960 1215 997 consule
1236 966 1346 996 tuum
1375 958 1525 1009 sapien-

194 1022 387 1060 tissimum
407 1022 615 1061 consilium
641 1030 798 1061 secutus
823 1031 924 1061 esset
951 1037 1024 1061 nec
1051 1024 1165 1061 fratre
1186 1030 1254 1062 tuo
1275 1025 1522 1062 consulatum

194 1102 241 1126 ex
259 1088 488 1127 auctoritate
509 1096 575 1126 tua
593 1096 751 1138 gerente
767 1088 879 1127 vobis
900 1088 1126 1127 auctoribus
1147 1088 1203 1126 uti
1223 1089 1397 1137 voluerit,
1417 1103 1524 1128 nunc

137 1168 174 1200 15
195 1153 329 1191 onmia
365 1160 565 1192 tenentem
603 1161 756 1192 nostras
790 1153 1004 1191 sententias
1039 1153 1351 1192 desideraturum
1385 1167 1523 1193 censes

194 1218 341 1257 fuisse?
388 1219 534 1258 Omnia
554 1226 649 1257 sunt
665 1219 806 1257 misera
826 1219 865 1257 in
888 1219 999 1258 bellis
1021 1219 1211 1266 civilibus,
1234 1233 1335 1269 quae
1356 1220 1522 1259 maiores
1543 1229 1566 1265 3

193 1284 314 1324 nostri
341 1299 391 1324 ne
415 1287 535 1324 semel
556 1286 729 1335 quidem,
756 1294 889 1324 nostra
915 1294 1021 1324 aetas
1046 1299 1163 1335 saepe
1190 1285 1267 1323 iam
1298 1286 1427 1333 sensit,
1452 1287 1522 1325 sed

193 1350 369 1389 miserius
403 1351 500 1388 nihil
534 1365 652 1401 quam
687 1351 772 1401 ipsa
801 1351 991 1399 victoria3
1024 1365 1137 1401 quae,
1162 1351 1279 1389 etiam
1302 1351 1332 1389 si
1359 1352 1410 1390 ad
1445 1365 1523 1390 me-

193 1416 307 1456 liores
338 1416 453 1464 venit,
488 1425 620 1456 tamen
659 1432 727 1456 eos
758 1417 864 1469 ipsos
896 1417 1104 1457 ferociores
1142 1417 1521 1468 impotentioresque

135 1499 174 1521 20
193 1483 331 1530 reddit,
358 1491 410 1530 ut,
443 1483 560 1522 etiam
581 1484 613 1522 si
644 1492 783 1523 natura
814 1485 909 1522 tales
943 1498 1023 1523 non
1054 1483 1143 1531 sint,
1172 1483 1405 1522 necessitate
1436 1497 1521 1522 esse

192 1556 405 1599 coganturg
432 1551 555 1587 multa
575 1550 680 1588 enim
701 1549 837 1589 victori
858 1563 993 1588 eorum
1014 1549 1185 1595 arbitrio,
1208 1562 1276 1599 per
1296 1563 1395 1599 quos
1416 1549 1518 1595 vicit,

191 1613 309 1652 etiam
343 1613 466 1653 invito
498 1614 677 1653 facienda
709 1622 809 1653 sunt
882 1617 946 1652 An
979 1622 1019 1652 tu
1054 1628 1134 1652 non
1169 1614 1331 1652 videbas
1363 1628 1519 1653 mecum

191 1677 317 1726 simul,
341 1692 459 1729 quam
481 1679 546 1717 illa
569 1679 737 1718 crudelis
766 1687 868 1718 esset
888 1680 1017 1717 futura
1036 1678 1227 1717 victoria?
1284 1679 1406 1729 Igitur
1426 1687 1520 1718 tunc

191 1757 351 1794 quoque
389 1758 538 1783 careres
577 1745 710 1795 patria,
745 1759 794 1783 ne
833 1758 934 1794 quae
966 1746 1090 1782 nolles
1126 1743 1307 1782 videres?
1377 1745 1521 1792 ‘Non,'

134 1822 171 1854 25
192 1807 370 1858 inquies3
403 1813 498 1859 ‘ego
518 1809 623 1847 enirn
644 1809 727 1859 ipse
748 1816 921 1847 tenerem
939 1822 1033 1858 opes
1054 1816 1091 1846 et
1113 1808 1343 1858 dignitatem
1366 1815 1520 1848 meam!

192 1874 244 1910 At
264 1881 344 1911 erat
371 1881 460 1912 tuae
490 1873 640 1912 virtutis
665 1873 703 1911 in
729 1873 901 1911 minimis
927 1881 1012 1911 tuas
1038 1886 1096 1911 res
1124 1885 1281 1923 ponere,
1304 1875 1354 1912 de
1383 1887 1422 1912 re
1452 1888 1519 1925 pu-

191 1936 293 1976 blica
313 1938 583 1976 vehementius
611 1939 797 1977 laborare.
859 1939 1015 1976 Deinde
1041 1938 1106 1987 qui
1130 1938 1216 1976 finis
1244 1937 1353 1977 istius
1381 1939 1518 1978 consili

189 2004 276 2041 est?
305 2017 396 2041 nam
426 2005 557 2042 adhuc
584 2011 622 2042 et
650 2005 795 2042 facturn
827 2011 937 2042 tuum
969 2003 1166 2054 probatur,
1190 2011 1228 2041 et
1253 2011 1294 2042 ut
1319 2004 1357 2042 in
1384 2004 1449 2042 tali
1479 2018 1519 2043 re

188 2067 306 2106 etiam
338 2069 493 2108 fortuna
524 2070 714 2117 laudatur,
748 2071 909 2118 factum,
941 2069 1049 2119 quod
1080 2076 1118 2106 et
1149 2067 1303 2106 initium
1334 2068 1425 2107 belli
1456 2082 1519 2108 ne-

131 2147 171 2178 30
188 2133 356 2173 cessario
385 2142 541 2173 secutus
568 2134 619 2173 sis
647 2143 685 2173 et
714 2142 886 2174 extrema
912 2134 1106 2185 sapienter
1130 2136 1310 2184 persequi
1335 2135 1515 2182 nolueris,

189 2199 352 2246 fortuna,
387 2200 496 2249 quod
530 2201 698 2253 honesto
732 2200 813 2239 otio
849 2199 1017 2238 tenueris
1052 2207 1091 2238 et
1122 2207 1266 2238 statum
1301 2207 1339 2237 et
1374 2201 1516 2237 famam

188 2263 387 2314 dignitatis
408 2272 507 2303 tuae.
568 2267 686 2304 Nunc
706 2279 797 2304 vero
818 2279 891 2304 nec
918 2266 1027 2303 locus
1049 2265 1118 2303 tibi
1140 2266 1241 2303 ullus
1263 2264 1413 2303 dulcior
1434 2278 1518 2302 esse

188 2330 307 2368 debet
327 2329 460 2380 patria,
483 2344 556 2369 nec
576 2344 662 2369 eam
684 2330 843 2380 diligere
864 2329 993 2368 minus
1020 2330 1152 2375 debes,
1176 2330 1284 2380 quod
1305 2328 1518 2368 deformior

189 2403 256 2441 est,
281 2396 349 2435 sed
371 2395 541 2434 misereri
565 2395 695 2446 potius
720 2409 793 2434 nec
818 2408 906 2434 eam
932 2394 1062 2433 multis
1090 2393 1201 2433 claris
1221 2393 1309 2432 viris
1338 2394 1514 2433 orbatam
