1791 2796
150 129 220 168 IX.
239 129 284 166 ix
610 130 666 168 M.
697 129 867 168 TVLLI
900 130 1207 170 CICERONIS

243 254 377 291 regum
399 255 444 279 ac
464 239 671 280 nationum
693 240 895 289 clientelis,
918 255 1015 292 quas
1036 249 1232 280 ostentare
1253 242 1390 282 crebro
1411 242 1572 289 solebat,

243 321 328 345 esse
358 314 498 353 tutum,
521 314 560 345 et
590 307 665 345 hoc
695 306 824 354 etiam,
848 308 957 357 quod
988 306 1125 345 infimo
1155 306 1297 357 cuique
1326 307 1500 358 contigit,
1523 308 1576 346 illi

244 385 324 410 non
363 386 478 422 posse
518 371 755 423 contingere,
797 380 839 410 ut
878 373 1043 411 honeste
1082 373 1250 422 effugere
1289 372 1421 423 possit,
1463 375 1576 423 pulso

245 436 368 484 Italia,
401 437 554 476 amissis
590 437 807 488 Hispaniis,
839 445 956 488 capto
987 437 1157 476 exercitu
1187 444 1382 485 veterano,
1415 437 1576 476 circum-

243 503 386 540 vallato
407 517 512 541 nunc
533 502 718 553 denique,
741 503 850 553 quod
872 502 1006 541 nescio
1031 516 1081 540 an
1107 502 1202 540 nulli
1231 516 1418 553 umquam
1441 511 1575 542 nostro
1595 517 1612 549 5

241 567 428 608 acciderit
456 567 689 618 imperatori.
751 570 882 617 Quam
916 569 968 606 ob
998 582 1079 606 rem
1112 568 1208 618 quid
1233 576 1299 606 aut
1329 568 1392 607 ille
1422 580 1576 619 sperare

244 633 367 685 possit
386 642 453 672 aut
477 642 518 672 tu
539 634 716 672 animum
740 635 900 673 adverte
930 648 1000 684 pro
1025 641 1090 672 tua
1119 633 1351 684 prudentia;
1395 633 1449 672 sic
1471 634 1576 673 enim

244 699 426 739 facillime
457 701 565 751 quod
597 699 666 739 tibi
698 699 949 738 utilissimum
982 699 1053 739 erit
1082 699 1221 738 consili
1257 699 1397 750 capies,
1473 701 1576 739 Illud

244 774 376 804 autem
401 780 425 803 α
456 774 493 804 te
517 774 620 816 peto,
644 774 697 814 ut,
721 765 751 804 si
782 765 858 804 iam
884 765 948 805 ille
975 764 1174 804 evitaverit
1201 766 1276 804 hoc
1302 765 1518 815 periculum
1540 773 1578 804 et

245 845 287 870 se
306 831 502 870 abdiderit
523 831 562 870 in
583 833 760 878 classem,
785 839 825 870 tu
854 830 928 870 tuis
956 832 1072 870 rebus
1097 832 1280 877 consulas
1301 839 1339 869 et
1363 830 1578 881 aliquando
1603 849 1638 871 ιο

246 896 316 936 tibi
340 896 470 948 potius
500 911 619 948 quam
652 896 774 936 cuivis
806 897 857 935 sis
883 896 1043 936 amicus.
1104 895 1204 935 Satis
1236 897 1380 934 factum
1410 904 1468 935 est
1500 896 1576 934 iam

246 977 269 1001 a
293 970 330 1002 te
351 965 410 1002 vel
436 963 565 1001 officio
586 965 646 1001 vel
675 962 934 1010 familiaritati,
958 962 1049 1001 satis
1078 964 1224 1001 factum
1253 961 1370 1001 etiam
1402 961 1576 1012 partibus

151 1061 155 1066 .
203 1040 228 1078 3
248 1037 285 1068 et
306 1028 342 1068 ei
362 1028 415 1068 rei
437 1043 485 1080 p.,
510 1043 629 1079 quam
652 1037 692 1067 tu
713 1029 933 1080 probabas;
975 1028 1170 1079 reliquum
1192 1036 1261 1075 est,
1285 1027 1351 1066 ubi
1383 1041 1488 1067 nunc
1519 1036 1577 1067 est

246 1108 305 1133 res
331 1108 378 1145 p.‚
403 1093 457 1133 ibi
477 1093 599 1132 simus
619 1093 750 1144 potius
768 1107 896 1144 quam,
916 1094 1012 1132 dum
1034 1093 1139 1132 illam
1161 1102 1332 1132 veterem
1353 1107 1574 1144 sequamur,

245 1159 367 1198 simus
397 1159 436 1198 in
466 1160 582 1198 nulla.
645 1161 735 1208 Qua
759 1173 799 1201 re
824 1159 951 1207 velim,
980 1159 1034 1198 mi
1058 1159 1341 1199 iucundissime
1369 1159 1519 1207 Cicero,
1545 1158 1577 1198 si
1602 1176 1611 1197 ι
1620 1175 1637 1206 5

245 1227 343 1265 sorte
360 1224 573 1275 Pompeius
594 1226 729 1275 pulsus
751 1224 810 1263 his
832 1239 991 1276 quoque
1013 1225 1109 1264 locis
1131 1239 1259 1264 rursus
1280 1225 1375 1263 alias
1398 1224 1575 1276 regiones

244 1298 376 1342 petere
397 1298 566 1341 cogatur,
591 1297 633 1328 ut
654 1298 694 1328 tu
716 1298 754 1329 te
774 1291 835 1329 vel
855 1291 1033 1330 Athenas
1054 1291 1114 1330 vel
1136 1290 1175 1329 in
1194 1290 1375 1342 quamvis
1394 1290 1575 1341 quietam

243 1355 407 1407 recipias
436 1355 645 1394 civitatem.
706 1356 827 1405 Quod
857 1355 888 1394 si
918 1355 992 1395 eris
1019 1357 1200 1404 facturus,
1223 1355 1339 1396 velim
1364 1355 1460 1394 mihi
1490 1355 1577 1394 scri-

246 1421 324 1468 bas,
355 1428 397 1459 ut
428 1434 510 1471 ego,
542 1420 571 1459 si
604 1422 685 1459 ullo
715 1422 837 1460 modo
866 1428 1014 1471 potero,
1047 1422 1097 1460 ad
1130 1429 1166 1460 tc
1195 1423 1388 1461 advolem.
1450 1422 1577 1471 Quae-

243 1500 414 1536 cumque
445 1488 494 1525 de
525 1493 591 1524 tua
619 1486 810 1537 dignitate
839 1487 889 1525 ab
920 1486 1153 1538 imperatore
1179 1495 1293 1537 erunt
1317 1487 1573 1538 impetranda,
1599 1503 1638 1525 20

244 1566 322 1602 qua
351 1560 409 1591 est
438 1551 683 1591 humanitate
709 1553 863 1599 Caesar,
887 1552 1115 1591 facillimum
1148 1552 1218 1591 erit
1244 1553 1294 1591 ab
1325 1568 1372 1592 eo
1403 1553 1472 1592 tibi
1504 1552 1576 1603 ipsi

245 1617 461 1669 impetrare,
485 1619 524 1656 et
551 1631 657 1656 meas
683 1625 814 1657 tamen
839 1631 973 1669 preces
1000 1619 1106 1668 apud
1136 1632 1226 1657 eum
1257 1633 1337 1657 non
1369 1618 1577 1657 minimum

244 1682 484 1723 auctoritatis
529 1683 732 1722 habituras
779 1691 886 1734 puto.
958 1682 1041 1722 Erit
1084 1691 1173 1724 tuae
1212 1697 1370 1756 quoque
1410 1683 1501 1723 fidei
1540 1689 1579 1737 et

244 1748 500 1799 humanitatis
540 1762 674 1788 curare
707 1750 755 1788 ut
794 1748 825 1788 is
865 1748 1098 1796 tabellarius,
1143 1762 1289 1801 quem
1304 1750 1354 1802 ad
1391 1753 1461 1789 te
1465 1748 1575 1824 misi,

245 1813 385 1884 reverti
399 1813 538 1886 possit
560 1815 650 1885 ad
647 1814 710 1853 nie
727 1816 778 1853 et
807 1828 830 1852 a
859 1822 897 1853 te
927 1813 1024 1852 mihi
1054 1813 1198 1853 litteras
1228 1799 1397 1888 reserat.
1443 1863 1448 1868 ¹
1601 1828 1638 1860 25

291 1962 331 1996 X
446 1965 514 1997 Ser.
537 1965 666 1996 Romae
682 1976 727 1996 ex.
749 1977 778 1996 (ι.
803 1968 862 2004 708
880 1965 1076 2006 (465p011l0
1096 1968 1171 1995 (mse
1187 1966 1223 1995 isi
1235 1965 1276 1995 K.
1298 1964 1370 1996 Ian.

518 2044 560 2074 M.
589 2044 762 2075 CICERO
789 2044 821 2074 S.
853 2044 891 2074 D.
921 2043 955 2074 P.
987 2043 1307 2074 DOLABELLAE.

216 2137 232 2165 1
307 2123 397 2159 Non
421 2135 504 2159 sum
527 2135 644 2160 ausus
666 2121 794 2160 Salvio
816 2130 949 2160 nostro
970 2122 1066 2159 nihil
1087 2123 1137 2160 ad
1166 2130 1202 2160 te
1230 2122 1441 2160 litterarum
1457 2122 1580 2167 dare;

251 2201 323 2225 nec
359 2200 421 2224 me
460 2187 616 2224 hercule
650 2188 843 2225 habebam
877 2187 972 2236 quid
1010 2187 1230 2233 scriberem,
1272 2186 1344 2225 nisi
1385 2191 1481 2225 te'a
1516 2199 1578 2224 me

251 2251 476 2290 mirabiliter
505 2251 636 2297 amari,
663 2253 712 2290 de
740 2265 820 2302 quo
849 2252 965 2290 etiam
996 2252 1092 2290 nihil
1121 2252 1315 2291 scribente
1342 2265 1406 2290 me
1433 2259 1470 2290 te
1496 2265 1576 2290 non
1598 2260 1638 2291 30

293 2361 311 2380 2
338 2350 502 2390 contingit
520 2354 588 2381 vell.
705 2360 724 2389 5
749 2349 911 2390 denique]
931 2349 1079 2388 undiquc
1098 2348 1216 2380 Lamb.
1375 2360 1396 2388 9
1419 2359 1438 2379 a
1457 2354 1488 2379 tc
1506 2352 1575 2379 vett.

254 2393 440 2435 chsenbctg
456 2394 596 2424 Mulier:
622 2398 654 2424 tc
671 2393 758 2424 codd.
782 2393 882 2424 Orelli
896 2392 1054 2424 Scltmalz
1071 2393 1196 2424 Allic'ller
1314 2402 1353 2432 13
1378 2392 1450 2433 ubij
1470 2397 1505 2423 ut
1522 2391 1578 2423 ubi

249 2442 319 2469 vett.
462 2448 496 2477 ¹4
521 2437 693 2476 sequimur
710 2437 829 2468 Lamb.
