1791 2796
162 977 199 998 10

162 1745 199 1767 20

582 149 694 188 EPP.
728 149 804 187 ΑῘ)
837 150 1182 187 FAMILIARES
1495 149 1638 187 XXX!

219 261 529 301 conroborentur
559 268 597 300 et
623 260 744 300 nostri
775 261 1062 312 perturbentur.
1123 262 1170 298 In
1200 273 1280 310 quo
1315 258 1346 298 si
1376 259 1552 299 celeritas

219 326 289 365 erit
309 326 497 374 adhibita,
521 340 579 365 res
601 340 636 377 p.
660 326 699 364 in
721 325 971 377 possessione
992 325 1177 365 victoriae
1197 324 1336 365 deletis
1357 316 1552 365 sceleratis

219 391 475 443 permanebit.
537 394 567 430 F
569 405 615 430 ac
635 392 764 430 valeas
787 404 930 441 meque
950 390 1099 441 diligas.

262 543 373 579 XXI
387 556 411 580 a
478 547 547 580 Ser.
568 558 606 579 ex
623 548 730 579 itinere
745 547 792 579 ad
805 548 937 579 Isaram
951 547 1055 588 paulo
1067 551 1142 587 post
1157 552 1200 589 ep.
1221 547 1288 578 xxi.

640 625 867 657 PLANCVS
891 624 1122 657 CICERONI.

273 705 446 743 Fratrem
469 717 601 743 meum
623 703 704 751 tibi,
728 703 981 743 fortissimum
1004 703 1128 742 civem
1151 711 1189 742 et
1210 703 1259 741 ad
1283 701 1416 740 omnia
1446 715 1552 754 para·
1571 707 1593 745 7

219 768 424 816 tissimum,
463 783 646 808 excusem
681 768 849 808 litteris?
889 768 956 819 qui
991 782 1037 807 ex
1067 768 1200 806 labore
1239 766 1280 805 in
1318 765 1551 805 febriculam

219 833 355 873 incidit
376 833 582 873 adsiduam
610 842 648 873 et
672 834 763 872 satis
792 835 1008 873 molestam.
1069 834 1172 873 Cum
1200 832 1369 884 primum
1397 830 1550 882 poterit,

220 898 318 937 istoc
358 913 552 938 recurrere
591 913 672 938 non
711 898 919 947 dubitabit,
961 913 1011 938 ne
1043 912 1122 949 quo
1154 899 1243 937 loco
1283 897 1335 936 rei
1367 911 1402 947 p.
1437 895 1549 934 desit.

221 966 354 1003 Meam
389 964 619 1015 dignitatem
650 965 970 1004 commendatam
1007 964 1152 1003 habeas
1191 977 1295 1013 rogo.
1356 960 1553 1011 Concupi-

219 1043 324 1068 scere
353 1043 415 1068 me
440 1029 536 1067 nihil
565 1037 718 1080 oportet
734 1045 743 1077 3
784 1029 913 1068 habeo
934 1037 971 1068 te
999 1036 1037 1067 et
1060 1028 1373 1067 amantissimum
1402 1026 1479 1065 mei
1500 1034 1549 1073 et,

219 1096 327 1145 quod
356 1094 497 1145 optavi,
531 1108 708 1133 summae
742 1094 1010 1141 auctoritatis;
1054 1102 1095 1132 tu
1123 1093 1264 1132 videris
1295 1100 1485 1143 quantum
1514 1099 1552 1130 et

219 1161 380 1209 quando
401 1167 511 1197 tuum
534 1173 676 1198 munus
697 1161 803 1210 apud
832 1173 894 1198 me
921 1159 1014 1198 velis
1036 1173 1130 1198 esse.
1191 1161 1363 1197 Tantum
1387 1166 1423 1196 te
1445 1171 1549 1207 rogo,

219 1224 258 1262 in
282 1224 387 1263 Hirti
415 1226 545 1263 locum
569 1238 630 1264 me
651 1225 798 1264 subdas
822 1232 860 1263 et
879 1225 931 1264 ad
953 1232 1064 1263 tuum
1088 1237 1262 1262 amorem
1288 1231 1325 1263 et
1350 1224 1400 1261 ad
1423 1236 1551 1261 meam

220 1288 517 1328 observantiam.

263 1441 398 1476 XXII
445 1444 516 1477 Ser.
532 1444 661 1476 Ronme
676 1445 757 1475 inter
772 1446 829 1476 viii
841 1450 869 1476 et
885 1445 922 1476 1'1‘1'
933 1445 975 1476 K.
993 1445 1106 1485 Qm'nl.
1123 1456 1151 1476 a.
1170 1455 1224 1485 711
1239 1446 1322 1488 (42⁹).

681 1523 855 1555 CICERO
881 1523 1082 1556 PLANCO.

254 1601 320 1638 ¹In
353 1608 390 1639 te
422 1608 459 1640 et
494 1600 531 1638 in
567 1602 730 1651 conlega
764 1601 892 1640 omnis
924 1615 1011 1652 spes
1043 1609 1101 1640 est
1132 1601 1192 1641 dis
1223 1599 1544 1652 adprobantibus.
1567 1611 1582 1638 1

219 1666 442 1705 Concordia
463 1674 599 1714 vestra,
622 1680 723 1716 quae
750 1666 901 1705 senatui
931 1668 1126 1706 declarata
1152 1666 1288 1706 litteris
1315 1665 1450 1704 vestris
1478 1673 1546 1711 est,

219 1730 380 1770 mirifice
401 1739 438 1770 et
460 1739 616 1770 senatus
638 1740 676 1771 et
696 1740 838 1770 cuncta
859 1731 993 1770 civitas
1015 1733 1209 1771 delectata
1228 1739 1296 1770 est.
1357 1731 1478 1779 Quod
1499 1731 1550 1769 ad

219 1809 281 1834 me
311 1795 517 1847 scripseras
547 1798 597 1835 de
627 1811 666 1835 re
695 1796 851 1847 agraria,
884 1797 914 1835 si
945 1798 1147 1835 consultus
1177 1804 1334 1835 senatus
1364 1803 1476 1842 esset,
1508 1804 1550 1834 ut

219 1860 386 1911 quisque
406 1860 842 1900 honorificentissimam
871 1863 921 1900 de
949 1869 986 1900 te
1013 1861 1248 1900 sententiam
1269 1860 1439 1907 dixisset,
1462 1874 1549 1899 eam

218 1934 374 1964 secutus
404 1934 504 1964 esset
520 1941 529 1973 3
572 1925 639 1976 qui
669 1934 772 1965 certe
802 1940 874 1977 ego
905 1926 1076 1965 fuissem.
1144 1928 1222 1965 Sed
1252 1934 1408 1976 propter
1437 1925 1551 1965 tardi-

218 1998 338 2030 tatem
360 1990 641 2030 sententiarum
662 2005 892 2042 moramque
914 2006 1040 2030 rerum
1062 2005 1151 2030 cum
1174 2005 1228 2038 ea,
1253 2005 1353 2041 quae
1374 1992 1550 2029 consule-

181 2056 370 2103 :bantun
402 2057 451 2095 ad
481 2055 626 2095 exitum
657 2070 737 2094 non
767 2056 1023 2107 pervenirent,
1055 2056 1422 2096 commodissimum
1453 2055 1548 2093 mihi

219 2122 445 2171 Plancoque
465 2121 569 2159 fratri
583 2121 707 2160 visum
730 2130 787 2160 est
800 2121 856 2161 uti
873 2136 920 2162 eo
933 2136 960 2161 s.
975 2136 1013 2170 c.‚
1031 2123 1139 2173 quod
1153 2136 1202 2161 ne
1216 2129 1350 2160 nostro
1363 2120 1547 2160 arbitratu

261 2235 278 2262 4
305 2224 436 2255 Novam
453 2229 497 2265 ep.
518 2223 627 2264 incipit
642 2224 869 2255 Mcndclssolzu
1005 2235 1020 2264 7
1047 2225 1223 2266 excusem]
1243 2234 1367 2254 excuse
1388 2224 1438 2254 M¹
1459 2236 1465 2254 :
1488 2235 1546 2254 ex-

219 2278 315 2299 cuses
331 2269 409 2299 MC:
435 2278 558 2299 excusa
574 2267 667 2298 HD:
703 2279 828 2300 excuso
856 2272 926 2300 vett.
948 2268 1100 2299 Rhodius
1237 2267 1374 2307 litteris]
1401 2268 1428 2298 si
1461 2268 1546 2298 mitti

218 2312 267 2342 vis
285 2312 435 2343 Rhodius
564 2322 584 2350 9
608 2312 692 2343 istoc
710 2312 771 2343 M:
806 2313 891 2343 istuc
919 2312 993 2342 HD
1101 2323 1142 2342 22
1167 2322 1239 2342 eam
1266 2316 1403 2342 secutus
1432 2315 1546 2349 esset;

219 2355 291 2397 qui]
307 2355 412 2396 Kleyn
434 2354 623 2396 IVescnbetg
637 2354 780 2386 Mz‘illcr:
804 2366 832 2387 e.
853 2366 878 2386 s.
900 2366 1007 2387 essem
1025 2356 1082 2395 qui
1099 2356 1212 2387 codd:
1235 2356 1290 2394 qui
1315 2366 1388 2386 eam
1410 2359 1548 2385 secutus

219 2404 309 2430 esset
329 2399 505 2430 Graevius:
538 2410 565 2429 e.
589 2410 614 2430 s.
633 2411 662 2430 e.
680 2400 714 2430 in
738 2400 812 2439 quis
837 2399 1065 2431 Mcndclssolzn
1197 2400 1239 2429 26
1263 2410 1303 2430 eo
1327 2409 1354 2430 s.
1380 2409 1406 2429 c.
1428 2398 1546 2429 Mam:

220 2454 260 2473 eo
277 2442 363 2473 codd.
383 2453 389 2473 :
413 2453 438 2475 s.
459 2453 488 2473 e.
508 2443 608 2474 Orelli
