1791 2796
589 161 701 197 EPP.
735 161 811 196 Al)
844 160 1191 195 MMILIARES
1508 159 1667 196 X1V.x

267 296 309 330 X
523 296 590 328 Scr.
610 296 774 328 Brundisi
789 297 832 327 viz·
845 296 893 327 Id.
914 296 1026 336 Quint.
1045 307 1073 327 a.
1098 306 1156 336 707
1175 296 1258 337 (47).

499 374 696 405 TVLLIVS
721 373 755 405 S.
785 374 824 404 D.
853 373 1123 404 TERENTIAE
1149 373 1279 405 SVAE.

281 452 389 501 Quid
422 451 502 490 fieri
534 454 703 502 placeret
735 451 869 502 scripsi
900 453 949 490 ad
983 451 1247 501 Pomponium
1284 451 1405 490 serius
1437 464 1556 501 quam

226 517 408 568 oportuit.
471 518 573 556 Cum
595 530 642 555 eo
663 516 694 554 si
715 518 846 554 locuta
867 516 950 564 eris,
975 516 1175 566 intelleges
1197 516 1292 566 quid
1314 516 1395 555 fieri
1416 515 1557 563 velim3

189 594 204 624 5
226 583 395 633 apertius
426 582 551 630 scribi,
576 581 763 632 quoniam
793 583 843 621 ad
874 582 983 620 illum
1014 582 1255 632 scripseram,
1289 595 1449 620 necesse
1476 595 1556 620 non

226 648 306 686 fuit.
368 650 429 686 De
461 662 507 686 ea
537 661 576 685 re
611 656 648 686 et
683 649 732 686 de
764 647 902 686 ceteris
934 648 1049 685 rebus
1083 661 1201 697 quam
1236 646 1405 697 primum
1440 646 1556 685 velim

226 712 341 752 nobis
372 713 517 752 litteras
552 713 691 751 mittas.
752 712 1032 752 Valetudinem
1073 720 1180 750 tuam
1216 725 1308 751 cura
1339 711 1553 762 diligenter.

224 781 333 818 Vale.
394 791 450 817 V11
474 780 569 818 Idus
592 778 789 828 Quintilis.

269 930 336 965 XI
472 978 474 980 v
510 932 578 965 Ser.
598 933 764 964 Brundisi
775 933 899 966 xvit'Is.
920 933 1033 973 Quint.
1052 945 1082 965 α.
1104 944 1162 974 707
1182 934 1265 975 (47).

169 1019 207 1042 10
501 1012 696 1043 TVLLIVS
723 1012 756 1044 S.
786 1012 824 1043 D.
853 1011 1122 1042 TERENTIAE
1149 1011 1276 1042 SVAE.

279 1091 315 1128 S.
345 1103 377 1127 v.
403 1090 441 1127 b.
469 1102 500 1127 e.
527 1103 560 1127 v.
620 1089 750 1127 Tullia
779 1097 913 1128 nostra
942 1089 1048 1128 venit
1078 1090 1129 1127 ad
1160 1102 1222 1127 me
1252 1102 1305 1138 pr.
1341 1089 1436 1126 Idus
1468 1090 1554 1126 Iun.

227 1155 349 1194 Cuius
371 1168 524 1193 summa
544 1153 685 1192 virtute
706 1162 743 1192 et
765 1154 948 1204 singulari
980 1154 1225 1192 humanitate
1245 1153 1418 1203 graviore
1439 1153 1556 1192 etiam

225 1234 311 1259 sum
333 1221 468 1259 dolore
488 1220 666 1258 adfectus
686 1228 819 1258 nostra
840 1221 985 1258 factum
1008 1233 1092 1258 esse
1114 1218 1359 1269 neglegentia
1379 1226 1422 1256 ut
1442 1220 1557 1268 longe

224 1286 299 1324 alia
318 1286 358 1324 in
380 1287 535 1324 fortuna
555 1293 656 1324 esset
677 1294 795 1336 atque
816 1285 899 1324 eius
920 1285 1044 1335 pietas
1064 1299 1109 1323 ac
1131 1285 1299 1334 dignitas
1319 1284 1554 1334 postulabat.

170 1359 204 1389 ¹5
227 1351 353 1391 Nobis
387 1359 467 1390 erat
499 1351 538 1388 in
570 1351 704 1389 animo
737 1351 970 1391 Ciceronem
1005 1351 1055 1388 ad
1089 1352 1297 1390 Caesarem
1333 1348 1486 1388 mittere
1519 1356 1557 1387 et

225 1431 316 1455 curn
346 1430 394 1455 eo
424 1418 496 1455 Cn.
530 1415 766 1454 Sallustium.
833 1414 872 1453 Si
901 1416 1098 1465 profectus
1129 1414 1210 1461 erit,
1242 1413 1383 1453 faciam
1413 1421 1451 1452 te
1480 1427 1558 1452 cer-

225 1483 373 1521 tiorem.
433 1481 713 1520 Valetudinem
749 1489 857 1519 tuam
896 1494 988 1519 cura
1022 1479 1238 1530 diligenter.
1298 1479 1407 1517 Vale.
1467 1490 1555 1516 xvu

228 1549 276 1585 K.
301 1545 499 1596 Quintilis.

267 1699 359 1734 XII
447 1701 514 1734 Ser.
540 1701 802 1743 Bmmdisz'prid.
824 1701 910 1734 Non.
933 1700 1087 1733 Novemb.
1110 1712 1140 1733 (ι.
1165 1703 1225 1741 706
1243 1701 1330 1742 (48).

169 1798 207 1820 20
499 1780 695 1811 TVLLIVS
720 1779 989 1810 TERENTIAE
1015 1779 1134 1810 SVAE
1161 1779 1194 1810 S.
1225 1779 1265 1810 D.

280 1861 401 1909 Quod
440 1873 512 1898 nos
550 1859 590 1897 in
631 1858 785 1897 Italiam
820 1860 946 1897 salvos
980 1857 1133 1896 venisse
1171 1858 1329 1907 gaudes,
1366 1864 1556 1908 perpetuo

225 1927 395 1976 gaudeas
435 1925 575 1973 velim3
624 1926 693 1963 sed
732 1923 945 1974 perturbati
985 1924 1120 1961 dolore
1165 1922 1285 1961 animi
1326 1922 1556 1974 magnisque

226 1991 373 2030 iniuriis
406 1999 540 2029 metuo
574 2004 623 2028 ne
658 1989 697 2029 id
737 1989 875 2027 consili
915 1988 1143 2038 ceperimus,
1181 1989 1289 2038 quod
1324 2002 1404 2026 non
1443 1987 1555 2026 facile

226 2057 416 2107 explicare
447 2056 652 2107 possimus.
714 2057 803 2104 Qua
833 2070 872 2094 re
902 2063 1093 2105 quantum
1119 2062 1231 2105 potes
1259 2053 1429 2100 adiuva3
1459 2053 1554 2103 quid

168 2133 205 2164 25
226 2130 357 2161 autem
385 2122 509 2173 possis
538 2121 633 2159 mihi
655 2121 694 2159 in
716 2129 890 2160 mentem
918 2135 997 2159 non
1020 2120 1134 2159 venit.
1196 2122 1243 2158 In
1265 2120 1366 2158 viam
1388 2120 1496 2170 quod
1517 2126 1554 2157 te

226 2189 295 2227 des
334 2189 410 2226 hoc
449 2196 625 2238 tempore
659 2186 755 2224 nihil
790 2194 858 2225 est.
932 2188 983 2224 Et
1014 2188 1175 2236 longum
1210 2193 1267 2224 est
1302 2185 1373 2223 iter
1404 2193 1441 2223 et
1473 2198 1553 2222 non

226 2260 364 2299 tutum,
389 2261 426 2292 et
450 2267 531 2292 non
552 2249 667 2292 video
688 2251 784 2302 quid
810 2253 996 2302 prodesse
1017 2251 1154 2302 possis,
1178 2250 1208 2289 si
1229 2250 1390 2290 veneris.
1441 2251 1549 2288 Vale.

228 2320 277 2357 D.
300 2332 354 2370 pr.
379 2320 482 2357 Non.
507 2319 606 2356 Nov.
632 2316 853 2356 Brundisio.

404 2432 438 2452 11
465 2432 495 2454 e.
513 2421 564 2463 v.]
583 2432 612 2453 e.
631 2432 660 2454 e.
679 2432 709 2455 v.
732 2419 928 2462 lVescnbctg,
949 2421 1084 2462 itemque
1105 2422 1152 2461 16,
1177 2431 1223 2461 17,
1244 2430 1351 2460 21-24
