1791 2796
147 152 192 188 V.
218 151 278 187 xii
609 150 662 186 M.
696 150 863 187 TVLLI
897 149 1202 188 CICERONIS

233 274 355 312 spem,
375 260 555 300 timorem
572 275 580 308 ;
612 259 642 299 si
663 274 755 299 vero
777 259 881 300 exitu
898 259 1061 299 notabili
1079 260 1381 306 concluduntur,
1395 259 1570 310 expletur

231 326 387 365 animus
410 326 695 365 iucundissima
717 326 897 365 lectionis
919 327 1130 376 voluptate.

186 392 214 429 6
288 392 380 441 Quo
411 391 507 430 mihi
532 391 718 430 acciderit
741 391 923 442 optatius,
948 391 978 429 si
1007 390 1046 429 in
1073 392 1147 429 hac
1177 390 1371 429 sententia
1391 390 1508 429 fueris
1527 398 1571 430 ut

231 470 253 495 a
285 457 580 496 continentibus
622 457 698 495 tuis
731 456 894 507 scriptis,
930 456 970 494 in
1005 456 1150 506 quibus
1181 463 1412 507 perpetuam
1442 469 1570 495 rerum

231 531 427 573 gestarum
455 522 658 562 historiam
686 522 969 573 complecteris,
997 535 1178 561 secernas
1204 523 1308 560 hanc
1328 521 1439 572 quasi
1464 522 1571 560 fabu-
1591 536 1608 567 5

232 589 310 626 lam
337 602 466 627 rerum
499 596 812 638 eventorumque
847 596 1082 626 nostrorum.
1144 587 1280 625 Habet
1310 586 1414 625 enirn
1445 587 1571 626 varios

231 660 342 691 actus
364 653 683 703 mutationesque
707 660 744 691 et
771 652 1025 692 consiliorum
1047 660 1086 690 et
1107 659 1340 702 temporum.
1401 653 1460 690 Ac
1490 665 1570 691 11011

232 731 368 757 vereor
397 732 447 757 ne
477 718 822 757 adsentatiuncula
851 719 1025 768 quadam
1055 717 1242 767 aucupari
1271 724 1378 755 tuam
1408 717 1570 768 gratiam

233 784 376 831 videar,
401 797 522 834 quom
551 785 628 822 1100
650 785 931 829 demonstrem,
957 796 1021 821 me
1047 796 1070 821 a
1097 791 1135 821 te
1162 781 1411 833 potissimum
1443 781 1570 821 ornari

235 849 502 900 celebrarique
537 851 645 888 velle.
721 850 864 900 Neque
903 849 1009 888 enim
1041 857 1083 887 tu
1122 848 1154 886 is
1193 862 1234 887 es
1268 848 1346 898 qui,
1380 848 1476 898 quid
1506 848 1567 895 sis,
1594 867 1632 889 10

236 915 387 954 nescias
427 923 464 953 et
499 915 565 965 qui
606 929 686 954 non
727 929 794 954 eos
834 915 967 965 magis,
1009 914 1077 965 qui
1116 922 1154 952 te
1195 927 1276 952 non
1317 913 1569 961 admirentur,

235 981 389 1019 invidos
433 993 552 1031 (1113111
596 994 675 1028 eos,
717 981 784 1031 qui
830 982 1002 1027 laudent,
1045 981 1315 1019 adsentatores
1362 979 1546 1018 arbitrere
1562 994 1572 1027 ;

235 1060 364 1097 neque
403 1054 535 1085 autem
575 1060 648 1096 ego
692 1060 779 1084 sum
818 1046 871 1084 ita
911 1047 1085 1092 demens,
1128 1053 1170 1083 ut
1210 1058 1273 1083 me
1312 1045 1572 1095 sempiternae

235 1112 379 1163 gloriae
410 1125 477 1162 per
505 1125 597 1151 eum
628 1111 899 1151 commendari
934 1111 1062 1158 velim,
1095 1110 1162 1161 qui
1191 1124 1271 1148 non
1298 1110 1381 1161 ipse
1412 1124 1572 1161 quoque

236 1178 276 1216 in
297 1192 360 1217 me
381 1179 704 1217 commendando
725 1177 923 1228 propriam
951 1176 1082 1227 ingeni
1107 1176 1270 1227 gloriam
1296 1185 1569 1226 consequatur.
1595 1196 1632 1228 15

193 1252 216 1291 7
238 1245 380 1294 Neque
401 1243 507 1282 enim
528 1244 752 1282 Alexander
780 1243 843 1282 ille
870 1243 1015 1293 gratiae
1043 1255 1161 1281 causa
1189 1242 1240 1280 ab
1263 1243 1401 1292 Apelle
1423 1243 1574 1293 potissi-

239 1323 347 1348 mum
377 1308 483 1360 pingi
515 1316 553 1347 et
586 1323 605 1347 a
644 1309 819 1359 Lysippo
850 1308 943 1359 fingi
976 1309 1144 1355 volebat,
1174 1309 1244 1346 sed
1279 1308 1388 1358 quod
1418 1308 1572 1347 illorum

238 1382 359 1413 artem
381 1388 471 1413 cum
494 1374 586 1425 ipsis
608 1382 692 1412 turn
713 1374 831 1413 etiarn
849 1374 923 1413 sibi
943 1374 1088 1424 gloriae
1110 1375 1192 1413 fore
1208 1374 1381 1424 putabat.
1419 1377 1422 1380 ’
1442 1376 1574 1424 Atque

239 1440 292 1478 illi
313 1440 480 1478 artifices
502 1439 674 1490 corporis
697 1440 905 1478 simulacra
936 1439 1078 1489 ignotis
1107 1448 1201 1478 nota
1222 1439 1443 1488 faciebant;
1473 1453 1575 1490 quae

239 1507 299 1544 vel
334 1505 364 1543 si
400 1507 507 1544 nulla
541 1505 628 1552 sint,
663 1505 789 1544 nihilo
820 1505 897 1544 sint
926 1512 1059 1544 tamen
1092 1504 1338 1544 obscuriores
1368 1505 1459 1544 clari
1491 1506 1570 1544 viri.
1596 1526 1635 1547 20

241 1572 326 1609 Nec
359 1571 488 1608 minus
523 1578 581 1609 est
613 1571 827 1621 Spartiates
860 1571 1066 1621 Agesilaus
1098 1570 1162 1609 ille
1194 1570 1472 1621 perhibendus,
1507 1572 1573 1622 qui

241 1649 370 1686 neque
391 1636 536 1686 pictam
565 1650 694 1686 neque
715 1638 847 1675 fictam
870 1636 1081 1687 imaginem
1103 1649 1213 1675 suam
1241 1649 1378 1687 passus
1399 1645 1457 1675 est
1478 1651 1573 1684 esse,

241 1715 360 1752 quam
382 1702 449 1752 qui
471 1702 509 1740 in
531 1715 579 1741 eo
599 1715 741 1752 genere
763 1703 1013 1750 laborarunt;
1043 1716 1145 1741 unus
1170 1702 1276 1741 enim
1298 1703 1576 1753 Xenophontis

242 1767 396 1806 libellus
418 1767 456 1805 in
478 1781 525 1806 eo
547 1781 634 1817 rege
663 1769 863 1807 laudando
891 1769 1003 1807 facile
1031 1768 1159 1807 omnis
1188 1769 1375 1819 imagines
1397 1769 1575 1807 omnium

242 1841 470 1883 statuasque
501 1834 707 1883 superavit.
769 1837 903 1884 Atque
935 1836 1012 1873 hoc
1044 1835 1304 1885 praestantius
1337 1835 1431 1873 mihi
1462 1835 1575 1873 fuerit
1597 1852 1634 1883 25

243 1907 282 1936 et
301 1899 351 1936 ad
381 1898 565 1937 laetitiam
588 1899 708 1937 animi
735 1908 772 1938 et
796 1901 846 1938 ad
873 1900 1085 1941 memoriae
1114 1901 1355 1951 dignitatem,
1380 1901 1409 1939 si
1441 1900 1480 1939 in
1511 1909 1577 1939 tua

245 1963 387 2013 scripta
408 1977 620 2013 pervenero
643 1978 760 2014 quam
784 1965 813 2003 si
837 1966 875 2004 in
899 1975 1128 2013 ceterorum,
1145 1969 1253 2017 quod
1275 1981 1355 2006 non
1378 1966 1576 2017 ingenium

246 2028 341 2066 mihi
381 2030 507 2066 solum
549 2030 843 2079 suppeditatum
885 2032 997 2070 suerit
1036 2040 1160 2079 tuum,
1201 2033 1301 2071 sicut
1335 2031 1576 2071 Timoleonti

246 2107 269 2131 a
299 2092 465 2131 Timaeo
503 2101 569 2132 aut
607 2095 657 2132 ab
700 2097 909 2135 Herodoto
943 2097 1212 2143 Themistocli,
1250 2099 1319 2136 sed
1358 2097 1474 2136 etiam
1513 2111 1577 2135 au-

247 2157 405 2196 ctoritas
435 2158 635 2197 clarissimi
664 2168 702 2198 et
729 2161 1001 2211 spectatissimi
1029 2162 1097 2200 viri
1125 2170 1162 2201 et
1190 2162 1227 2200 in
1257 2163 1308 2201 rei
1336 2176 1371 2213 p.
1399 2162 1576 2204 maximis
1598 2177 1637 2208 30

293 2272 311 2301 7
337 2263 608 2302 mutationesque
634 2263 792 2305 Madwg:
835 2264 1024 2304 multasque
1052 2266 1203 2296 actiones
1231 2265 1317 2296 codd.
1350 2264 1577 2296 Mendelssolm

254 2315 292 2336 10
315 2307 381 2345 qui.
402 2307 482 2346 quid
501 2307 610 2338 Crat.:
635 2308 794 2347 quicquid
815 2308 898 2339 GR:
933 2309 1012 2347 quid
1030 2308 1089 2340 M:
1113 2309 1180 2348 qui,
1200 2309 1255 2348 qui
1276 2308 1409 2339 Ernesti
1514 2314 1518 2321 “
1540 2310 1578 2339 18

250 2350 342 2389 atqui
359 2349 605 2391 Alatvni-Lag.
699 2361 735 2382 21
765 2351 953 2391 Spartiates
969 2356 1032 2382 vett
1057 2363 1062 2381 :
1088 2353 1252 2392 spatiates
1269 2352 1354 2383 codd.
1371 2364 1378 2385 :
1403 2356 1578 2392 superstes

251 2394 332 2424 coni.
355 2393 581 2424 Mmdelssohn
780 2395 834 2426 ille
857 2395 1087 2436 perhibe-ndns
1109 2396 1194 2427 codd.
1215 2408 1221 2427 z
1246 2396 1380 2428 celeber
1404 2397 1578 2428 habendus

251 2438 329 2467 cuni.
357 2436 384 2466 Η
394 2437 498 2479 'olfflin
