1791 2796
169 989 206 1011 10

172 1659 211 1681 20

587 176 699 213 EPP.
733 176 809 212 AI)
842 174 1190 211 FAMILIARES
1474 174 1592 211 XIII.
1612 173 1704 210 xvii

224 287 264 327 id
295 287 403 338 quod
438 286 585 326 debent
618 286 743 324 facere
782 285 807 324 ii
839 284 906 336 qui
946 284 1123 335 religiose
1158 293 1195 323 et
1225 284 1308 324 sine
1341 283 1560 324 ambitione

222 353 530 399 commendant5
574 351 781 402 spondebo
811 350 917 390 enim
953 349 1023 388 tibi
1053 351 1114 389 vel
1148 350 1278 401 potius
1308 351 1488 401 spondeo
1518 348 1557 388 in

224 431 366 467 meque
387 415 533 466 recipio
553 430 621 454 eos
643 430 727 454 esse
749 417 816 454 M’.
842 414 936 455 Curi
964 429 1092 454 mores
1117 429 1284 466 eamque
1314 429 1404 453 cum
1431 414 1559 466 probi-

224 490 343 520 tatem
374 490 457 519 tum
488 481 605 519 etiam
635 480 932 527 humanitatem,
965 488 1007 518 ut
1037 494 1128 518 eum
1159 488 1195 518 et
1225 479 1397 518 amicitia
1426 488 1492 518 tua
1521 487 1559 518 et

225 555 303 586 tam
333 554 514 585 accurata
541 545 899 593 commendatione,
933 544 963 584 si
994 545 1063 584 tibi
1095 545 1142 583 sit
1173 545 1362 596 cognitus,
1395 545 1556 595 dignum

225 613 275 650 sis
310 612 609 651 existimaturus.
671 611 773 650 Mihi
813 620 917 651 certe
955 611 1219 662 gratissimum
1260 610 1406 658 feceris,
1440 611 1470 648 si
1506 610 1559 649 in-

225 680 408 717 tellexero
432 679 501 716 has
523 678 668 716 litteras
690 685 854 725 tantum,
878 684 1071 728 quantum
1097 676 1271 715 scribens
1292 676 1556 722 confidebam,

223 744 329 794 apud
351 751 387 781 te
409 744 565 793 pondus
586 742 781 782 habuisse,

268 896 428 931 XVIII
552 899 620 931 Ser.
643 898 780 937 Romae,
803 903 839 930 tet
856 899 988 933 videtur.
1009 910 1039 929 (1.
1062 901 1122 938 708
1140 899 1227 939 (46).

673 977 850 1008 CICERO
876 976 1049 1008 SERVIO
1077 977 1110 1007 S.

280 1056 373 1095 Non
407 1056 626 1095 concedam
660 1062 703 1094 ut
735 1055 870 1094 Attico
901 1062 1046 1102 nostro,
1079 1068 1197 1105 quem
1232 1055 1378 1093 elatum
1413 1053 1559 1093 laetitia
1580 1065 1595 1091 1

225 1120 316 1168 vidi,
349 1120 600 1160 iucundiores
626 1128 715 1160 tuae
745 1120 975 1159 suavissime
1004 1121 1055 1158 ad
1086 1133 1177 1158 eum
1208 1128 1245 1158 et
1275 1118 1559 1158 humanissime

227 1185 393 1236 scriptae
431 1185 580 1224 litterae
619 1185 761 1224 fuerint
800 1199 919 1236 quarn
960 1184 1066 1223 mihi.
1151 1186 1255 1223 Nam
1295 1184 1366 1222 etsi
1406 1183 1560 1234 utrique.

225 1259 404 1289 nostrum
437 1264 558 1301 prope
590 1264 715 1300 aeque
749 1258 879 1300 gratae
914 1257 1034 1295 erant,
1072 1257 1204 1287 tamen
1236 1262 1308 1299 ego
1338 1248 1561 1287 admirabar

228 1316 349 1367 magis
385 1324 432 1363 te,
470 1316 548 1366 qui,
585 1317 616 1354 si
656 1324 812 1366 rogatus
843 1323 911 1353 aut
944 1323 1048 1353 certe
1086 1313 1313 1352 admonitus
1353 1313 1561 1352 liberaliter

228 1381 361 1420 Attico
397 1380 665 1432 respondisses
688 1381 840 1431 †(qu0d
876 1388 1007 1418 tamen
1040 1379 1206 1418 dubium
1237 1378 1353 1418 nobis
1382 1378 1477 1429 quin
1508 1378 1561 1417 ita

227 1448 400 1485 futurum
422 1445 535 1485 fuerit
563 1460 644 1484 non
672 1445 781 1495 erat),
806 1446 906 1483 ultro
936 1446 987 1484 ad
1012 1458 1103 1483 eum
1129 1443 1326 1495 scripsisse
1347 1443 1462 1494 eique
1487 1458 1560 1482 nec

228 1511 405 1562 opinanti
426 1513 667 1551 voluntatem
689 1519 796 1550 tuam
818 1518 966 1549 tantam
987 1524 1055 1561 per
1076 1510 1220 1548 litteras
1241 1509 1438 1548 detulisse.
1500 1511 1562 1548 De

229 1591 308 1627 quo
347 1591 428 1616 non
467 1578 588 1617 modo
627 1590 761 1628 rogare
795 1584 833 1615 te
867 1584 910 1615 ut
940 1590 988 1614 eo
1027 1575 1240 1614 studiosius
1276 1588 1363 1614 mea
1401 1588 1560 1625 quoque

230 1655 347 1681 causa
371 1641 488 1681 facias
518 1656 599 1681 non
626 1642 755 1681 debeo
780 1641 895 1692 (nihil
925 1640 1030 1680 enim
1061 1639 1296 1679 cumulatius
1327 1639 1407 1678 fieri
1432 1647 1561 1690 potest

229 1721 348 1757 quam
379 1707 601 1758 polliceris),
626 1709 695 1747 sed
726 1721 775 1746 ne
802 1706 942 1758 gratias
973 1705 1135 1757 quidem
1164 1718 1287 1755 agere,
1311 1706 1420 1755 quod
1450 1712 1491 1742 tu
1522 1712 1559 1744 et

229 1772 348 1822 ipsius
369 1786 487 1811 causa
507 1780 545 1811 et
566 1780 631 1811 tua
658 1780 798 1823 sponte
823 1771 959 1810 feceris
978 1785 987 1819 3
1027 1771 1124 1809 illud
1145 1778 1277 1808 tamen
1298 1769 1439 1817 dicam,
1463 1769 1557 1809 mihi
1577 1777 1602 1805 2

228 1837 280 1885 id,
317 1839 437 1888 quod*
459 1837 594 1885 fecisti,
631 1851 716 1876 esse
747 1837 1021 1888 gratissimum.
1081 1837 1178 1874 Tale
1213 1835 1317 1874 enim
1356 1844 1467 1874 tuum
1507 1835 1560 1874 iu-

230 1902 377 1941 dicium
408 1904 457 1941 de
488 1902 648 1941 homine
679 1917 737 1950 eo,
762 1916 880 1952 quem
912 1916 984 1952 ego
1015 1901 1130 1939 unice
1161 1900 1291 1950 diligo,
1323 1914 1404 1939 non
1431 1908 1560 1950 potest

173 1985 209 2015 25
231 1967 326 2005 mihi
356 1981 437 2006 non
468 1981 620 2005 summe
651 1981 735 2005 esse
766 1967 1008 2014 iucundnm;
1050 1968 1157 2016 quod
1188 1980 1278 2003 cum
1309 1965 1361 2004 ita
1390 1966 1448 2013 sit,
1475 1980 1559 2004 esse

173 2308 213 2337 50

229 2041 381 2082 gratum
412 2046 572 2071 necesse
602 2041 670 2071 est.
741 2033 819 2071 Sed
850 2040 993 2078 tamen,
1026 2031 1213 2081 quoniam
1246 2030 1341 2069 mihi
1371 2045 1441 2081 pro
1470 2045 1559 2069 con-

230 2097 430 2136 iunctione
470 2106 602 2135 nostra
633 2098 692 2135 vel
724 2111 886 2147 peccare
925 2098 1031 2147 apud
1066 2105 1102 2134 te
1137 2096 1176 2134 in
1216 2096 1425 2135 scribendo
1457 2095 1557 2143 licet,

230 2171 440 2212 utrumque
470 2176 616 2209 eorum,
643 2176 743 2212 quae
774 2162 910 2212 negavi
942 2161 1037 2199 milii
1068 2162 1248 2201 facienda
1275 2176 1370 2208 esse,
1394 2161 1559 2199 faciam:

230 2241 321 2265 nam
343 2236 379 2266 et
400 2229 450 2266 ad
471 2227 522 2274 id,
546 2228 653 2277 quod
674 2226 795 2266 Attici
816 2240 933 2265 causa
963 2235 999 2266 te
1020 2226 1226 2265 ostendisti
1247 2240 1331 2265 esse
1352 2228 1555 2273 facturum,

231 2300 383 2331 tantum
405 2292 521 2330 velim
549 2293 683 2340 addas,
714 2300 904 2342 quantum
933 2306 979 2331 ex
1003 2300 1138 2330 nostro
1164 2306 1298 2330 amore
1321 2290 1557 2330 accessionis

232 2356 313 2396 fieri
335 2365 474 2408 potest,
498 2365 546 2404 et,
570 2358 677 2407 quod
706 2358 827 2396 modo
854 2357 1025 2405 verebar,
1048 2356 1118 2395 tibi
1146 2357 1285 2407 gratias
1306 2370 1429 2407 agere,
1453 2370 1557 2394 nunc

372 2463 410 2492 16
434 2461 679 2501 respondisses,
701 2461 795 2492 nobis
813 2466 944 2502 gratum
963 2461 1236 2500 fecisses—quod
1253 2458 1430 2491 Lelmnum
