1791 2796
575 188 686 224 EPP.
720 188 796 223 Al)
830 186 1175 223 FAMILIARES
1410 184 1528 221 XIII.
1548 182 1690 219 lxxvii

212 299 265 339 rei
286 306 353 338 aut
373 297 649 338 existimationi
669 304 737 336 aut
756 296 936 348 dignitati
958 304 1048 336 tuae
1068 297 1198 336 deero.
1253 298 1385 346 Atque
1408 296 1484 333 hoc
1505 301 1548 332 ut

212 364 267 403 tui
302 363 508 403 necessarii
541 363 675 410 sciant,
712 364 788 401 hoc
823 376 885 401 me
919 362 1053 401 animo
1092 376 1181 412 erga
1222 369 1258 400 te
1300 375 1396 407 esse,
1430 358 1546 398 velim

215 429 332 468 facias
360 443 427 469 eos
452 443 519 479 per
546 428 690 467 litteras
716 427 908 475 certiores,
932 435 974 465 ut
1005 427 1032 465 si
1063 427 1158 478 quid
1191 426 1261 465 tibi
1290 440 1388 477 opus
1421 425 1468 463 sit
1498 438 1548 463 ne

213 495 395 535 dubitent
417 494 512 532 mihi
533 493 614 533 iure
635 507 707 533 suo
727 493 969 532 denuntiare.

176 573 192 606 5
268 562 323 599 M.
349 562 555 606 Bolanum,
582 559 706 598 virum
732 560 882 597 bonum
911 566 949 597 et
974 560 1112 598 sortem
1144 567 1182 597 et
1214 558 1399 598 omnibus
1431 558 1546 596 rebus
1566 570 1591 597 2

213 613 628 675 ornatum'meumque
648 633 819 663 veterem
840 624 1023 671 amicum,
1048 624 1117 663 tibi
1141 638 1284 675 magno
1307 638 1424 674 opere
1446 636 1550 661 com-

216 693 372 731 mendo.
447 693 671 741 Pergratum
705 689 800 728 mihi
836 690 982 737 feceris,
1018 690 1046 728 si
1084 690 1228 728 curaris
1261 698 1303 728 ut
1338 690 1369 727 is
1405 689 1550 727 intelle-

215 767 278 808 gat
308 759 410 796 hanc
441 755 829 795 commendationem
862 755 934 793 sibi
969 770 1112 806 magno
1145 756 1375 795 adiumento
1409 753 1551 799 suissc3

218 824 427 875 ipsumque
447 822 570 861 virum
593 821 786 873 optimum
808 821 1151 872 gratissimumque
1175 835 1400 872 cognosces.
1463 822 1551 857 Pro-

160 906 199 929 10
219 889 332 928 mitto
371 888 442 928 tibi
481 896 518 927 te
556 902 601 927 ex
640 887 723 926 eius
762 887 934 926 amicitia
970 901 1152 938 magnam
1189 889 1430 938 voluptatem
1467 900 1551 924 esse

216 963 432 1006 capturum.

270 1023 473 1059 Praeterea
499 1034 521 1058 a
549 1027 585 1058 te
612 1027 703 1070 peto
732 1019 770 1057 in
797 1019 984 1059 maiorem
1008 1021 1172 1059 modum
1203 1033 1273 1070 pro
1298 1026 1429 1058 nostra
1457 1016 1550 1055 ami·
1569 1027 1593 1063 3

221 1086 312 1125 citia
336 1093 374 1125 et
401 1100 470 1138 pro
499 1093 567 1124 tuo
597 1093 786 1136 perpetuo
810 1085 848 1124 in
876 1099 938 1124 me
967 1085 1098 1125 studio
1127 1093 1169 1123 ut
1194 1084 1232 1122 in
1264 1086 1336 1123 hac
1363 1098 1402 1122 re
1432 1082 1549 1121 etiam

216 1152 415 1191 elabores:
449 1150 672 1200 Dionysius,
707 1164 839 1189 servus
871 1165 991 1197 meus,
1026 1150 1092 1201 qui
1124 1164 1252 1189 meam
1284 1149 1551 1188 bibliothecen

160 1233 197 1264 15
218 1219 430 1257 multorum
466 1229 717 1254 nummorum
757 1216 943 1262 tractavit,
983 1230 1072 1254 cum
1110 1217 1254 1254 multos
1286 1214 1405 1253 libros
1444 1212 1554 1252 surri-

218 1283 365 1334 puisset
389 1295 461 1321 nec
489 1296 529 1320 se
555 1281 716 1331 impune
746 1282 912 1319 laturum
941 1289 1103 1331 putaret,
1134 1280 1293 1330 aufugit.
1366 1281 1405 1317 Is
1432 1287 1489 1317 est
1514 1278 1552 1316 in

218 1347 418 1400 provincia
458 1355 533 1386 tua.
596 1349 697 1385 Eum
735 1355 774 1385 et
816 1349 870 1385 M.
912 1348 1096 1393 Bolanus,
1131 1360 1233 1384 meus
1272 1344 1478 1391 familiaris,
1516 1351 1554 1381 ct

221 1414 331 1454 multi
360 1413 424 1453 alii
454 1416 637 1453 Naronae
667 1413 859 1459 viderunt,
886 1414 965 1460 sed,
999 1427 1089 1452 cum
1120 1427 1161 1452 se
1188 1427 1210 1451 a
1237 1426 1299 1451 me
1327 1424 1445 1449 manu
1467 1409 1554 1448 mis-

220 1496 306 1521 sum
338 1495 422 1520 esse
454 1480 610 1527 diceret,
651 1479 910 1519 crediderunt.
986 1481 1109 1518 Hunc
1144 1486 1184 1517 tu
1218 1478 1247 1517 si
1281 1477 1376 1515 mihi
1406 1475 1555 1515 restitu-

162 1550 367 1588 mendum
407 1546 560 1593 curaris,
603 1561 683 1585 non
725 1559 886 1597 possum
927 1544 1057 1584 dicere
1099 1557 1218 1595 quam
1262 1542 1357 1581 mihi
1402 1549 1553 1592 gratum

220 1616 391 1653 futurum
420 1614 478 1653 sit.
540 1615 619 1652 Res
648 1613 731 1664 ipsa
757 1626 883 1663 parva,
909 1612 977 1650 sed
1007 1610 1127 1649 animi
1150 1609 1226 1648 mei
1251 1610 1364 1648 dolor
1391 1621 1554 1657 magnus

174 1696 177 1699 ·
220 1689 287 1720 est.
353 1681 435 1720 Ubi
463 1680 510 1719 sit
537 1688 575 1719 et
603 1679 699 1730 quid
729 1678 808 1717 fieri
832 1677 954 1728 possit
977 1678 1150 1715 Bolanus
1179 1682 1216 1713 te
1237 1672 1406 1713 docebit.
1470 1674 1554 1722 Ego

221 1746 251 1784 si
282 1746 483 1786 hominem
516 1760 583 1796 per
613 1754 650 1784 te
683 1744 909 1795 reciperarQ
948 1755 1103 1781 summo
1139 1753 1202 1779 me
1236 1753 1258 1777 a
1292 1746 1329 1777 te
1360 1735 1554 1777 beneficio

222 1812 420 1850 adfectum
432 1811 668 1850 arbitrabor.

166 1952 204 1984 ²5
268 1947 506 1984 LXXVIII
635 1948 703 1980 Scr.
726 1948 852 1979 Romae
868 1948 910 1978 itt.
933 1959 961 1978 a.
984 1949 1043 1986 708
1064 1947 1146 1985 [46‘.

614 2027 658 2058 Μ.
686 2026 861 2057 CICERO
888 2025 1096 2056 ALLIENO
1123 2024 1155 2054 S.

280 2104 530 2145 Democritus
561 2104 765 2154 Sicyonius
797 2118 876 2143 non
907 2106 1033 2143 solum
1070 2104 1213 2153 hospes
1250 2113 1360 2139 meus
1395 2105 1452 2137 est
1487 2098 1555 2136 sed
1576 2104 1591 2130 1

224 2171 353 2218 etiam,
377 2171 485 2221 quod
516 2183 595 2208 non
626 2168 757 2207 multis
785 2168 957 2219 contigit,
986 2167 1145 2206 Graecis
1175 2164 1414 2217 praesertim,
1443 2163 1556 2201 valde

225 2235 423 2276 familiaris
438 2250 448 2284 3
477 2243 534 2274 est
563 2234 667 2274 enim
699 2234 737 2273 in
768 2249 816 2274 eo
845 2247 999 2273 summa
1028 2232 1211 2284 probitas,
1243 2244 1398 2270 summa
1423 2228 1554 2275 virtus,

274 2355 310 2384 14
337 2343 562 2375 bibliothecen
586 2342 680 2373 MD:
706 2342 849 2374 -thecam
867 2341 923 2373 H:
952 2340 1165 2380 βιβλιοθήκην
1190 2339 1380 2380 chscnbmg
1520 2346 1556 2376 15

226 2388 457 2428 surrupuisset
474 2387 515 2417 M
607 2396 642 2425 17
668 2396 762 2417 meus
778 2385 856 2417 add.
876 2389 945 2417 vett.
1049 2395 1090 2424 25
1115 2384 1207 2415 Haec
1228 2388 1257 2415 et
1279 2394 1393 2414 omncs
1416 2380 1557 2422 deinceps

226 2437 293 2473 epp.
323 2441 423 2471 usque
450 2430 498 2461 ad
513 2431 621 2470 finem
652 2430 726 2460 libri
750 2430 808 2461 xvi
830 2430 1042 2462 inveniuntur
1068 2430 1101 2459 in
1128 2428 1225 2460 codice
1250 2425 1444 2467 Ersurtenst}
1472 2434 1560 2455 nunc

227 2475 431 2508 Bcrolz'nensi
444 2473 502 2515 (F)
