1791 2796
109 151 224 190 XIII.
244 151 304 188 liii
626 151 680 187 M.
713 150 880 208 TVLLI
913 150 1220 189 CICERONIS

297 286 406 321 LIII
488 288 559 321 Scr.
578 289 612 319 in
632 289 741 320 Cilicia
759 289 808 320 vel
821 300 867 321 cx.
888 300 919 321 α.
942 299 996 329 705
1017 289 1084 330 (51)
1103 289 1153 321 vel
1167 289 1211 322 in.
1232 300 1262 322 a.
1286 299 1346 330 704

778 346 859 386 (ῥύ),
879 349 914 376 ut
930 345 1065 377 videtur.

585 421 762 453 CICERO
788 422 992 454 THERMO
1019 421 1188 453 PROPR.
1217 422 1252 453 S.

216 511 232 537 1
307 501 348 538 L.
393 499 602 540 Genucilio
646 501 778 539 Curvo
821 499 898 539 iam
943 499 1095 551 pridem
1140 506 1228 538 utor
1275 497 1584 545 familiarissime,

251 564 403 616 optimo
427 565 509 605 viro
534 573 572 605 et
599 565 760 604 homine
784 564 1013 616 gratissimo.
1076 566 1179 604 Eum
1207 563 1277 603 tibi
1302 563 1459 615 penitus
1483 578 1588 603 com-
1606 580 1624 613 5

252 632 400 671 mendo
429 639 548 682 atque
575 632 697 678 trado,
726 630 895 682 primum
921 639 962 669 ut
991 629 1177 670 omnibus
1207 629 1247 668 in
1275 630 1391 669 rebus
1418 629 1453 669 ei
1483 643 1587 669 com-

253 698 402 744 modes,
450 697 584 748 quoad
630 697 726 735 fides
773 704 839 735 tua
880 695 1129 747 dignitasque
1178 694 1345 746 patietur
1362 710 1371 743 3
1419 694 1588 746 patietur

251 770 384 802 autern
415 762 454 801 in
485 761 698 809 omnibus:
734 761 830 800 nihil
861 761 966 801 enim
997 762 1067 800 abs
1098 769 1135 800 te
1165 774 1365 811 umquam,
1399 761 1508 811 quod
1538 759 1586 799 sit

209 840 233 867 2
252 827 424 867 alienum
446 827 521 867 tuis
541 835 609 866 aut
629 827 746 867 etiam
769 828 847 866 suis
876 826 1061 875 moribus,
1085 826 1310 878 postulabit.
1372 825 1585 877 Praecipue

251 900 383 932 autem
415 892 486 931 tibi
513 894 755 932 commendo
791 892 948 944 negotia
980 892 1073 939 eius,
1107 905 1208 942 quae
1240 899 1330 930 sunt
1361 891 1400 930 in
1433 892 1585 930 Helles·
1608 908 1646 931 10

250 966 384 1008 ponto,
408 957 578 1009 primurn
600 965 643 997 ut
663 958 840 997 obtineat
861 958 901 997 id
922 957 1014 996 iuris
1036 957 1074 995 in
1100 957 1209 1008 agris,
1234 958 1343 1007 quod
1364 956 1398 996 ei
1421 956 1585 995 Pariana

249 1023 384 1062 civitas
409 1023 581 1063 decrevit
608 1032 646 1062 et
671 1023 780 1063 dedit
809 1032 847 1062 et
875 1024 984 1074 quod
1015 1036 1169 1074 semper
1194 1021 1365 1062 obtinuit
1393 1021 1476 1061 sine
1506 1023 1584 1060 ulla

249 1088 522 1136 controversia,
553 1089 712 1136 deinde,
743 1089 773 1127 si
807 1088 902 1139 quid
937 1087 1101 1127 habebit
1135 1101 1225 1127 cum
1260 1087 1393 1138 aliquo
1431 1088 1584 1126 Helles-

248 1154 386 1205 pontio
416 1155 714 1201 controversiae,
738 1162 780 1193 ut
801 1154 840 1192 in
862 1154 967 1193 illam
989 1155 1173 1204 διοίκησιν
1195 1153 1340 1193 reicias.
1401 1153 1479 1192 Sed
1502 1166 1582 1191 non

249 1219 343 1257 mihi
371 1219 516 1267 videor,
547 1234 637 1259 cum
664 1219 733 1259 tibi
763 1227 888 1258 totum
917 1219 1120 1259 hominem
1149 1217 1447 1270 diligentissime
1478 1231 1582 1256 com-
1607 1235 1615 1257 ι
1624 1234 1642 1265 5

248 1285 478 1332 mendarim,
513 1285 684 1336 singulas
718 1287 767 1325 ad
800 1294 837 1324 te
872 1285 955 1324 eius
987 1299 1123 1324 causas
1155 1284 1394 1335 perscribere
1423 1284 1578 1323 debere.

246 1352 409 1389 Summa
434 1351 497 1389 illa
517 1359 599 1390 est:
631 1350 832 1401 Quicquid
858 1350 972 1398 offici,
996 1349 1174 1397 benefici,
1205 1349 1365 1388 honoris
1390 1349 1429 1387 in
1451 1351 1582 1389 Genu-

246 1415 378 1454 cilium
409 1416 632 1463 contuleris‚
665 1416 705 1456 id
736 1424 773 1456 te
805 1416 1038 1456 existimabo
1068 1416 1107 1455 in
1138 1429 1200 1455 me
1231 1415 1359 1467 ipsum
1390 1423 1510 1466 atque
1541 1414 1580 1454 in

248 1495 328 1521 rem
351 1495 478 1521 meam
501 1482 724 1521 contulisse.

287 1636 389 1672 LIV
459 1639 529 1671 Ser.
550 1638 730 1671 Laudiceae
747 1641 830 1671 inter
844 1651 873 1672 a.
894 1639 923 1671 d.
942 1640 978 1670 iii
991 1639 1041 1672 Id.
1061 1639 1148 1672 Febr.
1166 1644 1195 1672 ct
1212 1651 1256 1672 m.
1274 1639 1359 1682 Apr.
1599 1644 1641 1667 20

804 1707 834 1727 a.
856 1706 915 1735 704
938 1696 1018 1736 25⁰)-

579 1778 753 1810 CICERO
780 1779 982 1811 THERMO
1008 1779 1177 1812 PROPR.
1206 1781 1240 1813 S.

297 1859 398 1897 Cum
429 1859 550 1896 multa
579 1857 673 1896 mihi
695 1866 802 1908 grata
826 1867 926 1905 sunt,
951 1873 1052 1909 quae
1082 1868 1121 1898 tu
1147 1861 1343 1899 adductus
1366 1874 1451 1900 mea
1473 1874 1576 1899 com-

243 1922 496 1962 mendatione
519 1922 653 1969 fecisti,
671 1931 753 1961 tum
777 1922 814 1960 in
837 1922 981 1973 primis,
998 1926 1106 1975 quod
1132 1913 1185 1963 Μ’.
1208 1925 1441 1972 Marcilium,
1460 1925 1573 1964 amici

240 1996 358 2037 atque
390 1988 608 2038 interpretis
635 1987 710 2027 mei
738 1988 870 2034 lilium,
903 1990 1172 2030 liberalissime
1204 1990 1440 2038 tractavisti;
1469 1990 1574 2030 venit
1597 2003 1635 2035 25

241 2053 344 2090 mim
370 2053 607 2092 Laudiceam
631 2062 668 2092 et
691 2053 758 2092 tibi
788 2056 893 2105 apud
918 2070 979 2095 me
1002 2056 1177 2107 mihique
1199 2064 1356 2107 propter
1377 2065 1413 2096 te
1433 2056 1574 2106 gratias

242 2118 428 2156 maximas
450 2119 536 2168 egit.
599 2123 689 2167 Qua
714 2135 762 2166 re,
788 2123 895 2172 quod
922 2122 1114 2172 reliquum
1143 2130 1210 2169 est,
1241 2137 1263 2161 a
1288 2130 1324 2161 te
1354 2130 1456 2172 peto,
1480 2135 1574 2172 quo-

241 2184 344 2222 niam
366 2186 471 2235 apud
493 2194 621 2235 gratos
645 2188 825 2227 homines
848 2189 1084 2228 beneficium
1107 2188 1231 2239 ponis,
1257 2196 1297 2226 ut
1319 2202 1366 2226 eo
1388 2186 1572 2226 libentius

241 2249 284 2287 iis
315 2252 546 2289 commodes
576 2266 815 2303 operamque
842 2255 922 2300 des,
947 2255 1078 2304 quoad
1108 2255 1205 2293 sides
1236 2261 1300 2292 tua
1331 2252 1506 2303 patietur,
1531 2259 1572 2289 ut

240 2329 372 2353 socrus
404 2318 667 2357 adulescentis
700 2333 762 2358 rea
793 2333 841 2358 ne
874 2321 947 2358 siat.
1011 2322 1094 2369 Ego
1128 2333 1218 2359 cum
1252 2326 1369 2357 antea
1396 2317 1571 2356 studiose
1592 2333 1632 2363 30

334 2430 370 2458 17
397 2421 483 2451 illast
502 2421 644 2453 MiiIler:
671 2422 723 2452 illa
741 2422 783 2453 sit
801 2422 888 2453 codd.
1026 2434 1063 2462 24
1090 2423 1202 2464 amici}
1222 2423 1355 2454 accensi
1376 2421 1477 2452 Orelli
