1791 2796
549 132 660 168 EPP.
693 131 770 167 AD
803 131 1149 167 FAMILIARES
1449 132 1525 169 ΙΙΙ.
1548 132 1593 168 iv

170 246 262 283 Mea
284 243 322 281 in
353 251 390 281 te
420 243 553 281 omnia
583 255 736 280 summa
767 241 1068 279 necessitudinis
1095 243 1221 279 officia
1246 242 1494 280 constabunt.
1516 252 1539 278 2

169 310 271 347 Nam
294 322 383 347 cum
405 317 442 347 te
464 309 606 357 ipsum,
627 321 672 345 ex
693 320 773 357 quo
794 316 970 357 tempore
993 316 1033 345 tu
1056 321 1118 344 me
1139 307 1299 357 diligere
1320 308 1496 357 coepisti,

167 373 312 413 cotidie
351 374 469 424 pluris
513 373 596 415 feci,
633 380 716 411 tum
755 380 1005 410 accesserunt
1043 372 1161 411 etiam
1197 373 1498 411 coniunctiones

167 439 473 478 necessariorum
501 446 658 477 tuorum
681 438 779 488 (duo
809 438 914 476 enim
945 440 1111 476 duarum
1139 446 1311 477 aetatum
1342 438 1498 488 plurimi

130 517 146 547 5
168 504 282 552 facio,
316 506 388 543 Cn.
428 503 672 554 Pompeium,
706 503 807 542 filiae
837 511 927 542 tuae
957 517 1149 550 socerum,
1173 511 1210 541 et
1240 505 1294 542 M.
1320 505 1496 549 Brutum,

167 582 354 620 generum
393 571 537 620 tuum),
583 568 817 618 conlegique
863 568 1092 607 coniunctio
1142 568 1368 619 praesertim
1417 576 1496 606 tam

168 634 383 673 honorifice
403 648 427 672 a
447 642 483 672 te
504 634 719 684 approbata
748 647 827 672 non
857 633 1056 672 mediocre
1078 633 1278 672 vinculum
1302 633 1395 671 mihi
1417 633 1498 683 qui-

167 701 257 737 dem
297 699 472 737 attulisse
510 699 664 737 videtur
701 700 752 737 ad
791 700 1012 737 voluntates
1052 708 1203 737 nostras
1242 701 1495 749 copulandas.

168 767 245 803 Sed
266 774 316 812 et,
334 765 363 802 si
386 764 572 804 Clodium
590 778 826 813 convenero,
840 779 886 803 ex
902 765 1003 803 illius
1018 779 1199 803 sermone
1213 766 1263 803 ad
1277 773 1314 803 te
1331 766 1499 803 scribam

111 842 149 864 10
167 832 277 880 plura
311 838 348 868 et
380 830 462 879 ipse
497 843 655 879 operam
687 830 792 868 dabo
827 837 865 868 te
900 838 939 868 ut
975 843 1093 880 quam
1125 830 1294 880 primum
1331 830 1495 868 videam.

168 896 288 944 Quod
321 894 455 932 scribis
486 894 555 932 tibi
577 895 764 933 manendi
789 908 946 933 causam
972 909 1058 933 eam
1081 895 1211 936 fuisse.
1239 903 1280 933 ut
1314 909 1376 933 me
1411 909 1500 934 con-

167 960 328 1007 venires,
361 960 399 998 id
430 959 538 1002 mihi,
569 973 618 998 ne
649 960 827 1002 mentiar,
857 969 914 998 est
944 969 1105 1010 gratum.

210 1151 251 1185 V
436 1154 503 1185 Scr.
530 1154 692 1184 Trallibus
707 1165 735 1186 a.
756 1153 786 1186 cl.
806 1155 841 1185 vi
854 1154 896 1185 K.
918 1154 1004 1185 Sext.
1026 1165 1054 1185 a.
1078 1165 1132 1194 703
1152 1156 1232 1194 (512

466 1241 641 1273 CICERO
668 1242 701 1273 S.
732 1242 770 1273 D.
797 1241 940 1273 APPIO
966 1242 1204 1274 PVLCHRO.

110 1343 147 1374 15
223 1330 362 1369 Trallis
401 1330 489 1368 veni
528 1344 559 1368 a.
594 1331 630 1368 d.
666 1342 705 1368 VI
740 1331 790 1368 K.
829 1331 930 1368 Sext.
992 1330 1054 1368 Ibi
1095 1330 1191 1368 mihi
1229 1338 1385 1380 praesto
1427 1330 1534 1369 fuit1

167 1395 212 1434 L.
256 1395 428 1434 Lucilius
463 1409 553 1434 cum
593 1395 727 1433 litteris
767 1395 1043 1446 mandatisque
1082 1395 1183 1443 tuis:
1223 1409 1303 1446 quo
1338 1395 1498 1446 quidem

169 1461 371 1500 hominem
407 1460 605 1499 neminem
641 1460 801 1511 potuisti
836 1474 910 1499 nec
945 1461 1041 1499 mihi
1075 1460 1302 1499 amiciorem
1338 1474 1422 1508 nec,
1458 1469 1499 1498 ut

167 1525 344 1574 arbitror,
368 1527 418 1564 ad
449 1540 494 1564 ea
524 1528 814 1575 cognoscenda,
834 1539 937 1577 quae
966 1526 1064 1565 scire
1093 1527 1285 1573 volebam,
1309 1526 1500 1576 aptiorem

168 1591 513 1642 prudentioremve
545 1591 708 1630 mittere.
769 1593 853 1642 Ego
887 1599 1019 1631 autem
1054 1600 1092 1630 et
1126 1600 1212 1630 tuas
1248 1592 1392 1630 litteras
1426 1592 1500 1641 legi

110 1671 150 1692 20
170 1656 335 1695 libenter
365 1665 401 1694 et
431 1656 563 1695 audivi
595 1656 789 1695 Lucilium
820 1656 1035 1707 diligenter.
1097 1659 1226 1704 Nunc,
1250 1657 1437 1707 quoniam
1463 1665 1499 1696 et

169 1729 210 1759 tu
232 1721 285 1760 ita
305 1722 424 1760 sentis
447 1721 599 1772 (scribis
621 1722 740 1770 enim,
761 1736 862 1772 quae
882 1724 926 1760 de
944 1722 1086 1761 nostris
1114 1722 1251 1760 officiis
1281 1736 1353 1772 ego
1382 1724 1433 1760 ad
1463 1731 1500 1760 te

170 1786 404 1836 scripserim,
425 1787 509 1840 >etsi
545 1787 614 1825 tibi
655 1787 827 1825 iucunda
862 1787 1016 1835 fuerint,
1049 1795 1196 1835 tamen,
1228 1787 1415 1837 quoniam
1454 1802 1501 1826 ex

170 1852 249 1889 alto
270 1851 432 1900 repetita
453 1851 541 1898 sint,
564 1864 644 1889 non
666 1851 884 1890 necessaria
903 1860 941 1890 te
962 1852 1149 1903 putasse),
1171 1860 1208 1890 et
1235 1866 1275 1890 re
1302 1865 1390 1891 vera
1410 1866 1500 1890 con-

172 1917 323 1954 firmata
348 1916 519 1954 amicitia
540 1925 577 1955 et
599 1924 803 1967 perspecta
831 1918 908 1955 fide
936 1917 1261 1957 commemoratio
1282 1918 1499 1956 officiorum

114 1997 151 2028 25
172 1994 461 2031 supervacanea
481 1990 552 2029 est,
573 1995 659 2020 eam
690 1990 839 2032 partem
872 1983 1058 2021 orationis
1089 1984 1408 2033 praetermittam,
1429 1984 1499 2022 tibi

172 2054 302 2084 tamen
323 2060 450 2096 agam,
471 2054 512 2084 ut
533 2047 676 2095 debeo,
696 2048 836 2097 gratias
854 2064 860 2089 ς
890 2048 1145 2086 animadverti
1177 2048 1281 2087 enim
1312 2057 1350 2087 et
1379 2049 1499 2087 didici

171 2125 217 2148 ex
255 2110 330 2148 tuis
369 2111 504 2149 litteris
543 2120 580 2150 te
620 2113 805 2151 omnibus
844 2113 883 2151 in
923 2115 1038 2152 rebus
1078 2114 1262 2152 habuisse
1296 2114 1500 2160 rationem,

171 2182 212 2212 ut
233 2175 328 2213 mihi
349 2177 572 2214 consuleres
593 2177 893 2228 restitueresque
923 2186 961 2216 et
991 2192 1144 2228 parares
1174 2179 1348 2229 quodam
1379 2179 1499 2216 modo

169 2240 315 2287 onmia,
336 2253 415 2289 quo
437 2254 524 2278 mea
545 2241 642 2279 ratio
669 2242 817 2280 facilior
844 2251 880 2281 et
909 2243 1071 2281 solutior
1098 2257 1182 2281 esse
1203 2251 1344 2293 posset.
1407 2244 1499 2281 Hoc
1518 2254 1540 2281 2

213 2343 235 2371 6
258 2342 445 2382 collegique
466 2343 493 2373 G
587 2354 621 2382 ¹7
640 2344 813 2375 hominem
831 2344 902 2374 MG
917 2358 923 2376 ε
949 2346 1085 2377 homine
1102 2346 1135 2377 R
1226 2353 1264 2375 21
1286 2346 1328 2377 de
1339 2345 1412 2376 add.
1428 2350 1497 2376 vett.

172 2386 214 2415 28
234 2385 518 2427 restitueresque]
537 2388 846 2428 praestitueresque
866 2387 968 2420 Orelli
