1791 2796
570 173 681 210 EPP.
714 173 791 210 AD
824 173 1169 211 FAMILIARES
1388 173 1506 210 XIII.
1526 171 1677 210 xxxvii

204 296 264 322 res
291 281 375 334 ipsa
403 282 609 334 impetrare
636 283 755 323 debet
790 290 832 321 ut
859 283 893 322 ei
922 283 1141 322 subvenias.
1203 285 1377 335 Quoquo
1409 284 1531 323 modo

203 356 334 387 autem
366 362 406 387 se
436 362 494 387 res
525 349 654 396 habet,
682 355 774 399 peto
801 362 823 386 a
851 356 888 386 te
921 357 963 386 ut
993 348 1152 387 honoris
1184 348 1259 387 mei
1291 362 1408 387 causa
1437 362 1528 387 eum

203 413 388 464 expedias
410 421 642 464 tantumque
663 413 697 452 ei
724 414 955 453 commodes
976 422 1014 452 et
1035 413 1074 452 in
1100 415 1172 453 hac
1198 427 1238 453 re
1258 422 1296 452 et
1318 414 1355 452 in
1379 413 1526 461 ceteris,

204 487 395 529 quantum
412 487 477 518 tua
491 480 588 518 fides
602 478 850 531 dignitasque
867 478 1043 530 patietur.
1098 480 1145 519 Id
1164 478 1259 518 mihi
1276 481 1530 520 vehementer

164 557 181 588 5
201 553 353 595 gratum
375 545 456 584 erit.

245 663 492 700 XXXVIII
537 666 606 699 Ser.
622 667 761 706 Romae,
776 671 812 698 ut
830 667 963 709 videtur,
980 679 1009 699 (ι.
1030 670 1090 708 708
1103 668 1190 709 (ᾳόῆ.

492 737 664 770 CICERO
687 735 853 771 ACILIO
876 739 1182 771 PROCONSVLI
1202 740 1240 773 S.

258 811 298 848 L.
320 810 505 857 Bruttius,
529 824 650 862 eques
673 813 734 860 R„
756 812 989 851 adulescens
1011 812 1196 852 omnibus
1219 813 1333 852 rebus
1356 821 1528 861 ornatus,

201 874 240 913 in
273 875 370 915 meis
403 876 712 915 familiarissimis
741 882 797 915 est
823 891 966 928 meque
996 879 1176 917 observat
1206 878 1530 930 diligentissime;

145 955 182 978 10
200 939 311 979 cuius
332 955 422 980 cum
443 950 552 992 patre
573 955 714 992 magna
739 942 833 981 mihi
860 943 931 981 fuit
957 943 1129 982 amicitia
1156 943 1233 983 iam
1259 944 1351 984 inde
1370 959 1392 984 a
1413 959 1529 995 quae-

200 1014 305 1045 stura
335 1021 421 1046 mea
450 1006 653 1046 Siciliensi.
715 1008 892 1047 Omnino
923 1022 1028 1047 nunc
1059 1008 1142 1059 ipse
1174 1010 1347 1048 Bruttius
1373 1011 1527 1050 Romae

200 1085 355 1111 mecum
384 1080 441 1111 est
457 1087 465 1120 3
496 1074 564 1112 sed
594 1080 726 1112 tamen
754 1075 919 1112 domum
950 1073 1032 1113 eius
1060 1082 1098 1113 et
1123 1089 1203 1114 rem
1234 1075 1462 1114 familiarem
1491 1084 1528 1115 et

200 1145 467 1187 procuratores
494 1137 565 1177 tibi
589 1138 644 1177 sic
672 1140 922 1187 commendo,
947 1147 988 1178 ut
1010 1139 1156 1179 maiore
1177 1140 1308 1180 studio
1329 1155 1530 1181 commen-

199 1203 291 1241 dare
319 1217 398 1242 non
427 1203 585 1254 possim.
647 1204 921 1243 Gratissimum
951 1204 1045 1243 mihi
1076 1205 1224 1253 feceris,
1252 1206 1283 1244 si
1310 1206 1453 1245 curaris
1487 1216 1528 1246 ut

141 1276 177 1309 15
199 1267 396 1319 intellegat
419 1268 604 1316 Bruttius,
628 1268 667 1308 id
689 1271 797 1320 quod
818 1267 853 1308 ei
881 1270 1022 1321 recepi,
1045 1272 1147 1310 hanc
1176 1285 1302 1310 meam
1328 1286 1527 1312 commen-

198 1332 398 1372 dationem
421 1333 494 1373 sibi
517 1348 660 1385 magno
680 1335 910 1375 adiumento
932 1336 1061 1375 fuisse.

240 1455 438 1491 XXXIX
529 1458 596 1491 δον.
618 1459 756 1501 Ronme,
775 1464 811 1491 ul
828 1460 963 1500 vz'a'ctm‘,
981 1472 1011 1491 α.
1033 1463 1093 1500 708
1114 1461 1168 1501 ζᾳό
1187 1486 1193 1493 .

484 1532 655 1564 CICERO
679 1532 845 1563 ACILIO
868 1532 1177 1565 PROCONSVLI
1197 1534 1233 1565 S.

251 1606 354 1644 Cum
383 1605 529 1644 familia
550 1605 730 1644 Titurnia
754 1606 1006 1645 necessitudo
1037 1606 1131 1644 mihi
1161 1606 1366 1646 intercedit
1391 1615 1526 1656 vetus3

138 1682 176 1705 20
196 1685 241 1709 ex
262 1685 339 1721 qua
360 1671 531 1723 reliquus
553 1680 612 1710 est
633 1673 688 1710 M.
712 1671 914 1710 Titurnius
936 1673 1076 1719 Rufus,
1101 1671 1167 1722 qui
1193 1672 1287 1710 mihi
1309 1672 1417 1711 omni
1443 1673 1525 1712 dili-

194 1735 325 1786 gentia
348 1745 467 1788 atque
493 1737 622 1776 officio
648 1745 705 1776 est
727 1738 907 1776 tuendus.
960 1739 1030 1775 Est
1052 1737 1166 1788 igitur
1186 1737 1224 1775 in
1244 1746 1309 1776 tua
1330 1746 1524 1789 potestate

195 1809 236 1839 ut
258 1801 321 1841 ille
338 1802 376 1840 in
395 1817 457 1841 me
475 1802 566 1842 satis
589 1803 661 1842 sibi
684 1802 851 1853 praesidi
873 1809 983 1853 putet
1013 1816 1108 1841 esse.
1161 1804 1411 1854 Quapropter
1432 1818 1521 1843 eum

195 1866 263 1904 tibi
286 1869 526 1907 commendo
555 1867 595 1906 in
624 1867 810 1906 maiorem
844 1868 1007 1906 modum
1034 1876 1071 1906 ct
1101 1868 1172 1906 abs
1201 1876 1237 1907 te
1264 1877 1355 1918 peto
1380 1869 1523 1909 efficias

194 1940 235 1970 ut
270 1932 300 1970 is
335 1932 724 1972 commendationem
761 1935 863 1971 hanc
900 1932 1097 1982 intellegat
1131 1933 1204 1972 sibi
1241 1947 1383 1984 magno
1416 1935 1523 1975 adiu-

134 2009 173 2041 25
194 2005 328 2036 mento
360 1998 488 2037 fuisse.
551 1998 633 2036 Erit
663 2001 707 2036 ίιί
733 1998 827 2036 mihi
860 1999 1111 2037 vehementer
1140 2007 1302 2048 gratum.

235 2122 313 2157 XL
449 2127 520 2158 Ser.
540 2127 668 2158 Romae
683 2140 730 2159 (ιν,
751 2140 780 2160 (ι.
803 2132 864 2166 (²9¹)
892 2130 934 2167 '55
968 2134 1027 2160 [ml
1045 2141 1074 2160 a.
1099 2140 1156 2168 700
1177 2134 1257 2170 ’,μ-φ).

317 2198 359 2229 Μ.
388 2198 563 2229 CICERO
590 2201 625 2230 5.
656 2199 693 2231 D.
722 2200 762 2238 Q.
789 2200 1040 2231 ANCHARIO
1067 2202 1105 2240 Q.
1138 2201 1169 2232 F.
1199 2201 1394 2232 PROCOS.

247 2270 289 2306 L.
313 2278 350 2307 et
372 2271 416 2309 C.
440 2270 620 2309 Aurelios
644 2272 685 2309 L.
711 2271 820 2319 filios,
845 2272 987 2322 quibus
1009 2281 1046 2311 et
1069 2272 1160 2323 ipsis
1182 2281 1218 2311 et
1240 2281 1347 2323 patre
1369 2287 1515 2319 eorum,

192 2332 273 2372 viro
305 2334 465 2385 optimo,
500 2335 796 2375 familiarissime
831 2346 927 2384 utor,
958 2339 1197 2377 commendo
1228 2338 1297 2376 tibi
1331 2337 1516 2376 maiorem

133 2409 172 2439 50
193 2398 230 2436 in
262 2401 437 2447 modum,
465 2401 729 2440 adulescentis
764 2402 948 2441 omnibus
979 2403 1137 2453 optimis
1168 2403 1316 2442 artibus
1346 2411 1515 2450 ornatos,

481 2509 502 2538 9
527 2503 580 2530 cst
596 2497 672 2531 add.
695 2503 762 2530 vrit.
899 2510 940 2539 25
963 2498 997 2532 id
1015 2499 1091 2531 add.
1111 2503 1181 2533 vcll.
