1791 2796
565 154 675 190 EPP.
709 153 786 190 AD
818 152 1164 190 FAMILIARES
1449 153 1567 189 XIII.
1587 150 1679 188 xxii

197 265 515 316 quibuscumque
546 265 661 303 rebus
692 265 857 303 honeste
887 277 933 303 ac
963 278 1033 315 pro
1064 271 1129 302 tua
1154 263 1343 314 dignitate
1373 264 1528 317 poteris,

198 330 339 369 iuveris
360 338 478 381 atque
500 330 695 369 ornaveris
711 344 721 377 3
750 344 795 368 ex
810 329 1011 381 ipsiusque
1028 337 1226 379 praeterea
1246 329 1472 379 gratissimis
1493 336 1531 367 et

201 395 492 434 humanissimis
525 395 699 434 moribus
732 395 924 433 confirmo
959 393 1029 431 tibi
1064 401 1101 432 te
1136 407 1237 441 eum,
1275 408 1394 444 quem
1429 395 1531 432 soles

199 462 368 499 fructum
397 474 419 498 a
449 461 645 499 bonorum
675 459 844 498 virorum
880 458 1017 498 officiis
1051 466 1286 510 exspectare,
1325 473 1410 498 esse
1444 473 1533 510 cap-

161 537 178 568 5
200 534 340 566 turum,

241 681 402 718 XXIII
525 684 593 718 Ser.
616 685 754 720 Romae,
779 690 814 717 ut
832 686 966 725 videtur,
987 697 1016 717 a.
1039 688 1098 725 705
1117 685 1202 725 (46).

646 763 821 794 CICERO
848 763 1021 794 SERVIO
1047 763 1081 794 S.

255 842 295 879 L.
321 840 514 890 Cossinio,
538 840 667 880 amico
698 849 736 880 et
767 841 898 881 tribuli
927 847 999 888 tuo,
1024 842 1137 880 valde
1158 841 1397 881 familiariter
1418 849 1531 889 utor;
1550 849 1567 876 1

198 919 289 944 nam
316 914 353 945 et
381 906 480 944 inter
507 914 662 945 nosmet
690 906 795 958 ipsos
823 914 935 945 vetus
964 920 1056 945 usus
1087 906 1293 945 intercedit
1318 915 1355 946 et
1377 907 1531 946 Atticus

142 983 180 1005 10
199 979 331 1010 noster
364 971 553 1010 maiorem
587 971 705 1011 etiam
738 972 834 1010 mihi
865 986 955 1011 cum
988 971 1171 1011 Cossinio
1202 972 1532 1012 consuetudinem

198 1036 299 1074 fecit.
360 1038 500 1086 Itaque
529 1044 611 1075 tota
640 1037 797 1076 Cossini
827 1038 969 1076 domus
1000 1050 1063 1075 me
1093 1036 1217 1086 diligit
1248 1036 1288 1075 in
1317 1036 1531 1087 primisque

198 1100 358 1140 libertus
389 1101 482 1147 eius,
511 1103 552 1140 L.
582 1102 786 1142 Cossinius
818 1101 1043 1149 Anchialus,
1077 1103 1199 1140 homo
1229 1110 1266 1140 et
1297 1110 1462 1153 patrono
1493 1110 1530 1140 et

200 1166 353 1216 patroni
374 1166 611 1213 necessariis,
636 1180 715 1216 quo
742 1166 782 1205 in
810 1180 974 1205 numero
1003 1180 1075 1217 ego
1097 1180 1195 1213 sum,
1219 1167 1527 1217 probatissimus.

202 1232 324 1269 Hunc
345 1231 415 1269 tibi
436 1231 489 1269 ita
509 1232 759 1278 commendo,
785 1239 836 1277 ut,
861 1231 891 1269 si
920 1245 1030 1270 meus
1061 1231 1221 1270 libertus
1249 1239 1350 1270 esset
1374 1233 1531 1270 eodem-
1549 1239 1572 1265 2

143 1308 178 1340 15
202 1309 278 1345 que
299 1296 405 1346 apud
430 1309 492 1334 me
516 1297 605 1335 loco
633 1304 734 1335 esset
757 1310 835 1347 quo
859 1294 930 1349 [et]
952 1304 1010 1335 est
1037 1298 1143 1347 apud
1171 1310 1286 1335 suum
1308 1305 1528 1347 patronum,

201 1360 347 1398 maiore
367 1360 498 1399 studio
519 1362 799 1400 commendare
821 1375 901 1400 non
918 1375 1086 1412 possem.
1143 1363 1233 1411 Qua
1254 1376 1293 1400 re
1309 1370 1531 1413 pergratum

199 1424 295 1463 mihi
316 1425 461 1472 feceris,
487 1425 517 1464 si
538 1440 628 1465 eum
650 1426 690 1465 in
710 1426 922 1465 amicitiam
952 1434 1059 1465 tuam
1086 1426 1277 1477 receperis
1293 1434 1411 1476 atque
1427 1441 1529 1473 eum,

199 1491 307 1540 quod
347 1490 430 1529 sine
465 1491 643 1530 molestia
676 1499 742 1530 tua
773 1492 849 1537 fiat,
885 1491 916 1529 si
949 1505 1026 1541 qua
1057 1491 1097 1529 in
1132 1505 1171 1530 re
1206 1505 1304 1542 opus
1339 1491 1374 1530 ei
1406 1492 1530 1538 fuerit,

199 1554 351 1594 iuveris.
413 1556 461 1594 Id
488 1563 527 1594 et
552 1556 647 1594 mihi
675 1557 928 1595 vehementer
954 1564 1105 1606 gratum
1137 1556 1207 1594 erit
1237 1564 1274 1594 et
1302 1556 1371 1595 tibi
1396 1564 1533 1606 postea

143 1635 181 1657 20
199 1619 441 1668 iucundun13
483 1620 687 1660 hominem
722 1620 828 1660 enim
862 1634 1016 1660 summa
1050 1620 1254 1672 probitate,
1289 1621 1532 1660 humanitate

201 1685 528 1738 observantiaque
558 1699 783 1737 cognosces.

244 1839 397 1875 XXIV
422 1837 426 1839 ’
529 1842 598 1874 Ser.
619 1842 757 1877 Romae,
780 1847 815 1873 ut
832 1843 966 1879 videtur,
985 1853 1014 1873 a.
1038 1844 1098 1882 708
1117 1842 1199 1883 (46¹.

648 1919 822 1951 CICERO
849 1919 1020 1951 SERVIO
1047 1919 1080 1950 S.

256 1999 359 2037 Cum
390 2005 505 2036 antea
539 1997 743 2048 capiebam
775 2012 821 2036 ex
852 1997 980 2036 officio
1013 2011 1101 2036 meo
1135 1998 1387 2048 voluptatem,
1422 1997 1530 2047 quod
1551 2005 1566 2031 Ι

145 2076 181 2107 25
203 2062 456 2101 memineram
497 2076 615 2111 quam
655 2061 724 2100 tibi
764 2062 968 2112 diligenter
1008 2064 1218 2111 Lysonem.
1258 2061 1453 2112 hospitem
1493 2069 1530 2100 et

202 2127 429 2165 familiarem
460 2141 603 2174 meum,
627 2128 980 2175 commendassem,
1008 2135 1090 2166 tum
1118 2141 1219 2173 vero,
1250 2135 1386 2177 postea
1413 2140 1530 2177 quam

202 2206 249 2229 ex
286 2191 420 2230 litteris
460 2191 542 2229 eius
582 2191 747 2241 cognovi
781 2191 851 2230 tibi
886 2205 976 2230 eum
1009 2194 1105 2230 falso
1140 2200 1366 2242 suspectum
1401 2192 1530 2238 fuisse,

202 2251 748 2295 vehementissimelaetatus
788 2270 875 2295 sum
915 2271 977 2296 me
1016 2265 1094 2296 tarn
1140 2257 1367 2307 diligentem
1407 2257 1446 2295 in
1485 2271 1532 2295 eo

203 2322 523 2360 commendando
550 2320 677 2360 fuisse.
739 2323 799 2360 Ita
827 2321 931 2360 enim
959 2322 1110 2372 scripsit
1131 2323 1181 2360 ad
1203 2335 1275 2368 me,
1301 2321 1373 2361 sibi
1404 2335 1531 2360 meam

292 2426 312 2456 8
339 2426 413 2466 tuo]
431 2436 505 2457 meo
522 2429 592 2457 vett.
731 2436 768 2465 15
793 2431 843 2457 est
863 2430 930 2457 vell.
948 2437 954 2456 :
981 2432 1014 2456 et
1032 2432 1081 2456 est
1099 2426 1185 2456 codd.
1201 2437 1207 2456 ;
1235 2426 1262 2456 is
1281 2431 1331 2456 est
1348 2426 1446 2457 Klotz
