1791 2796
137 147 207 184 XI.
228 146 367 182 xxviii
655 146 708 183 M.
742 146 910 183 TVLLI
943 145 1249 184 CICERONIS

240 659 264 697 5

231 1375 258 1412 6

234 1704 257 1744 7

234 2219 258 2256 8

285 265 351 295 aut
381 258 431 295 ab
463 257 707 296 humanitate
742 256 960 296 desciscam
976 272 986 306 3
1028 271 1246 309 numquam
1279 258 1383 297 enim
1411 259 1616 298 honestam

283 331 449 362 mortem
480 323 718 374 fugiendam,
748 337 866 374 saepe
895 323 1011 363 etiam
1040 325 1306 375 oppetendam
1336 324 1479 375 putavi.
1539 326 1617 364 Sed

283 388 379 439 quid
410 388 506 427 mihi
533 396 776 436 suscensent,
799 388 828 427 si
852 388 891 428 id
913 397 1007 440 opto
1033 397 1074 428 ut
1103 389 1300 440 paeniteat
1327 404 1395 429 eos
1416 390 1475 429 sui
1496 390 1619 430 facti?

284 454 415 505 Cupio
436 454 541 493 enim
564 454 742 494 Caesaris
764 462 931 493 mortem
952 454 1137 494 omnibus
1158 468 1242 494 esse
1263 455 1455 495 acerbam.

341 522 416 559 ‘At
436 521 565 560 debeo
586 534 656 571 pro
681 520 783 559 civili
810 528 918 571 parte
946 534 1027 560 rem
1054 535 1089 572 p.
1113 522 1211 560 velle
1238 522 1409 560 salvam.'
1467 522 1516 561 Id
1536 520 1618 573 qui-
1637 533 1655 566 5

283 587 375 625 dem
406 600 470 625 me
500 600 653 636 cupere,
677 585 751 624 nisi
780 593 819 624 et
842 593 933 625 ante
961 593 1049 624 acta
1075 586 1153 624 vita
1181 594 1219 625 et
1243 586 1391 637 reliqua
1414 600 1503 626 mea
1529 601 1617 638 spes

283 659 438 691 tacente
469 665 532 690 me
563 651 714 702 probat,
741 651 914 690 dicendo
938 650 1093 690 vincere
1120 665 1199 690 non
1230 653 1397 702 postulo.
1458 653 1549 701 Qua
1577 666 1618 690 re

283 716 472 756 maiorem
494 716 534 755 in
556 718 720 755 modum
743 724 780 755 te
805 730 898 767 rogo
919 724 961 754 ut
982 730 1062 755 rem
1084 716 1276 767 potiorem
1299 717 1474 756 oratione
1495 718 1617 757 ducas

283 782 469 833 mihique,
494 782 525 820 si
555 781 675 821 sentis
706 781 888 832 expedire
915 790 1019 821 recte
1045 781 1136 828 fieri,
1169 783 1305 821 credas
1334 783 1482 820 nullam
1512 795 1617 821 com—

282 849 512 888 munionem
534 862 625 887 eum
653 848 842 899 improbis
868 862 953 887 esse
983 862 1108 898 posse.
1168 850 1233 886 An
1254 850 1362 898 quod
1383 849 1616 888 adulescens

281 914 465 965 praestiti,
500 928 590 953 cum
630 914 749 952 etiam
783 927 907 952 errare
945 927 1034 951 cum
1076 913 1327 952 excusatione
1366 927 1534 964 possem,
1576 913 1616 952 id

280 994 386 1018 nunc
418 987 544 1018 aetate
576 978 829 1030 praecipitata
863 986 1104 1017 commutem
1137 992 1181 1016 ac
1212 992 1274 1017 me
1304 978 1386 1029 ipse
1416 979 1617 1017 retexam?

281 1046 374 1083 Non
416 1044 555 1083 faciam
594 1058 723 1094 neque
762 1045 870 1094 quod
910 1043 1114 1094 displiceat
1153 1043 1413 1091 committam,
1451 1051 1615 1094 praeter-

281 1124 400 1160 quam
422 1111 530 1160 quod
555 1109 727 1148 hominis
755 1108 850 1147 mihi
881 1108 1192 1147 coniunctissimi
1220 1123 1265 1147 ac
1290 1108 1358 1147 viri
1383 1107 1614 1159 amplissimi

279 1176 397 1214 doleo
417 1189 573 1225 gravem
595 1188 741 1213 casum.
803 1175 923 1223 Quod
945 1174 976 1211 si
996 1173 1106 1213 aliter
1127 1188 1253 1213 essem
1274 1174 1480 1221 animatus,
1504 1187 1614 1213 num-

280 1254 398 1291 quam
434 1241 543 1290 quod
582 1242 749 1278 facerem
785 1253 978 1289 negarem,
1013 1253 1062 1278 ne
1096 1247 1133 1278 et
1166 1239 1204 1277 in
1241 1241 1444 1290 peccando
1474 1239 1615 1291 impro-

282 1306 355 1345 bus
376 1315 413 1345 et
435 1306 473 1344 in
495 1305 783 1345 dissimulando
804 1304 965 1344 timidus
985 1318 1031 1343 ac
1052 1319 1175 1343 vanus
1196 1305 1443 1344 existimarer.

335 1373 408 1409 ‘At
454 1373 568 1410 ludos
613 1384 713 1421 quos
753 1369 931 1409 Caesaris
970 1369 1154 1409 victoriae
1194 1372 1338 1410 Caesar
1382 1364 1614 1409 adulescens

279 1436 370 1475 fecit
400 1436 555 1475 curavi.'
612 1438 665 1474 At
693 1435 732 1474 id
759 1436 809 1473 ad
840 1434 1032 1485 privatum
1064 1435 1247 1482 officium,
1278 1449 1358 1474 non
1388 1436 1438 1474 ad
1469 1443 1612 1474 statum

279 1501 332 1540 rei
363 1515 397 1552 p.
422 1501 615 1552 pertinet:
648 1502 756 1551 quod
782 1508 913 1539 tamen
945 1513 1088 1538 munus
1118 1508 1156 1539 et
1186 1500 1357 1539 hominis
1387 1499 1613 1539 amicissimi

279 1567 491 1606 memoriae
523 1575 641 1617 atque
673 1565 889 1605 honoribus
929 1573 1122 1616 praestare
1154 1565 1271 1604 etiam
1312 1565 1453 1604 mortui
1493 1565 1614 1605 debui

278 1640 315 1670 et
345 1632 518 1682 optimae
548 1631 630 1683 spei
660 1631 901 1671 adulescenti
932 1645 978 1670 ac
1007 1629 1237 1682 dignissimo
1268 1632 1435 1670 Caesare
1465 1630 1613 1681 petenti

277 1711 417 1747 negare
457 1712 537 1736 non
578 1697 697 1748 potui.
759 1696 860 1735 Veni
899 1696 1016 1735 etiam
1052 1696 1224 1736 consulis
1263 1694 1413 1734 Antoni
1448 1697 1612 1735 domum

277 1776 394 1813 saepe
426 1762 621 1802 salutandi
654 1776 797 1810 causa,
837 1763 888 1800 ad
921 1776 1039 1812 quem
1078 1761 1146 1812 qui
1188 1775 1250 1800 me
1289 1775 1425 1811 parum
1465 1761 1612 1812 patriae

275 1836 474 1867 amantem
516 1843 600 1871 esse
632 1827 855 1866 existimant
887 1826 1050 1877 rogandi
1080 1826 1243 1877 quidem
1273 1826 1423 1876 aliquid
1452 1834 1519 1864 aut
1548 1840 1611 1864 au-

276 1893 425 1933 ferendi
451 1907 570 1932 causa
590 1892 804 1943 frequentis
825 1891 1014 1931 ventitare
1041 1891 1219 1942 reperies.
1279 1891 1357 1930 Sed
1385 1905 1486 1941 quae
1513 1891 1611 1930 haec

277 1967 335 1997 est
373 1958 612 2009 adrogantia,
648 1959 756 2008 quod
790 1959 934 1997 Caesar
966 1970 1184 2007 numquam
1224 1955 1483 2006 interpellavit
1515 1955 1610 2006 quin

276 2023 419 2073 quibus
436 2025 575 2063 vellem
597 2031 715 2073 atque
737 2022 854 2061 etiam
876 2036 976 2073 quos
998 2021 1080 2073 ipse
1101 2035 1182 2061 non
1203 2021 1390 2072 diligebat
1412 2029 1543 2060 tamen
1565 2020 1610 2059 iis

276 2097 412 2135 uterer,
430 2103 496 2127 eos
514 2088 580 2138 qui
603 2087 697 2126 mihi
719 2087 889 2126 amicum
907 2087 1132 2138 eripuerunt
1153 2086 1353 2137 carpendo
1374 2099 1438 2125 me
1458 2086 1610 2125 efficere

277 2153 409 2193 conari
432 2168 480 2192 ne
501 2167 601 2204 quos
622 2152 737 2191 velim
759 2152 951 2204 diligam?

332 2220 410 2258 Sed
449 2232 530 2258 non
569 2231 702 2257 vereor
742 2231 790 2256 ne
829 2226 895 2256 aut
938 2231 1049 2256 meae
1087 2216 1189 2256 vitae
1235 2215 1430 2256 modestia
1471 2229 1608 2266 parum

277 2285 440 2323 valitura
460 2284 508 2322 sit
529 2283 567 2321 in
591 2291 790 2334 posterum
819 2291 955 2321 contra
984 2285 1101 2322 salsos
1129 2296 1304 2321 rumores
1324 2289 1392 2320 aut
1420 2295 1470 2320 ne
1491 2280 1607 2319 etiam

275 2349 312 2397 ii,
337 2349 401 2400 qui
426 2363 486 2387 nie
512 2362 590 2387 non
621 2355 755 2386 amant
782 2355 940 2397 propter
964 2362 1091 2386 meam
1120 2347 1159 2385 in
1191 2349 1399 2387 Caesarem
1429 2354 1608 2385 constan-

275 2415 380 2463 tiam,
405 2429 485 2454 non
507 2413 644 2453 malint
666 2413 743 2452 mei
756 2427 875 2464 quam
896 2412 956 2451 sui
976 2412 1113 2451 similis
1132 2412 1281 2452 amicos
1302 2412 1457 2451 habere.
1504 2409 1609 2451 Mihi

1637 858 1677 881 10

1636 1187 1673 1220 15

1635 1515 1674 1538 20

1633 1841 1671 1872 25

1628 2167 1670 2198 30
