1791 2796
520 158 632 195 EPP.
666 158 742 194 AD
774 156 1122 194 FAMILIARES
1438 157 1483 191 X.
1505 154 1581 191 xvi

155 269 330 321 angustis
358 283 381 308 a
407 276 545 309 senatu
575 268 784 308 consilium
815 268 1031 318 petendum
1061 274 1185 318 putes,
1219 265 1302 317 ipse
1335 265 1404 304 tibi
1437 264 1488 303 sis

156 343 324 383 senatus,
349 348 602 386 quocumque
629 342 666 373 te
694 333 790 372 ratio
818 333 870 372 rei
899 347 934 383 p.
958 334 1076 372 ducet
1104 345 1278 382 sequare,
1305 344 1416 370 cures
1448 338 1490 368 ut

155 410 246 440 ante
268 403 414 440 factum
434 400 583 451 aliquid
603 414 626 438 a
647 408 684 439 te
711 398 908 450 egregium
933 397 1151 444 audiamus,
1176 411 1293 448 quam
1316 398 1487 434 futurum

157 466 384 517 putarimus.
445 467 548 505 Illud
573 465 643 504 tibi
671 464 868 516 promitto,
898 463 1088 514 quicquid
1119 462 1189 501 erit
1213 477 1235 500 a
1265 470 1302 500 te
1330 463 1487 508 factum,

121 546 138 577 5
157 532 197 571 id
228 540 406 571 senatum
442 546 522 570 non
558 532 679 570 modo
709 538 751 569 ut
781 529 947 570 fideliter
976 530 1045 569 sed
1076 528 1193 568 etiam
1225 536 1266 567 ut
1297 527 1492 578 sapienter

100 980 140 1003 10

157 599 304 637 factum
326 598 686 648 comprobaturum.

200 751 337 788 XVII
393 754 462 786 Ser.
484 755 516 786 in
533 754 642 786 itinere
657 753 704 786 ad
719 753 879 796 Lepidum
895 752 951 785 xiv
966 756 1027 784 aut
1041 752 1099 783 xiii
1112 751 1154 783 K.
1174 750 1249 783 Iun.

718 820 747 841 a·
769 820 823 849 711
841 808 925 849 (45)-

583 888 795 919 PLANCVS
820 886 1059 919 CICERONI.

211 966 408 1007 Antonius
431 967 488 1006 Id.
514 962 607 1004 Mai.
624 967 674 1006 ad
697 968 840 1005 Forum
864 965 939 1004 Iuli
959 978 1049 1004 cum
1071 961 1204 1014 primis
1225 960 1348 1012 copiis
1368 959 1484 999 venit.
1507 971 1523 998 1

157 1032 366 1072 Ventidius
402 1031 512 1071 bidui
551 1031 676 1082 spatio
710 1032 820 1070 abest
851 1031 901 1070 ab
934 1044 991 1069 eo.
1052 1028 1227 1080 Lepidus
1257 1028 1308 1066 ad
1344 1028 1488 1065 Forum

157 1097 313 1137 Voconi
333 1105 458 1136 castra
477 1098 607 1144 habet,
626 1096 693 1147 qui
707 1098 815 1135 locus
836 1110 859 1134 a
881 1098 981 1134 Foro
1004 1094 1079 1133 Iuli
1093 1100 1277 1144 quattuor
1297 1099 1335 1131 et
1356 1090 1490 1142 viginti

159 1163 278 1201 millia
307 1177 446 1214 passus
473 1164 595 1209 abest,
628 1162 761 1212 ibique
787 1176 849 1200 me
870 1168 1096 1211 exspectare
1125 1157 1339 1204 constituit,
1371 1170 1489 1207 quem

157 1229 208 1267 ad
230 1229 393 1267 modum
418 1228 500 1279 ipse
526 1227 621 1266 mihi
645 1227 807 1278 scripsit.
869 1227 989 1276 Quod
1012 1225 1043 1264 si
1068 1223 1201 1264 omnia
1225 1222 1321 1261 mihi
1342 1221 1491 1272 integra

158 1302 196 1333 et
227 1294 310 1344 ipse
342 1301 380 1332 et
414 1295 569 1332 fortuna
603 1292 770 1339 servarit,
803 1291 949 1342 recipio
980 1290 1092 1330 vobis
1124 1288 1299 1329 celeriter
1332 1301 1395 1326 me
1426 1300 1490 1325 ne-

158 1358 308 1410 gotium
329 1373 375 1397 ex
396 1358 589 1398 sententia
613 1359 894 1396 confecturum.
956 1358 1129 1395 Fratrem
1154 1367 1286 1393 meum
1314 1351 1488 1391 adsiduis
1509 1363 1532 1389 2

158 1424 358 1463 laboribus
372 1423 817 1473 concursationibusque
831 1423 1056 1461 confectum
1072 1419 1236 1471 graviter
1252 1433 1292 1458 se
1306 1416 1490 1456 habuisse

158 1497 275 1528 antea
300 1488 371 1528 tibi
400 1488 544 1540 scripsi.
605 1489 682 1527 Sed
713 1496 845 1526 tamen
875 1500 965 1525 cum
997 1485 1167 1536 primum
1199 1498 1314 1535 posse
1341 1481 1491 1532 ingredi

159 1554 300 1605 coepit,
324 1568 404 1593 non
425 1554 547 1605 magis
568 1553 641 1592 sibi
663 1566 780 1603 quam
803 1552 856 1591 rei
878 1566 913 1602 p.
938 1566 977 1590 se
999 1549 1245 1591 convaluisse
1265 1547 1490 1588 existimans

104 1635 117 1656 2
159 1621 210 1659 ad
241 1619 374 1658 omnia
403 1619 575 1670 pericula
603 1618 783 1669 princeps
813 1631 898 1656 esse
928 1631 1008 1655 non
1038 1616 1252 1655 recusabat.
1312 1614 1389 1653 Sed
1420 1626 1492 1662 ego

160 1699 251 1724 eum
290 1699 371 1723 non
414 1686 541 1723 solum
585 1685 761 1723 hortatus
806 1697 891 1721 sum
931 1696 1066 1721 verum
1107 1680 1225 1720 etiam
1269 1678 1378 1729 coegi
1418 1678 1492 1716 isto

161 1749 365 1800 proficisci,
389 1751 498 1800 quod
525 1756 563 1788 et
589 1749 654 1787 illa
680 1747 905 1787 valetudine
931 1746 1052 1797 magis
1080 1746 1275 1785 conficere
1305 1758 1346 1782 se
1373 1757 1491 1793 quam

162 1829 224 1853 me
256 1815 386 1853 iuvare
417 1821 550 1865 posset
583 1814 621 1851 in
655 1813 800 1859 castris,
835 1820 872 1850 et
907 1812 1015 1862 quod
1049 1809 1302 1850 acerbissimo
1334 1807 1490 1846 interitu

162 1882 369 1918 consulum
401 1894 482 1918 rem
517 1893 552 1929 p.
588 1880 775 1917 nudatam
816 1877 881 1915 tali
916 1877 999 1915 cive
1039 1883 1215 1926 praetore
1254 1874 1293 1911 in
1333 1872 1491 1911 urbanis

162 1945 298 1984 officiis
333 1944 505 1994 indigere
537 1943 820 1982 existimabam.
881 1942 1001 1991 Quod
1037 1940 1067 1979 si
1107 1940 1174 1990 qui
1207 1946 1378 1978 vestrum
1410 1951 1489 1976 non

162 2009 354 2061 probabit,
389 2008 483 2046 mihi
515 2007 762 2058 prudentiam
795 2007 833 2045 in
866 2006 1030 2045 consilio
1064 2005 1235 2044 defuisse
1267 2004 1373 2050 sciat,
1410 2016 1490 2041 non

162 2075 213 2113 illi
248 2089 337 2125 erga
369 2074 532 2124 patriam
572 2073 811 2112 fidelitatem.
872 2072 1045 2122 Lepidus
1084 2079 1228 2117 tamen,
1269 2070 1377 2120 quod
1416 2082 1532 2119 ego3

163 2140 447 2185 desiderabam,
475 2138 565 2177 fecit
593 2146 634 2176 ut
656 2139 835 2188 Apellam
860 2138 910 2176 ad
942 2151 1004 2175 me
1034 2136 1214 2182 mitteret,
1247 2148 1327 2185 quo
1351 2133 1490 2172 obside

165 2205 255 2244 fidei
272 2204 372 2243 illius
394 2212 431 2243 et
448 2203 643 2242 societatis
659 2203 699 2241 in
716 2218 754 2242 re
771 2217 805 2254 p.
825 2202 1135 2241 administranda
1150 2209 1286 2240 uterer.
1331 2201 1377 2237 In
1392 2213 1437 2237 ea
1453 2213 1492 2237 re

208 2320 227 2348 3
251 2309 373 2348 aliquid
398 2308 492 2339 Illam.
521 2308 664 2338 Mtillcr:
699 2308 833 2347 aliquod
853 2307 941 2339 codd.
1125 2316 1162 2345 13
1187 2315 1306 2344 passus
1327 2303 1426 2334 codd..
1451 2303 1489 2341 (f.

165 2364 216 2391 3ο.
241 2363 275 2384 1:
302 2363 461 2392 passuum
478 2356 561 2386 νίκη
581 2352 617 2390 cf
639 2362 689 2391 23.
710 2362 729 2381 2
870 2362 909 2391 27
936 2350 1067 2391 tamen]
1086 2350 1220 2380 tandem
1241 2348 1333 2378 Man.
1449 2357 1491 2384 29

166 2396 316 2470 {igini-Ie
333 2396 521 2470 ἒῖἶδεὲιιίίῑειέ
536 2395 676 2425 ΛΙιὶΙίιί’·;
714 2395 779 2426 fide
801 2394 875 2425 MD
901 2396 954 2436 (ex
969 2394 1063 2433 fidei)
1091 2392 1317 2423 Mcndslssolm
1343 2389 1493 2420 Rhodius
