1791 2796
573 623 743 660 LIBER
772 622 1015 659 TERTIVS
1048 622 1301 660 DECIMVS

353 745 456 793 AD
507 745 562 793 C.
613 744 979 792 lN'IElNIMIVM
1031 744 1126 791 ET
1178 745 1516 793 CETEROS

315 921 338 955 I
402 922 470 962 Ser.
493 922 634 953 Athenis
649 922 734 953 inter
748 922 792 953 vii
806 922 849 953 K.
871 926 900 952 et
910 921 998 963 prid.
1020 921 1107 953 Non.
1132 921 1245 961 Quint.
1268 933 1297 954 a.
1322 933 1376 962 70}
1396 923 1471 964 (51).
1518 969 1522 972 Δ

595 1000 639 1031 Μ.
668 999 843 1030 CICERO
870 1000 905 1031 S.
936 999 976 1031 D.
1006 999 1043 1030 C.
1074 999 1277 1032 MEMMIO.

329 1081 425 1117 ETSI
452 1092 531 1117 non
561 1077 652 1116 satis
684 1077 778 1115 mihi
803 1077 1030 1116 constiterat
1051 1091 1141 1116 eum
1169 1078 1351 1129 aliquane
1382 1079 1502 1118 animi
1530 1079 1606 1118 mei
1628 1090 1645 1118 1

275 1144 452 1183 molestia
478 1157 528 1182 an
555 1143 685 1194 potius
713 1143 879 1181 libenter
907 1151 944 1181 te
966 1143 1133 1182 Athenis
1158 1144 1309 1182 visurus
1339 1158 1476 1192 essem,
1500 1146 1608 1195 quod

236 1221 252 1251 5
275 1210 422 1257 iniuria,
447 1223 565 1259 quam
595 1208 792 1259 accepisti,
820 1210 956 1247 dolore
987 1223 1050 1248 me
1083 1210 1279 1257 adficeret,
1311 1210 1500 1261 sapientia
1530 1218 1606 1257 tua,

275 1289 352 1326 qua
382 1277 455 1314 fers
485 1274 676 1322 iniuriam,
703 1274 858 1322 laetitia,
894 1282 1026 1313 tamen
1055 1274 1198 1314 vidisse
1229 1283 1267 1314 te
1298 1277 1453 1315 mallem
1470 1291 1480 1324 ,-
1518 1289 1609 1314 nam

275 1342 383 1391 quod
404 1349 461 1379 est
482 1340 684 1379 molestiae
712 1354 792 1379 non
820 1354 912 1379 sane
944 1343 1068 1379 multo
1098 1341 1219 1380 levius
1249 1349 1316 1387 est,
1341 1355 1432 1380 cum
1461 1349 1500 1380 te
1529 1355 1610 1380 non

275 1406 402 1453 video,
426 1408 534 1457 quod
558 1420 643 1445 esse
663 1406 791 1456 potuit
812 1407 1022 1457 voluptatis
1055 1415 1172 1454 certe,
1194 1406 1225 1444 si
1246 1406 1430 1445 vidissem
1452 1414 1500 1454 te,
1523 1408 1610 1457 plus·

276 1472 421 1510 fuisset.
482 1474 621 1522 Itaque
651 1485 731 1510 non
761 1472 955 1511 dubitabo
987 1474 1080 1512 dare
1112 1486 1271 1523 operam
1304 1480 1346 1511 ut
1376 1480 1414 1511 te
1441 1472 1606 1518 videam,

220 1552 258 1574 10
277 1551 367 1576 cum
398 1537 437 1576 id
467 1538 559 1575 satis
591 1539 802 1576 commode
836 1539 963 1577 facere
994 1546 1160 1589 potuero
1176 1553 1186 1585 3
1227 1538 1374 1577 interea
1404 1539 1513 1588 quod
1543 1550 1611 1587 per

277 1603 420 1641 litteras
455 1610 492 1641 et
523 1602 584 1653 agi
616 1611 747 1641 tecum
779 1611 828 1650 et,
863 1611 904 1641 ut
937 1603 1111 1650 arbitror,
1142 1603 1283 1642 confici
1321 1610 1449 1653 potest
1484 1616 1606 1652 agam.

277 1669 395 1706 Nune
424 1676 462 1706 te
492 1667 588 1706 illud
618 1668 787 1718 primum
818 1669 964 1718 rogabo
996 1682 1044 1706 ne
1073 1668 1168 1718 quid
1202 1668 1344 1706 invitus
1376 1681 1463 1706 mea
1493 1680 1609 1705 causa
1629 1678 1652 1703 2

277 1733 404 1780 facias,
434 1734 503 1772 sed
534 1733 584 1781 id,
608 1735 716 1784 quod
747 1747 835 1772 mea
864 1733 1063 1784 intelleges
1096 1735 1273 1779 multum,
1299 1741 1364 1770 tua
1394 1734 1541 1771 nullam
1572 1732 1610 1769 in

278 1807 427 1849 partem
458 1799 655 1846 interesse,
681 1799 734 1837 ita
763 1798 859 1836 mihi
887 1800 967 1847 des,
998 1799 1028 1836 si
1060 1798 1129 1837 tibi
1158 1806 1199 1836 ut
1227 1798 1267 1837 id
1298 1798 1464 1836 libenter
1494 1797 1611 1836 facias

222 1876 259 1908 15
278 1872 369 1902 ante
389 1859 635 1913 persuaseris.

335 1930 437 1968 Cum
473 1931 641 1967 Patrone
673 1929 860 1979 Epicurio
894 1929 990 1968 mihi
1022 1929 1155 1969 omnia
1191 1936 1292 1976 sunt,
1326 1928 1399 1966 nisi
1432 1929 1540 1979 quod
1572 1928 1611 1966 in

279 1993 530 2046 philosophia
567 1995 820 2033 vehementer
857 1996 908 2033 ab
949 2008 996 2033 eo
1031 1994 1231 2033 dissentio.
1306 1995 1383 2032 Sed
1423 2001 1461 2032 et
1500 1993 1612 2032 initio

280 2062 447 2107 Romae,
468 2072 558 2098 eum
580 2067 618 2098 te
638 2073 797 2110 quoque
819 2068 856 2099 et
877 2067 965 2099 tuos
993 2060 1120 2098 omnis
1145 2059 1388 2106 observabat,
1407 2071 1469 2096 me
1491 2058 1612 2096 coluit

280 2125 319 2163 in
340 2124 473 2175 primis
494 2131 532 2162 et
552 2137 686 2174 nuper,
710 2138 801 2162 cum
828 2138 873 2163 ea
894 2137 995 2175 quae
1015 2124 1137 2163 voluit
1159 2126 1208 2163 de
1231 2123 1309 2162 suis
1331 2122 1552 2162 commodis
1574 2130 1611 2160 et

221 2208 261 2230 20
281 2189 461 2241 praemiis
502 2197 736 2228 consecutus
777 2198 845 2236 est,
883 2203 947 2229 me
984 2190 1121 2229 habuit
1161 2202 1321 2228 suorum
1358 2189 1610 2227 defensorum

328 2306 367 2326 10
390 2301 531 2335 potuero
548 2294 640 2325 HD:
666 2300 784 2334 potero
801 2294 843 2325 M
974 2305 1008 2325 11
1035 2305 1143 2334 agam.
1192 2294 1291 2324 Nune
1309 2304 1327 2324 a
1346 2298 1379 2324 te
1396 2293 1489 2324 HD:
1514 2303 1611 2332 agam

281 2350 368 2370 nunc
385 2349 423 2370 ac
441 2344 474 2369 te
491 2339 548 2369 M:
573 2349 670 2377 agam
689 2349 785 2369 nunc.
817 2338 868 2368 Ac
885 2342 918 2368 te
935 2337 1065 2369 Baiter:
1092 2348 1201 2377 agam.
1239 2337 1290 2367 Ac
1309 2342 1342 2367 te
1359 2335 1481 2367 Scln‘it:
1573 2337 1612 2366 16

279 2382 405 2422 omnia]
425 2383 538 2413 omnia
559 2382 748 2412 communia
767 2381 854 2412 Crat.
978 2392 1020 2412 20
1044 2392 1097 2412 me
1115 2380 1207 2411 HD:
1235 2390 1342 2411 meme
1362 2381 1408 2415 All,
1429 2380 1467 2419 cf.
1488 2390 1518 2410 v.
1539 2390 1571 2419 9.
1595 2390 1608 2410 1

282 2426 475 2465 ‹NVcn‘im'uslv
494 2429 522 2455 et
535 2426 679 2464 sonasse
695 2425 762 2456 viii.
784 2436 812 2456 2.
838 2435 850 2455 1
874 2424 1055 2463 tCaeliusN,⁴
1082 2424 1139 2456 scd
1158 2434 1241 2455 num
1258 2424 1319 2454 lmc
1332 2423 1451 2463 forma
1473 2433 1555 2454 usus
1570 2423 1613 2455 sit

283 2469 388 2500 Cicero
402 2470 435 2500 in
452 2474 498 2510 ep.
521 2472 665 2500 accurate
679 2469 797 2510 scripta
815 2468 925 2499 dubito

1461 2509 1523 2542 25*
