1791 2796
136 151 223 188 xv.
243 149 320 186 xxi
635 149 747 185 EPP.
781 148 858 205 ᾼι)
892 147 1239 185 FAMILIARES

269 261 344 308 illa,
369 260 449 300 sive
471 262 596 299 faceta
617 267 707 298 sunt
728 258 808 298 sive
830 258 895 306 sic,
921 259 1019 296 fiunt
1045 265 1226 297 narrante
1247 265 1284 296 te
1305 257 1578 299 venustissima
1596 272 1603 304 ;

271 327 367 378 quin
399 326 517 366 etiam
538 333 630 365 ante
651 338 769 376 quam
800 325 851 363 ad
882 337 945 362 me
974 323 1162 370 veniatur,
1192 322 1290 362 risus
1320 322 1448 362 omnis
1478 336 1603 374 paene

230 402 254 438 3
272 391 525 431 consumitur.
587 391 708 440 Quod
729 389 759 427 si
782 389 820 427 in
842 389 887 427 iis
911 387 1129 427 scribendis
1150 387 1247 426 nihil
1270 387 1378 426 aliud
1401 387 1475 427 nisi
1496 387 1604 438 quod

272 471 432 496 necesse
458 455 528 494 fuit
553 456 604 494 de
630 468 710 493 uno
739 468 801 493 me
833 461 912 492 tam
934 453 1001 492 diu
1022 452 1284 503 cogstavisses,
1308 454 1452 492 ferreus
1477 466 1603 492 essem

271 523 301 561 si
323 531 360 562 te
393 536 473 561 non
500 534 697 563 amarem:
727 533 818 558 cum
842 532 935 558 vero
960 532 1006 557 ea
1029 532 1131 569 quae
1163 517 1351 568 scriptura
1378 525 1605 569 persecutus
1625 530 1642 561 5

271 602 313 628 es
342 587 426 626 sine
456 600 612 625 summo
642 598 775 624 amore
805 583 975 635 cogitare
1010 597 1091 622 non
1120 583 1304 635 potueris,
1333 597 1413 623 non
1442 597 1605 636 possum

271 653 491 693 existimare
519 653 606 702 plus
636 663 877 702 quemquam
898 663 921 688 a
948 663 989 688 se
1019 648 1106 700 ipso
1133 662 1253 700 quam
1281 663 1344 688 me
1363 663 1386 688 a
1406 657 1444 688 te
1470 648 1603 688 amari.

272 719 347 760 Cui
369 719 531 770 quidem
553 731 626 768 ego
647 716 770 755 amori
792 715 943 754 utinam
964 714 1103 754 ceteris
1123 715 1240 754 rebus
1260 728 1419 765 possem
1437 718 1443 754 Ξ
1472 728 1606 754 amore

272 794 376 825 certe
397 783 658 835 respondebo,
676 795 756 833 quo
777 790 909 820 tamen
931 781 1016 832 ipso
1037 773 1107 820 tibi
1130 780 1290 819 confido
1310 782 1484 819 futurum
1501 780 1603 819 satis.

227 857 253 894 4
328 853 446 890 Nunc
467 851 518 890 ad
539 849 747 901 epistulam
769 848 896 896 venio,
920 847 983 886 cui
1009 846 1169 898 copiose
1191 855 1228 886 et
1249 847 1416 886 suaviter
1441 846 1607 897 scriptae
1631 860 1667 881 ιο

272 917 369 956 nihil
392 924 449 955 est
470 916 579 967 quod
606 916 728 953 multa
754 914 1027 964 respondeam.
1089 912 1263 950 Primum
1292 912 1396 950 enim
1424 926 1497 962 ego
1523 911 1608 950 illas

275 984 399 1023 Calvo
433 982 579 1021 litteras
611 979 699 1019 misi
733 993 814 1018 non
846 981 933 1030 plus
966 992 1084 1029 quam
1116 979 1198 1025 has,
1231 991 1327 1028 quas
1360 991 1465 1016 nunc
1500 977 1606 1028 legiS‚

275 1048 500 1088 existimans
532 1046 723 1093 exituras;
753 1045 863 1084 aliter
898 1043 1004 1083 enim
1032 1042 1239 1082 scribimus
1271 1044 1380 1093 quod
1409 1056 1475 1082 eos
1504 1043 1608 1081 solos

276 1114 419 1166 quibus
457 1112 660 1159 mittimus,
700 1111 811 1150 aliter
845 1111 954 1161 quod
1000 1111 1145 1148 multos
1190 1110 1359 1147 lecturos
1399 1116 1609 1159 putamus3

275 1180 421 1220 deinde
447 1177 649 1229 ingenium
677 1177 760 1215 eius
791 1175 1018 1215 melioribus
1049 1173 1168 1214 extuli
1199 1173 1383 1213 laudibus
1418 1187 1536 1224 quam
1567 1180 1609 1210 tu
1632 1187 1668 1218 15

276 1246 316 1285 id
346 1259 435 1284 vere
464 1243 639 1295 potuisse
668 1242 750 1281 fieri
779 1250 904 1292 putas,
936 1239 1105 1291 primum
1137 1240 1245 1290 quod
1275 1238 1328 1277 ita
1358 1237 1610 1277 iudicabam:

278 1314 406 1350 Acute
436 1310 676 1356 movebatur,
707 1322 830 1359 genus
861 1307 1065 1358 quoddam
1097 1305 1344 1356 sequebatur,
1377 1303 1417 1356 in
1447 1318 1527 1354 quo
1557 1303 1611 1342 iu-

278 1377 383 1416 dicio
412 1378 554 1426 lapsus,
587 1388 667 1425 quo
696 1374 862 1420 valebat,
896 1380 1029 1411 tamen
1065 1371 1356 1421 adsequebatur
1390 1370 1498 1420 quod
1528 1384 1611 1420 pro-

276 1443 411 1481 baret:
442 1443 588 1479 multae
609 1447 718 1479 erant
742 1447 780 1477 et
808 1437 1034 1478 reconditae
1061 1436 1222 1484 litterae,
1248 1435 1304 1474 vis
1326 1449 1405 1473 non
1427 1442 1531 1481 erat,
1560 1436 1611 1473 ad

279 1521 365 1546 eam
393 1506 506 1556 igitur
532 1505 799 1552 adhortabar;
829 1504 868 1542 in
898 1503 1107 1542 excitando
1138 1510 1270 1541 autem
1299 1510 1336 1540 et
1361 1501 1400 1539 in
1429 1501 1610 1540 acuendo
1633 1514 1671 1535 20

279 1571 489 1624 plurimum
524 1572 637 1617 valet,
669 1569 700 1608 si
735 1570 871 1608 laudes
907 1582 998 1607 eum
1029 1581 1148 1619 quem
1185 1568 1399 1606 cohortere.
1473 1566 1611 1605 Habes

281 1640 330 1677 dc
363 1638 486 1677 Calvo
526 1635 714 1675 iudicium
750 1643 787 1674 et
827 1634 1035 1673 consilium
1077 1647 1220 1679 meum,
1253 1631 1472 1678 consilium,
1505 1632 1613 1681 quod

282 1702 465 1742 hortandi
504 1716 621 1740 causa
659 1700 826 1748 laudavi,
860 1699 1061 1746 iudicium,
1097 1699 1206 1748 quod
1245 1698 1295 1736 dc
1334 1696 1492 1747 ingenio
1530 1695 1613 1735 eius

282 1770 395 1808 valde
426 1766 641 1806 existimavi
674 1767 784 1805 benc.
929 1808 934 1813 ,

242 1843 267 1881 5
341 1833 554 1884 Reliquum
579 1841 637 1871 est
662 1841 768 1870 tuam
799 1832 1082 1883 prosectionem
1108 1846 1241 1870 amore
1269 1843 1491 1881 prosequar,
1516 1827 1612 1867 redi·
1635 1841 1672 1871 25

285 1910 367 1940 tum
396 1914 464 1951 spe
491 1906 725 1949 exspectem,
753 1899 957 1937 absentem
990 1897 1188 1936 memoria·
1208 1898 1347 1943 colam,
1370 1908 1488 1934 omne
1517 1892 1614 1932 desi-

285 1966 436 2005 derium
458 1964 593 2003 litteris
621 1963 822 2002 mittendis·
849 1963 1170 2014 accipiendisque
1196 1961 1350 2001 leniam.
1410 1962 1473 1998 'l'u
1497 1959 1612 1998 velim

286 2042 351 2071 tua
372 2032 411 2070 in
434 2045 495 2070 me
516 2031 645 2070 studia
665 2040 702 2070 et
724 2031 851 2070 officia
872 2032 1038 2069 multum
1068 2038 1198 2068 tecum
1226 2028 1439 2067 recordere.
1500 2027 1614 2074 Quae

285 2112 375 2137 cum
407 2097 476 2136 tibi
507 2097 631 2144 liceat,
665 2097 758 2135 mihi
791 2098 898 2135 nefas
928 2095 976 2134 sit
1006 2094 1194 2141 oblivisci,
1227 2107 1306 2132 non
1339 2093 1459 2131 modo
1488 2090 1613 2128 virum

286 2165 435 2202 bonum
455 2177 516 2202 me
538 2162 777 2202 existimabis
799 2175 933 2201 verum
951 2160 1067 2200 etiam
1086 2169 1160 2199 tea
1177 2173 1239 2198 mc
1260 2157 1379 2197 amari
1402 2155 1612 2208 plurimum
1635 2169 1675 2200 30

287 2229 489 2268 iudicabis.
550 2231 657 2267 Vale.

339 2347 348 2367 ῐ
376 2347 423 2367 sic
441 2336 528 2366 rodd.
550 2347 556 2366 ε
580 2346 677 2366 secus
698 2334 862 2365 Corradus
881 2331 1000 2363 Lamb.
1130 2332 1150 2361 8
1175 2330 1297 2361 ceteris
1314 2327 1431 2359 HDF:
1458 2327 1559 2358 certis
1578 2325 1619 2356 M

290 2391 311 2418 9
335 2381 495 2410 facturum
524 2379 615 2410 Man.
715 2388 748 2414 ¹3
775 2375 985 2414 melioribus]
1012 2374 1194 2406 maioribus
1220 2373 1366 2403 Ernesti:
1396 2370 1614 2410 amplioribus

290 2425 370 2454 com'.
388 2424 488 2455 Onllz'
625 2424 661 2453 18
687 2422 845 2461 probarat
864 2419 1041 2460 ,Vsppcrdoae
1174 2427 1214 2456 :25
1240 2421 1290 2447 cst
1308 2420 1342 2446 ut
1360 2420 1448 2446 tuam
1470 2413 1587 2444 Lamb.
