1791 2796
498 140 608 178 EPP.
644 140 720 176 Al)
753 138 1101 175 FAMILIARES
1418 137 1470 173 II.

131 250 334 299 integrum.
402 251 536 287 Meam
571 249 733 298 quidem
769 248 1002 286 sententiam
1038 256 1103 285 aut
1140 247 1307 285 scribam
1343 248 1392 285 ad
1423 254 1462 284 te

132 323 265 365 postea
300 315 475 365 pluribus
514 323 590 361 aut,
624 329 673 352 ne
711 316 761 352 ad
796 328 881 351 eam
919 314 1118 359 meditere,
1152 313 1384 362 imparatum
1425 320 1462 350 16

131 382 329 418 offendam
362 394 573 430 coramque
608 388 741 418 contra
778 379 890 417 istam
926 378 1118 416 rationem
1154 392 1283 416 meam
1318 378 1459 421 dicam.

131 454 172 484 ut
192 454 258 484 aut
281 454 317 484 te
337 447 388 484 ad
410 460 537 484 meam
566 444 800 484 sententiam
829 446 1026 483 adducam
1051 452 1117 482 aut
1145 452 1249 482 certe
1277 452 1460 482 testatum

93 527 109 556 5
130 513 236 561 apud
256 511 432 549 animum
454 519 565 549 tuum
587 510 816 560 relinquam,
833 510 929 560 quid
951 509 1150 556 senserim,
1170 518 1222 556 ut,
1239 509 1269 547 si
1286 510 1459 559 quando,

131 578 239 626 quod
264 577 397 620 nolim,
421 577 627 626 displicere
656 575 724 614 tibi
754 584 865 613 tuum
890 575 1099 614 consilium
1128 574 1315 625 coeperit,
1336 574 1461 624 possis

131 656 263 680 meum
292 642 494 680 recordari.
557 641 669 680 Brevi
700 650 832 680 tamen
864 641 918 679 sic
949 642 1108 689 habeto,
1130 641 1168 678 in
1196 654 1286 679 eum
1317 648 1460 678 statum

131 716 353 758 temporum
384 717 495 746 tuum
530 708 699 746 reditum
734 707 921 754 incidere,
950 716 992 745 ut
1023 707 1067 744 iis
1097 706 1226 751 bonis,
1256 720 1357 756 quae
1392 706 1460 744 tibi

133 781 282 820 natura,
303 773 447 820 studio,
468 774 624 811 fortuna
650 774 742 811 data
769 780 873 819 sunt,
894 771 1043 810 facilius
1073 771 1220 818 omnia,
1241 784 1343 821 quae
1372 778 1461 809 sunt

73 857 113 880 10
131 838 372 889 amplissima
393 838 430 877 in
454 852 493 877 re
514 838 683 889 publica,
708 837 897 888 consequi
921 836 1049 888 possis
1070 850 1189 887 quam
1219 837 1459 875 muneribus.

133 906 313 954 Quorum
344 918 473 954 neque
503 905 729 942 facultatem
761 902 971 953 quisquam
1001 902 1216 941 admiratur
1245 903 1320 952 (est
1355 902 1460 941 enim

130 969 343 1020 copiarum,
374 983 454 1007 non
471 969 661 1019 vvirtutis),
686 982 815 1019 neque
840 967 1049 1018 quisquam
1076 975 1134 1006 est
1161 967 1256 1017 quin
1285 967 1462 1006 satietate

130 1035 206 1073 iam
235 1036 411 1073 defessus
440 1034 498 1072 sit.
559 1036 637 1073 Sed
672 1034 783 1072 a'liter
813 1041 932 1083 atque
966 1034 1219 1072 ostenderam
1256 1033 1367 1080 facio,
1396 1033 1461 1083 qui

131 1100 323 1150 ingrediar
343 1101 393 1138 ad
411 1100 684 1150 explicandam
703 1099 893 1138 rationem
916 1098 1135 1137 sententiae
1157 1112 1268 1137 meae
1284 1114 1293 1147 3
1324 1112 1402 1148 qua
1423 1114 1462 1136 re

76 1181 109 1211 ¹5
130 1179 289 1203 omnem
337 1167 438 1203 1111110
478 1166 786 1215 disputationem
827 1165 865 1202 in
905 1166 1120 1202 adventum
1161 1173 1271 1202 tuum
1311 1165 1459 1203 dissero,

131 1234 293 1269 Summa
314 1231 412 1269 30110
434 1237 467 1269 le
487 1231 525 1269 in
549 1231 842 1281 exspectatione
870 1244 955 1268 esse
983 1243 1109 1280 eaque
1129 1244 1151 1268 a
1173 1238 1210 1268 te
1232 1231 1459 1280 exspectari,

130 1310 231 1346 quae
253 1311 274 1335 a
296 1311 449 1335 summa
472 1297 611 1335 virtute
633 1310 870 1346 summoque
892 1296 1050 1346 ingenio
1073 1297 1337 1345 exspectanda
1358 1305 1458 1334 sunt.

131 1363 195 1400 Ad
226 1376 327 1412 quae
358 1363 387 1400 si
419 1377 471 1409 es,
502 1370 542 1400 ut
578 1362 710 1409 debes,
745 1369 910 1411 paratus,
942 1362 1050 1410 quod
1086 1360 1137 1398 ita
1171 1374 1256 1398 0330
1289 1362 1458 1405 conlido,

132 1428 308 1479 plurimis
349 1428 607 1478 maximisque
647 1426 875 1466 muneribus
915 1434 952 1464 et
992 1439 1064 1463 1103
1103 1425 1252 1463 amicos
1292 1434 1329 1463 et
1369 1425 1462 1463 civis

75 1510 115 1532 20
133 1502 221 1532 tuos
249 1495 450 1532 universos
478 1502 515 1532 et
540 1507 620 1532 rem
649 1492 847 1543 publicam
876 1491 1047 1530 adficies.
1112 1492 1215 1528 Illud
1246 1504 1462 1541 cognosces

134 1561 319 1609 profecto.
346 1559 440 1597 mihi
470 1567 508 1597 te
539 1572 667 1608 neque
696 1557 885 1596 cariorem
914 1569 1043 1606 neque
1074 1555 1347 1594 iucundiorem
1377 1570 1462 1593 esse

132 1638 383 1675 quemquam.

173 1759 238 1794 IV
573 1762 641 1793 Ser.
663 1762 789 1792 Romus
806 1772 835 1791 a.
858 1770 911 1799 70]
946 1759 1009 1799 Β).

494 1833 668 1864 CICERO
696 1833 729 1862 S.
760 1832 798 1862 D.
824 1831 862 1862 C.
887 1829 1095 1860 CVRIONI.

73 1923 111 1955 ²5
188 1905 454 1956 Epistularum
483 1918 625 1954 genera
658 1905 779 1941 multa
810 1916 895 1941 esse
925 1915 1005 1940 non
1039 1901 1204 1951 ignoras,
1237 1901 1307 1938 sed
1338 1914 1460 1938 unum

133 1971 228 2009 illud
255 1970 526 2016 certissimum,
551 1969 661 2008 cuius
691 1982 810 2007 causa
837 1968 995 2006 inventa
1026 1980 1085 2005 res
1112 1966 1196 2016 ipsa
1224 1973 1292 2012 est,
1317 1973 1358 2004 ut
1384 1979 1461 2003 cer-

132 2036 248 2075 tiores
270 2037 486 2074 faceremus
513 2034 698 2081 absentis,
722 2034 753 2072 si
782 2033 877 2084 quid
905 2039 1018 2079 esset,
1042 2032 1150 2082 quod
1179 2044 1245 2070 eos
1271 2031 1368 2069 scire
1394 2038 1460 2068 aut

178 2134 189 2154 1
219 2134 325 2154 meam
342 2123 478 2162 quidem
499 2122 702 2152 sententiam
721 2120 803 2152 SN:
830 2120 984 2159 equidem
1006 2119 1148 2149 sentiam
1175 2116 1279 2147 MIR:
1306 2118 1460 2157 equidem

131 2169 210 2207 quid
226 2168 368 2197 sentiam
386 2165 581 2196 M¹⁷·M1†iller:
607 2165 761 2204 equidem
776 2163 979 2195 sententiam
999 2163 1048 2192 G:
1087 2162 1243 2201 equidem
1255 2161 1460 2191 sententiam

131 2221 238 2241 meam
256 2211 381 2250 Kayser
543 2220 561 2239 2
587 2219 660 2240 eam
678 2207 795 2238 MGS:
833 2218 872 2238 ea
891 2207 923 2236 R
944 2206 1019 2237 Vz'cl.
1187 2216 1206 2243 4
1231 2205 1272 2235 ad
1289 2205 1322 2234 R
1341 2204 1460 2235 Orelli:

132 2260 188 2284 aut
206 2252 307 2285 MIG:
334 2255 367 2284 in
386 2253 552 2283 lWBm'tet
575 2258 578 2261 ’
660 2253 698 2282 16
733 2256 766 2282 16
783 2251 857 2282 add.
878 2251 932 2280 ,MJ-
949 2249 1166 2290 Erneslipost
1180 2249 1458 2287 exspectatione:

132 2299 164 2328 in
195 2297 281 2328 codd.
300 2309 307 2328 z
349 2307 411 2327 om.
441 2296 490 2327 S:
525 2297 696 2327 Summam
731 2296 816 2326 scito
856 2294 903 2324 tui
940 2292 1231 2333 exspectationem
1267 2301 1342 2322 esse
1378 2291 1456 2321 τουτ’.

132 2340 243 2370 Baiter
378 2351 417 2379 19
442 2340 592 2379 plurimis
610 2338 715 2370 SMr:
745 2338 888 2378 plurime
911 2335 997 2367 codd.
1146 2345 1187 2374 25
1212 2334 1331 2375 multa]
1351 2335 1414 2365 tria
1431 2333 1461 2363 S

132 2386 173 2414 26
198 2385 420 2415 certissimum
439 2383 539 2423 codd.,
565 2383 685 2414 Vahlen
705 2382 821 2422 conseri
835 2381 938 2412 senec.
967 2380 1004 2410 de
1029 2380 1128 2410 Clem.
1156 2380 1186 2409 ii.
1204 2390 1233 2416 4.
1258 2388 1296 2409 2:
1330 2379 1459 2408 tritissi-

132 2439 219 2459 mum
238 2428 328 2459 Bake

1334 2465 1372 2495 3ss

1489 136 1534 172 iii

1483 1048 1505 1074 2
