1791 2796
588 141 701 179 EPP.
734 141 812 179 AD
844 141 1192 180 FAMILIARES
1507 142 1575 178 IX.
1596 151 1625 178 x

223 252 403 292 dubitare
434 261 539 292 certo
569 253 660 291 scio.
721 252 899 292 Omnino
923 252 1019 291 mihi
1049 252 1169 303 magis
1200 253 1347 292 litterae
1377 260 1467 290 sunt
1494 267 1555 292 cx-

224 319 462 369 spectandae
488 332 511 357 a
538 325 575 357 te
596 332 714 369 quam
736 332 759 356 a
779 332 842 357 me
863 317 934 356 tibi
952 332 961 365 ;
989 317 1086 356 nihil
1108 317 1211 356 enim
1239 320 1392 357 Romae
1411 316 1555 368 geritur

224 385 332 434 quod
368 392 405 423 te
436 391 571 434 putem
603 383 700 422 scire
730 397 874 430 curare,
909 382 983 421 nisi
1015 384 1113 422 forte
1144 382 1241 422 scire
1273 383 1328 421 vis
1362 397 1423 421 me
1455 381 1554 421 inter

226 448 380 487 Niciam
411 457 587 487 nostrum
623 457 661 487 et
695 448 858 487 Vidium
892 447 1063 486 iudicem
1099 461 1194 486 esse.
1266 449 1415 487 Profert
1444 449 1550 495 alter,

187 530 203 560 5
225 513 374 564 opinor,
423 515 579 553 duobus
623 514 822 553 versiculis
870 527 1086 565 expensum
1138 513 1286 561 Niciae,
1327 515 1423 552 alter
1472 512 1554 551 Ari-

225 581 401 617 starchus
441 581 512 618 hos
549 581 744 630 ὀβελίζει;
798 593 871 630 ego
919 587 1121 630 tamquam
1168 579 1323 618 criticus
1368 578 1553 629 antiquus

225 644 465 683 iudicaturus
507 659 593 684 sum
633 653 762 684 utrum
802 645 880 683 sint
917 648 982 683 τοῦ
1015 648 1169 694 ποιητοῦ
1202 658 1252 682 an
1287 646 1553 694 παρεμβεβλη-

223 711 335 760 μέιιοι.
410 713 510 749 Puto
541 717 573 749 te
602 725 708 749 nunc
737 710 891 749 dicere:
929 709 1162 750 ‘Oblitusne
1197 724 1237 748 es
1272 710 1386 760 igitur
1419 711 1553 760 fungo-
1572 720 1596 747 2

224 788 308 813 rum
349 774 513 821 illorum,
552 790 651 825 quos
684 776 790 826 apud
832 774 997 821 Niciam,
1033 783 1071 813 et
1105 774 1322 825 ingentium
1353 776 1552 814 †cularum

168 854 204 876 10
224 854 314 878 cum
329 840 467 890 sophia
483 841 671 891 septimae
686 844 701 879 ?
715 843 723 858 '
780 840 888 889 Quid
906 843 1027 891 ergo?
1057 848 1096 878 tu
1118 841 1219 879 adeo
1236 839 1331 878 mihi
1352 853 1554 879 excussam

221 905 469 944 severitatem
500 914 669 945 veterem
700 914 824 956 putas,
855 914 896 944 ut
924 920 973 945 ne
998 905 1037 944 in
1066 907 1149 945 foro
1179 905 1341 956 quidem
1371 904 1556 956 reliquiae

224 969 409 1021 pristinae
437 970 574 1010 frontis
603 973 846 1021 appareant?
902 971 980 1010 Sed
1002 978 1134 1009 tamen
1162 970 1435 1010 suavissimum
1466 989 1556 1021 συμ-

223 1037 364 1086 βιωτήν
386 1044 563 1075 nostrum
584 1036 792 1087 praestabo
822 1035 1050 1086 integellum
1081 1050 1154 1074 nec
1182 1035 1427 1075 committam
1449 1044 1500 1083 ut,
1525 1036 1555 1074 si

225 1115 298 1152 ego
318 1115 408 1141 eum
429 1102 708 1148 condemnaro,
732 1109 773 1139 tu
794 1100 983 1148 restituas,
1007 1115 1057 1140 ne
1078 1101 1221 1139 habeat
1243 1103 1366 1140 Bursa
1386 1103 1555 1140 Plancus

170 1181 203 1211 ιε,
224 1167 330 1217 apud
362 1180 480 1217 quem
511 1166 656 1206 litteras
688 1166 823 1205 discat.
884 1167 962 1204 Sed
997 1165 1092 1216 quid
1119 1168 1226 1216 ago?
1259 1179 1349 1204 cum
1380 1166 1474 1205 mihi
1507 1167 1555 1206 sit
1575 1175 1598 1212 3

225 1231 416 1271 incertum
447 1231 710 1283 tranquillone
740 1231 790 1269 sis
820 1231 954 1270 animo
986 1245 1036 1269 an
1075 1239 1116 1269 ut
1147 1230 1186 1269 in
1218 1230 1323 1270 bello
1355 1231 1392 1269 in
1425 1232 1556 1282 aliqua

225 1297 440 1336 maiuscula
477 1311 570 1336 cura
607 1296 815 1349 negotiove
854 1310 1016 1344 versere,
1057 1297 1167 1335 labor
1209 1296 1372 1347 longius.
1450 1298 1553 1337 Cum

224 1362 338 1413 igitur
358 1362 453 1401 mihi
474 1362 544 1401 erit
565 1363 808 1413 exploratum
830 1370 867 1400 te
888 1362 1054 1401 libenter
1080 1376 1164 1400 esse
1185 1361 1361 1408 risurum,
1385 1361 1552 1401 scribam

223 1429 273 1467 ad
288 1436 325 1467 te
342 1428 526 1478 pluribus.
587 1430 645 1466 Te
668 1436 799 1467 tamen
821 1429 897 1466 hoc
918 1427 1015 1466 scire
1036 1429 1136 1474 volo,
1161 1428 1412 1466 vehementer
1432 1441 1553 1478 popu-

168 1508 205 1528 :0
223 1495 305 1532 lum
334 1493 544 1533 sollicitum
575 1493 692 1532 fuisse
713 1494 763 1532 de
786 1495 825 1530 P.
851 1494 980 1532 Sullae
1001 1500 1126 1532 morte
1152 1500 1243 1531 ante
1263 1506 1380 1543 quam
1402 1500 1551 1531 certum

223 1559 361 1600 scierit.
422 1561 541 1598 Nunc
562 1573 747 1610 quaerere
772 1558 972 1598 desierunt
1000 1572 1080 1610 quo
1105 1559 1227 1598 modo
1253 1557 1407 1609 perierit
1422 1573 1431 1605 3
1461 1557 1552 1596 satis

224 1632 363 1676 putant
392 1638 433 1664 se
460 1624 556 1664 scire
586 1626 695 1675 quod
720 1623 858 1663 sciunt.
921 1626 1006 1674 Ego
1033 1622 1234 1674 ceteroqui
1263 1622 1396 1661 animo
1425 1635 1553 1673 aequo

223 1691 329 1739 feroj,
358 1704 482 1730 unum
502 1704 646 1738 vereor,
670 1704 720 1729 ne
741 1691 852 1728 hasta
874 1689 1051 1730 Caesaris
1073 1688 1268 1728 refrixerit.
1315 1735 1318 1736 ⁷

239 1845 350 1880 ΧῘ
426 1838 430 1840 .
453 1839 522 1881 Sci».
543 1847 697 1880 z'n‘Atlt‘ci
709 1848 885 1880 Ficuleano
897 1841 1087 1889 paulopost
1102 1846 1151 1877 xii
1164 1845 1207 1877 K.
1228 1845 1311 1877 Mai.

167 1919 204 1951 ²5
225 1922 242 1925 ·’
780 1914 810 1934 a·
832 1914 891 1944 709
912 1904 990 1944 (453-
1208 1908 1212 1909 ⁷

600 1979 774 2010 CICERO
801 1978 1110 2010 DOLABELLAE
1137 1978 1171 2009 S.

278 2059 350 2096 Vel
380 2072 468 2095 meo
499 2057 618 2107 ipsius
647 2056 802 2096 interitu
831 2058 987 2096 mallem
1013 2056 1158 2095 litteras
1184 2069 1290 2094 meas
1311 2054 1551 2094 desiderares
1574 2063 1590 2089 1

223 2136 342 2173 quam
370 2136 417 2161 eo
447 2135 550 2168 casu,
574 2136 653 2172 quo
674 2136 760 2160 sum
787 2121 1013 2172 gravissime
1039 2121 1244 2168 adflictus:
1273 2134 1390 2170 quem
1413 2121 1550 2158 ferrem

224 2195 328 2226 certe
350 2187 600 2234 moderatius,
618 2186 650 2225 si
671 2195 707 2225 te
728 2187 913 2226 haberem
930 2202 938 2234 3
968 2200 1059 2225 nam
1085 2194 1124 2225 et
1150 2185 1273 2225 oratio
1295 2194 1359 2223 tua
1380 2185 1552 2234 prudens

166 2269 206 2299 30
225 2260 263 2291 et
292 2266 402 2291 amor
425 2266 514 2303 erga
538 2266 601 2291 me
627 2251 829 2302 singularis
857 2253 1025 2290 multum
1050 2253 1203 2289 levaret.
1265 2251 1342 2288 Sed
1364 2248 1550 2299 quoniam

268 2358 288 2388 8
313 2363 345 2388 te
362 2357 436 2389 add.
457 2357 568 2388 Aldus
721 2367 742 2397 9
766 2357 931 2398 cularum]
951 2356 1146 2397 squillarum
1171 2355 1374 2387 Gronovius:
1401 2353 1551 2384 cochlea-

225 2410 298 2432 rum
316 2404 385 2432 vett.
401 2412 407 2433 :
422 2400 503 2439 sont.
525 2400 726 2432 sercularum
843 2412 881 2432 10
905 2411 979 2431 cum
998 2401 1092 2439 sepia
1115 2399 1301 2439 Septimiae
1319 2397 1553 2437 Pantagallms

228 2454 266 2483 14
290 2445 349 2486 ne]
370 2449 407 2476 ut
427 2443 613 2486 Wesenberg
744 2455 786 2484 29
810 2455 886 2475 nam
904 2455 957 2475 me
975 2450 1009 2474 et
1025 2443 1152 2483 Kayser
