1791 2796
109 170 202 207 XII.
221 171 299 206 xxi
621 169 676 205 M.
710 167 877 206 TVLLI
910 166 1218 205 CICERONIS

300 293 411 328 XXI
560 294 640 326 ’δοῖ
664 294 793 325 Romae
811 304 917 323 unwsz·
942 294 1048 323 'mvrto
1063 303 1094 324 α.
1120 302 1176 332 710
1196 293 1280 333 (44).
1327 283 1330 285 .

677 371 852 403 CICERO
879 370 1168 402 CORNIFICIO.

312 453 356 492 C.
388 450 565 497 Anicius,
595 449 793 489 familiaris
824 462 948 497 meUS,
975 448 1031 487 vir
1060 448 1245 487 omnibus
1275 448 1391 486 rebus
1421 455 1594 496 ornatus,

257 518 503 569 negotiorum
535 530 695 555 suorum
726 529 844 554 causa
872 517 1021 566 legatus
1051 522 1109 553 est
1138 514 1177 552 in
1200 513 1370 553 Africam
1399 513 1594 564 legatione

257 583 388 622 libera.
451 585 553 621 Eum
574 581 690 620 velim
719 582 834 620 rebus
862 580 1048 619 omnibus
1074 579 1236 618 adiuves
1263 593 1504 629 operamque
1524 579 1594 618 des
1614 594 1631 626 5

259 657 300 687 ut
322 662 440 698 quam
463 645 786 686 commodissime
813 660 884 685 sua
907 645 1064 696 negotia
1088 644 1286 692 conficiat,
1307 644 1345 682 in
1367 643 1592 695 primisque,

259 714 368 763 quod
400 713 435 752 ei
474 712 717 752 carissimum
753 719 824 760 est,
853 711 1084 762 dignitatem
1125 709 1207 749 eius
1246 709 1315 748 tibi
1355 710 1595 749 commendo

259 779 379 829 idque
399 793 421 817 a
445 786 483 817 te
510 785 616 828 peto,
637 778 746 827 quod
773 776 856 828 ipse
886 776 924 814 in
956 775 1157 827 provincia
1186 776 1312 813 facere
1342 788 1428 813 sum
1459 774 1595 813 solitus

260 859 340 883 non
365 852 535 895 rogatuS,
557 851 598 881 ut
625 842 810 882 omnibus
838 841 1085 881 senatoribus
1113 841 1269 880 lictores
1294 840 1454 887 darem5
1488 839 1596 890 quod

260 910 365 949 idem
386 923 615 960 acceperam
638 917 675 947 et
693 908 732 947 id
753 921 1014 958 cognoveram
1035 921 1058 945 a
1074 906 1238 946 summis
1255 905 1343 943 viris
1364 904 1592 943 factitatum.
1620 919 1657 941 10

261 977 353 1013 Hoc
388 975 512 1025 igitur,
546 974 598 1012 mi
631 973 830 1020 Cornifici,
864 972 981 1011 facies
1011 971 1229 1021 ceterisque
1264 970 1379 1009 rebus
1411 969 1596 1009 omnibus

259 1041 342 1079 eins
373 1039 552 1091 dignitati
583 1038 727 1089 reique,
760 1038 790 1076 si
822 1052 884 1077 me
913 1052 1032 1084 amaS,
1065 1038 1258 1076 consules.
1320 1034 1402 1074 Erit
1431 1034 1471 1074 id
1502 1034 1596 1073 mihi

259 1106 532 1158 gratissimum.
595 1107 656 1143 Da
677 1118 836 1156 operam
858 1111 900 1143 ut
921 1104 1060 1142 valeas.

306 1242 442 1277 XXII
541 1243 609 1276 Ser.
633 1243 762 1276 Romae
774 1247 848 1285 post
861 1243 923 1274 xiii
937 1242 980 1274 K.
1005 1242 1072 1274 Oct.
1094 1253 1125 1273 a.
1151 1253 1207 1281 710
1226 1242 1311 1282 (44).

658 1321 834 1354 CICERO
860 1319 1138 1352 CORNIFICIO
1164 1319 1200 1350 S.
1414 1358 1417 1360 Ι
1621 1333 1652 1355 1=

229 1413 247 1441 1
320 1403 405 1441 Nos
444 1401 508 1439 hic
547 1414 637 1439 cum
677 1399 838 1439 homine
876 1399 1091 1450 gladiatore
1129 1397 1308 1436 omnium
1344 1395 1597 1447 nequissimo,

264 1469 429 1518 conlega
450 1474 594 1513 nostro,
618 1465 807 1513 Antonio,
830 1466 976 1504 bellum
1007 1464 1187 1515 gerimus,
1211 1464 1279 1502 sed
1307 1476 1387 1501 non
1408 1461 1489 1513 pari
1511 1475 1600 1501 con-

264 1532 435 1579 dicione,
462 1540 598 1570 contra
627 1545 735 1570 arma
761 1530 899 1569 verbis.
960 1532 1012 1568 At
1042 1529 1159 1568 etiam
1190 1530 1240 1568 de
1270 1536 1307 1567 te
1337 1527 1600 1575 contionatur,

264 1611 337 1637 nec
377 1597 564 1648 impune:
611 1610 702 1634 nam
742 1595 883 1635 sentiet
918 1609 1018 1645 quos
1057 1593 1277 1634 lacessierit.
1344 1596 1429 1643 Ego
1467 1600 1598 1632 autem

264 1671 351 1701 acta
385 1663 435 1701 ad
466 1670 503 1701 te
535 1661 669 1701 onmia
698 1661 862 1700 arbitror
891 1659 1076 1711 perscribi
1106 1660 1157 1698 ab
1186 1659 1295 1703 aliis;
1328 1672 1350 1696 a
1380 1672 1442 1697 me
1473 1659 1600 1696 futura
1621 1674 1660 1696 20

265 1728 388 1767 debes
409 1741 647 1778 cognoscere
665 1741 672 1774 3
702 1740 869 1777 quorum
891 1726 1051 1776 quidem
1075 1739 1154 1763 non
1175 1732 1233 1764 est
1261 1724 1428 1763 difficilis
1449 1723 1601 1762 coniec-

222 1805 247 1833 2
267 1802 360 1832 tura.
411 1794 611 1844 Oppressa
631 1791 764 1831 omnia
785 1799 886 1839 sunt,
909 1806 982 1830 nec
1004 1792 1151 1830 habent
1171 1792 1314 1830 ducem
1336 1789 1441 1836 boni,
1465 1789 1600 1828 nostri-

265 1873 342 1909 que
377 1858 651 1909 tyrannoctoni
682 1860 798 1908 longe
827 1858 1003 1909 gentium
1035 1848 1190 1896 absunt.
1253 1859 1379 1895 Pansa
1411 1864 1448 1894 et
1483 1855 1599 1894 sentit

264 1926 365 1964 bene
387 1934 423 1963 et
444 1924 616 1976 loquitur
638 1924 808 1973 sortiter3
844 1924 998 1963 Hirtius
1025 1926 1157 1963 noster
1176 1909 1324 1962 lardius
1348 1921 1596 1961 convalescit.

264 1991 372 2039 Quid
405 1992 576 2029 futurum
612 1990 660 2029 sit
693 1993 808 2041 plane
844 1991 1006 2039 nesci03
1054 2004 1141 2041 spes
1175 1997 1305 2028 tamen
1338 2001 1416 2027 una
1447 1995 1505 2026 est
1535 1986 1599 2025 ali·
1621 1999 1658 2032 25

263 2057 425 2107 quando
446 2071 480 2107 p.
508 2059 553 2094 R.
579 2057 770 2097 maiorum
799 2058 965 2097 similem
994 2059 1086 2096 sore.
1149 2057 1234 2105 Ego
1254 2062 1358 2094 certe
1385 2053 1437 2093 rei
1459 2067 1494 2104 p.
1519 2067 1598 2091 non

264 2124 384 2161 deero
408 2131 459 2170 et,
484 2123 673 2174 quicquid
704 2124 889 2163 acciderit
913 2138 935 2162 a
965 2137 1045 2174 quo
1070 2136 1157 2161 mea
1187 2123 1302 2172 culpa
1326 2119 1440 2165 absit,
1466 2119 1599 2157 animo

265 2188 351 2227 forti
384 2190 529 2235 feram;
568 2189 662 2228 illud
693 2190 882 2240 profecto,
910 2189 1043 2240 quoad
1073 2195 1223 2239 potero,
1250 2194 1357 2225 tuam
1388 2182 1531 2223 sarnam
1562 2191 1600 2222 et

265 2253 496 2303 dignitatem
519 2255 668 2293 tuebor.

316 2368 348 2398 ¹4
378 2359 500 2390 stanter
524 2359 609 2390 1,l.c.'
646 2362 742 2399 juda!
767 2361 804 2396 ἐξ
829 2369 853 2390 ῐ.
881 2369 900 2388 2
929 2367 1036 2389 mmm
1061 2367 1127 2389 csse
1157 2355 1332 2398 epislnlmu
1364 2354 1484 2385 αἰτίην
1511 2352 1597 2384 idcm

265 2407 393 2443 tempus
410 2415 447 2433 ac
463 2414 493 2433 x.
516 2413 540 2433 ι.
563 2415 580 2434 2
605 2404 770 2443 ssriplam,
791 2402 878 2444 Scpl.
905 2413 961 2441 770
980 2405 1053 2441 (447
1071 2413 1076 2432 :
1103 2405 1140 2439 ἓξ
1159 2412 1190 2441 3,
1209 2412 1227 2440 4
1245 2400 1382 2431 almam
1399 2410 1464 2429 esst·
1483 2399 1598 2438 rsu'slu·

265 2446 334 2476 lam
363 2447 410 2477 ad
426 2449 534 2487 finem
561 2447 703 2478 cimdcm
731 2448 814 2478 anni
840 2458 913 2487 ‘ml-l!
936 2446 1148 2487 pertinentem
1296 2453 1331 2482 17
1358 2447 1472 2474 nostro
1499 2445 1596 2473 vcta:

263 2496 378 2523 vestro
397 2492 488 2523 codd.
511 2503 517 2523 :
543 2497 658 2524 vostro
676 2491 704 2522 L
