1791 2796
140 138 217 176 ΙΙΙ.
238 137 298 174 xii
610 137 722 174 EPP.
756 137 833 173 AD
865 136 1213 174 FAMILIARES

245 249 519 288 reconciliatae
549 248 693 298 gratiae
723 250 872 288 darem.
898 247 953 287 sic
979 248 1162 287 adfinitas
1190 261 1293 286 nova
1320 261 1453 286 curam
1482 246 1577 286 mihi

244 316 369 353 adfert
409 314 572 353 cavendi
606 328 656 353 ne
691 313 787 364 quid
822 315 873 353 de
914 327 1071 353 summo
1111 327 1201 353 meo
1240 328 1329 365 erga
1368 321 1406 352 te
1443 327 1577 353 amore

244 381 463 419 detractum
494 393 579 419 esse
609 379 796 418 videatur.

286 521 404 557 XIII
541 524 612 556 Ser.
631 523 744 554 Rhodi
758 523 824 555 c1'1c.
846 523 877 555 ιύ
893 522 943 556 Id.
960 523 1049 555 Sext.
1071 535 1101 556 a.
1122 533 1182 565 704
1201 525 1262 565 (50‘
1274 547 1281 556 .

582 595 757 627 CICERO
783 596 924 627 APPIO
951 595 1174 627 PVLCHRO
1200 596 1234 627 S.
1604 599 1622 630 5

208 688 224 715 1
300 675 423 725 Quasi
456 673 672 714 divinarem
703 673 768 711 tali
799 673 838 712 in
869 673 999 712 officio
1033 675 1115 713 fore
1147 673 1241 712 milii
1273 673 1487 724 aliquando
1517 689 1577 713 ex-

244 741 463 792 petendum
498 738 672 778 studium
713 746 839 786 tuum,
871 738 940 787 sic,
972 753 1062 777 cum
1103 740 1152 778 de
1192 738 1267 777 tuis
1307 739 1422 778 rebus
1460 739 1577 790 gestis

243 807 444 856 agebatur,
485 804 744 844 inserviebam
793 804 934 843 honori
974 812 1069 851 tuo;
1124 804 1252 844 dicam
1293 812 1424 843 tamen
1465 819 1577 844 vere:

246 873 337 910 Plus
373 884 490 921 quam
530 884 739 921 acceperas
771 869 988 909 reddidisti.
1050 869 1150 919 Quis
1181 869 1286 908 enim
1315 871 1366 908 ad
1402 884 1464 908 me
1495 884 1576 909 non

245 935 466 986 perscripsit
488 943 525 973 te
546 949 626 973 non
648 936 776 973 solum
803 934 1036 973 auctoritate
1057 933 1258 982 orationis,
1279 934 1474 973 sententia
1498 942 1577 983 tua,
1601 949 1638 971 ιο

244 1002 388 1052 quibus
423 1015 495 1052 ego
525 1015 547 1040 a
582 1000 647 1038 tali
682 1000 764 1038 viro
799 1008 1009 1039 contentus
1041 1014 1160 1047 eram,
1191 1001 1259 1038 sed
1295 999 1411 1038 etiarn
1447 1013 1578 1051 opera,

245 1067 423 1115 consilio,
445 1068 611 1106 domum
632 1065 843 1114 veniendo,
865 1065 1148 1104 conveniendis
1177 1064 1273 1104 meis
1302 1067 1453 1104 nullum
1478 1079 1578 1105 onus

244 1131 346 1171 offici
386 1131 570 1182 cuiquam
610 1131 805 1181 reliquum
845 1130 1014 1169 fecisse?
1085 1132 1198 1168 Haec
1245 1129 1340 1168 mihi
1388 1130 1579 1180 ampliora

244 1199 368 1236 multo
398 1205 487 1236 sunt
519 1211 637 1247 quam
668 1196 733 1235 illa
763 1196 856 1247 ipsa,
890 1204 1049 1246 propter
1079 1210 1179 1246 quae
1210 1197 1307 1235 haec
1338 1196 1574 1235 laborantur.

246 1262 418 1312 Insignia
458 1262 562 1301 enim
602 1261 751 1300 virtutis
791 1261 903 1299 multi
942 1260 1059 1299 etiam
1099 1261 1183 1299 sine
1222 1261 1361 1300 virtute
1401 1261 1577 1300 adsecuti
1604 1278 1641 1309 15

243 1336 347 1375 sunt,
368 1328 503 1366 talium
525 1327 694 1366 virorum
720 1335 828 1365 tanta
847 1326 977 1365 studia
1003 1326 1167 1377 adsequi
1189 1328 1272 1365 sola
1293 1326 1575 1377 virtusvpotest.

201 1401 225 1429 2
247 1395 385 1443 Itaque
408 1392 501 1431 mihi
524 1405 704 1443 propono
729 1393 896 1430 fructum
924 1391 1119 1430 amicitiae
1148 1400 1303 1430 nostrae
1335 1391 1458 1441 ipsam
1487 1391 1580 1431 ami-

245 1459 386 1506 citiam,
406 1472 483 1508 qua
503 1458 599 1496 nihil
621 1465 678 1497 est
700 1457 868 1504 uberius,
889 1457 1114 1507 praesertim
1138 1457 1175 1495 in
1198 1457 1242 1495 iis
1265 1457 1414 1505 studiis,
1435 1458 1578 1508 quibus

245 1532 407 1574 uterque
438 1531 614 1562 nostrum
645 1522 851 1561 devinctus
879 1530 946 1560 est.
999 1523 1102 1560 Nam
1131 1522 1200 1561 tibi
1234 1537 1295 1561 me
1328 1524 1512 1572 profiteor
1542 1530 1580 1561 et

245 1588 283 1626 in
305 1603 344 1627 re
366 1588 522 1638 publica
543 1587 705 1634 socium,
731 1588 779 1626 (le
801 1601 878 1637 qua
899 1587 1004 1625 idem
1031 1587 1234 1634 sentimus,
1257 1595 1295 1626 et
1319 1587 1356 1625 in
1381 1587 1579 1627 cotidiana
1601 1604 1641 1625 20

244 1654 322 1692 vita
360 1653 630 1700 coniunctum,
670 1666 788 1702 quam
829 1650 901 1690 his'
931 1652 1077 1690 artibus
1129 1652 1347 1704 studiisque
1400 1653 1576 1692 colimus.

245 1720 399 1757 Vellem
440 1718 490 1756 ita
529 1719 684 1756 fortuna
723 1718 882 1765 tulisset,
926 1727 980 1765 ut,
1020 1718 1156 1768 quanti
1203 1733 1275 1770 ego
1316 1719 1444 1757 omnis
1492 1727 1579 1759 tuos

246 1784 360 1840 facio,
381 1783 477 1822 tanti
499 1791 539 1822 tu
562 1797 670 1822 meos
691 1785 817 1822 facere
838 1797 984 1834 posses,
1009 1785 1118 1834 quod
1141 1792 1273 1823 tamen
1296 1783 1580 1839 ipsumnescio

245 1864 323 1900 qua
357 1857 556 1900 permotus
590 1848 710 1887 animi
745 1849 987 1889 divinatione
1026 1863 1106 1889 non
1147 1851 1328 1900 despero.'
1364 1851 1464 1893 ⁴Sed
1504 1850 1581 1888 hoc

246 1914 341 1952 nibil
371 1915 421 1953 ad
455 1923 516 1961 [υς
550 1922 725 1953 nostrum
762 1922 818 1953 est
853 1929 964 1954 onus.
1040 1917 1144 1954 Illud
1178 1915 1294 1955 l'elim
1330 1915 1385 1955 sic
1421 1916 1576 1963 habeas,
1602 1934 1640 1965 25

247 1981 354 2030 quod
386 1979 585 2029 intelleges
619 1981 691 2018 liae
731 1994 770 2019 re
800 1989 943 2019 novata
976 1981 1155 2020 additum
1190 1981 1320 2031 potius
1351 1981 1499 2032 aliquid
1529 1981 1580 2020 ad

248 2058 379 2083 meum
414 2058 503 2093 erga
538 2052 574 2082 te
609 2045 797 2093 studium,
827 2060 907 2095 quo
943 2046 1038 2084 nibil
1074 2047 1280 2085 videbatur
1318 2046 1412 2085 addi
1451 2058 1576 2096 posse,

247 2124 364 2159 quam
401 2109 611 2159 quiequam
648 2124 732 2149 esse
767 2113 997 2150 detractum.
1064 2114 1166 2150 Cum
1209 2113 1305 2150 haec
1345 2111 1580 2158 scribebam,

247 2188 449 2213 censorem
484 2174 559 2212 iam
591 2183 628 2213 te
658 2189 742 2214 esse
773 2177 989 2225 sperabam.
1054 2179 1112 2214 lio
1145 2176 1296 2215 brevior
1327 2184 1383 2215 est
1414 2175 1580 2226 epistula

247 2247 284 2278 et
315 2247 355 2278 ut
385 2240 570 2278 adversus
602 2240 828 2291 magistrum
861 2255 1013 2279 morum
1046 2241 1270 2280 modestior.
1598 2261 1641 2293 30

298 2338 306 2358 ι
338 2339 422 2358 nova
442 2327 490 2358 ,¹111
505 2341 509 2358 :
539 2339 657 2359 novam
673 2328 814 2359 M‘·GR:
844 2340 927 2360 nova
948 2330 1036 2361 nilne
1049 2330 1194 2370 Kayser:
1223 2340 1307 2361 nova
1323 2340 1441 2361 novam
1459 2329 1583 2370 Bcngcl

252 2382 289 2403 10
313 2372 467 2403 oratione
489 2373 628 2404 Gronov.
727 2384 761 2403 12
788 2372 942 2403 onusM:
969 2384 1090 2404 munus
1107 2374 1234 2413 G,so›f.
1253 2378 1335 2412 recle,
1352 2374 1388 2413 cf
1407 2374 1448 2404 vi.
1473 2384 1519 2412 14.
1543 2384 1555 2404 1
1572 2385 1578 2406 :

250 2416 403 2446 minusR
516 2427 554 2456 13
573 2417 724 2456 cuiquam
741 2416 793 2448 M:
815 2427 969 2458 umquam
985 2417 1027 2447 G:
1046 2427 1145 2457 quarn
1161 2417 1193 2447 R
1283 2428 1324 2448 22
1342 2417 1470 2453 Vellem
1489 2421 1577 2453 vem:

248 2459 346 2490 velim
366 2459 451 2490 codd.
543 2472 583 2499 24
610 2471 675 2492 non
694 2461 839 2501 despero
857 2460 932 2492 Me:
958 2471 1024 2492 non
1042 2472 1144 2501 spero
1162 2459 1221 2493 M:
1248 2472 1337 2492 nunc
1355 2471 1455 2502 spero
1474 2461 1536 2493 GR
