1791 2796
183 574 233 612 25

195 126 224 163 I.
245 125 290 161 ix
618 123 673 160 M.
706 122 874 160 TVLLI
907 120 1214 160 CICERONIS

251 244 289 275 et
319 234 662 274 exercitationibus
691 233 807 272 velim
836 246 954 283 quam
986 231 1284 271 familiarissime
1311 231 1514 272 certiorem
1545 239 1582 272 et

252 315 371 353 quam
416 300 643 351 saepissime
683 298 801 338 facias
841 297 1119 348 existimesque
1158 297 1358 336 neminem
1397 298 1583 348 cuiquam

252 381 381 418 neque
411 366 599 405 cariorem
630 379 760 416 neque
791 363 1065 403 iucundiorem
1096 376 1285 414 umquam
1317 363 1435 402 fuisse
1464 377 1583 414 quam

253 441 290 472 te
317 432 423 480 mibi,
447 432 567 482 idque
598 445 661 470 me
691 444 771 469 non
800 431 922 468 modo
950 437 992 468 ut
1022 437 1063 468 tu
1092 428 1247 477 sentias,
1277 431 1346 469 sed
1374 437 1416 468 ut
1446 443 1584 468 omnes

252 507 399 549 gentes,
423 497 540 537 etiam
562 505 603 535 ut
625 495 835 547 posteritas
853 494 982 534 omnis
1004 494 1203 545 intellegat
1224 508 1309 533 esse
1330 496 1532 534 facturum.

307 563 460 614 Appius
482 562 522 600 in
543 561 792 601 sermonibus
813 568 930 599 antea
954 559 1169 607 dictitabat,
1194 567 1330 610 postea
1351 559 1446 598 dixit
1467 560 1583 599 etiarn

254 630 293 668 in
315 637 452 668 senatu
473 630 602 679 palam
625 641 720 675 sese,
745 627 776 665 si
797 626 948 665 licitum
976 636 1079 664 esset
1105 627 1232 675 legem
1260 625 1447 664 curiatam
1475 616 1582 672 ferre,

254 695 480 733 sortiturum
501 707 586 732 esse
611 707 700 732 cum
723 693 887 742 conlega
909 690 1151 742 provinciam
1168 705 1176 738 ;
1207 689 1237 728 si
1259 689 1405 728 curiata
1424 691 1484 728 lex
1504 703 1584 728 non

254 768 366 808 esset,
394 773 435 799 se
465 767 688 810 paraturum
720 771 810 796 cum
842 759 1006 807 conlega
1031 755 1182 806 tibique
1206 768 1501 803 successurum3
1536 757 1583 794 le-

253 839 423 877 gemque
450 824 638 863 curiatam
667 823 819 862 consuli
841 823 928 861 ferri
950 836 1049 873 opus
1071 836 1167 869 esse,
1192 834 1353 860 necesse
1375 835 1454 860 non
1476 835 1585 869 esse,

255 906 308 939 se,
332 891 519 942 quoniam
551 905 597 929 ex
626 897 784 928 senatus
815 890 998 928 consulto
1028 887 1268 939 provinciam
1300 888 1472 934 haberet,
1501 889 1586 937 lege

257 957 441 998 Cornelia
470 956 677 1007 imperium
709 955 947 1002 habiturum,
977 956 1110 1005 quoad
1141 954 1179 992 in
1211 954 1347 992 urbem
1378 953 1585 992 introisset.

258 1025 355 1073 Ego,
389 1022 485 1073 quid
523 1023 574 1060 ad
609 1030 646 1060 te
682 1029 837 1060 tuorum
878 1021 1045 1071 quisque
1086 1019 1393 1059 necessariorum
1433 1018 1587 1066 scribat,

258 1088 416 1136 nescio,
450 1087 572 1126 varias
603 1100 687 1126 esse
718 1086 925 1137 opiniones
956 1085 1151 1136 intellego.
1213 1087 1323 1133 Sunt,
1355 1084 1420 1135 qui
1451 1091 1590 1135 putant

258 1168 374 1206 posse
395 1161 433 1193 te
454 1167 534 1192 non
556 1154 760 1200 decedere,
784 1152 893 1202 quod
914 1151 997 1190 sine
1025 1153 1109 1202 lege
1137 1150 1284 1189 curiata
1313 1149 1381 1189 tibi
1409 1151 1592 1189 succeda-

259 1228 344 1266 tur:
379 1226 468 1258 sunt
500 1218 628 1265 etiam,
662 1217 740 1268 qui,
773 1217 803 1255 si
834 1217 1015 1263 decedaS,
1048 1230 1070 1255 a
1101 1224 1138 1255 te
1169 1215 1333 1266 relinqui
1365 1229 1492 1266 posse,
1525 1215 1591 1266 qui

261 1284 485 1336 provinciae
524 1283 676 1334 praesit.
754 1282 854 1320 Mihi
895 1296 975 1321 non
1016 1289 1095 1320 tam
1134 1282 1184 1321 de
1224 1281 1305 1320 iure
1345 1289 1494 1320 certum
1536 1289 1592 1320 est

262 1352 519 1401 (quamquam
551 1363 600 1388 ne
630 1349 670 1387 id
702 1348 863 1398 quidem
894 1348 1007 1386 valde
1037 1346 1204 1386 dubium
1237 1347 1310 1393 est)
1334 1359 1451 1397 quam
1484 1347 1589 1394 illud,

261 1418 311 1455 ad
351 1426 456 1455 tuam
497 1428 693 1454 summam
732 1413 1046 1465 amplitudinem,
1081 1412 1323 1463 dignitatem,
1360 1412 1591 1459 libertatem,

263 1495 340 1532 qua
370 1489 407 1520 te
437 1480 519 1519 scio
549 1479 806 1520 libentissime
837 1479 909 1518 frui
942 1480 1076 1526 solere,
1110 1478 1303 1529 pertinere
1335 1486 1372 1517 te
1403 1478 1486 1517 sine
1516 1479 1593 1516 ulla

264 1561 373 1586 mora
394 1546 634 1598 provinciam
657 1545 870 1584 successori
898 1545 1128 1591 concedere,
1152 1543 1376 1595 praesertim
1399 1557 1489 1582 cum
1511 1543 1595 1582 sine

264 1612 488 1663 suspicione
510 1620 598 1650 tuae
619 1610 844 1661 cupiditatis
873 1623 953 1649 non
982 1610 1106 1660 possis
1137 1609 1237 1648 illius
1265 1608 1521 1659 cupiditatem
1543 1623 1596 1648 re-

265 1680 398 1718 futare.
460 1679 546 1728 Ego
575 1685 785 1727 utrumque
816 1690 948 1715 meum
980 1684 1075 1726 puto
1102 1688 1196 1722 esse,
1232 1683 1269 1714 ct
1302 1675 1397 1726 quid
1430 1675 1595 1714 sentiam

266 1744 474 1783 ostendere
495 1750 532 1782 et
554 1743 662 1794 quod
683 1741 818 1781 feceris
840 1742 1062 1781 defendere.

194 1811 247 1848 26
321 1809 471 1859 Scripta
501 1808 578 1846 iam
606 1807 772 1858 epistula
796 1807 994 1859 superiore
1020 1807 1153 1858 accepi
1177 1814 1262 1845 tuas
1284 1806 1428 1846 litteras
1456 1807 1506 1845 de
1530 1819 1597 1857 pu·
1640 1819 1654 1850 ,-

267 1874 442 1921 blicanis,
462 1873 661 1924 inquibus
681 1873 920 1924 aequitatem
945 1881 1051 1912 tuam
1074 1886 1153 1912 non
1177 1872 1285 1923 potui
1308 1885 1388 1911 non
1409 1872 1598 1922 probare3

269 1939 478 1981 †selicitate
498 1953 520 1977 a
541 1938 636 1988 quid
659 1941 798 1977 vellem
823 1939 1011 1989 consequi
1036 1938 1239 1989 potuisses,
1265 1951 1313 1976 ne
1335 1936 1417 1976 eius
1438 1936 1595 1984 ordinis,

270 2019 388 2057 quem
411 2018 565 2055 semper
586 2005 742 2051 ornasti,
760 2019 839 2043 rem
857 2013 923 2044 aut
941 2006 1182 2043 voluntatem
1205 2004 1434 2043 offenderes.
1482 2003 1599 2054 Equi—

315 2123 334 2153 5
359 2114 468 2145 ctiam.
498 2120 531 2145 et
554 2113 799 2153 Mra-(vntsslsag.
940 2114 960 2144 8
985 2114 1175 2153 provincias
1204 2112 1391 2153 nr'escnbmg
1519 2121 1540 2150 9
1563 2120 1601 2142 Se

274 2162 468 2198 paraturum
490 2158 538 2195 M,
558 2159 593 2198 ss.
613 2158 743 2188 Hauler
762 2159 795 2188 in
815 2157 993 2197 ‘Arvln'vfi
1014 2158 1068 2187 lat.
1087 2156 1173 2188 ch)
1193 2157 1234 2187 iii.
1256 2157 1340 2195 536:
1366 2159 1600 2195 sepcraturum

275 2201 324 2232 R:
361 2212 397 2231 sc
435 2206 708 2241 comparaturum
746 2201 932 2242 chsrnbmg
1084 2199 1276 2241 legemque]
1313 2199 1420 2239 legem
1454 2198 1601 2229 Erue-ssi:

274 2246 380 2285 legem
408 2246 542 2285 quidem
574 2245 761 2285 ll'esenbctg
882 2256 918 2275 12
943 2245 1055 2284 quoad
1080 2245 1188 2285 vulg:
1223 2244 1311 2283 quod
1341 2243 1427 2273 codd.
1563 2251 1600 2281 14

276 2295 396 2329 putent
419 2294 500 2325 vett..
529 2289 722 2327 nfrscnomgr,
741 2289 828 2328 sorte
844 2293 918 2319 rrcte
1048 2289 1089 2318 26
1115 2289 1145 2318 in
1164 2288 1284 2327 quibus
1301 2286 1448 2317 Ernesti:
1481 2285 1601 2324 quibus

277 2333 362 2365 codd.
388 2333 522 2373 Tyrrell:
548 2334 668 2373 quibus
686 2333 779 2363 lectis
796 2332 971 2363 Strer'chcr:
997 2332 1049 2362 nbi
1074 2331 1299 2362 lfflwdrlssohn
1432 2339 1471 2368 27
1498 2328 1601 2359 felici-

277 2383 346 2409 tate
379 2389 397 2408 a
429 2378 507 2417 quid
541 2377 652 2407 rodd.:
693 2376 851 2407 facilitate
883 2376 1017 2415 quidem
1050 2375 1085 2405 Ν
1112 2376 1226 2416 vulg:
1268 2374 1428 2405 felicitate
1460 2374 1602 2412 quadam

281 2422 480 2453 Gronovius:
509 2421 666 2452 felicitate
684 2421 818 2460 quidem
841 2419 913 2451 Vict.

1607 836 1645 859 10

1614 1162 1650 1193 15

1615 1490 1655 1512 20
