1791 2796
170 133 238 171 IV.

218 459 234 486 1

200 1832 224 1860 2

258 131 302 169 iii
623 133 678 172 M.
711 134 880 172 TVLLI
912 134 1219 174 CICERONIS

297 287 371 322 III
453 290 521 322 Ser.
544 290 674 322 Romae
689 294 765 322 ante
780 290 816 322 vi
827 290 871 323 K.
890 290 1029 323 intercal.
1044 290 1168 332 priores
1183 303 1213 324 a.
1235 294 1297 332 708
1314 292 1403 335 (46).

541 368 585 400 Μ.
612 369 787 400 CICERO
814 370 847 401 S.
878 370 919 401 D.
946 370 1047 401 SER.
1075 370 1302 403 SVLPICIO.

308 447 576 486 Vehementer
597 455 634 486 te
655 462 741 487 esse
761 448 972 487 sollicitum
994 457 1031 487 et
1059 450 1097 487 in
1126 449 1404 488 communibus
1425 447 1587 488 miseriis

252 513 465 563 praecipuo
496 515 673 563 quodam
704 515 842 553 dolore
875 514 964 565 angi
999 515 1111 553 multi
1149 516 1200 554 ad
1239 529 1310 553 nos
1349 514 1494 554 cotidie
1523 515 1587 553 de-

251 579 390 616 serunt.
451 579 574 627 Quod
594 592 836 629 quamquam
867 579 1030 630 ‘minime
1058 579 1175 618 miror
1198 588 1236 618 et
1261 594 1391 618 meum
1413 581 1586 630 quodam
1606 598 1624 629 5

252 644 374 682 modo
403 657 590 694 agnosco,
616 645 734 683 doleo
764 634 896 683 tamen
928 652 965 683 te
995 645 1187 695 sapientia
1215 645 1436 695 praeditum
1465 658 1587 695 prope

250 708 434 759 singulari
462 722 542 747 non
568 708 643 747 tuis
671 708 785 747 bonis
810 709 995 748 delectari
1026 709 1156 760 potius
1177 723 1295 760 quam
1320 709 1455 748 alienis
1476 710 1586 748 malis

250 774 435 813 laborare.
498 775 567 812 Me
597 773 774 824 quidem,
804 774 875 813 etsi
906 774 1053 813 nemini
1081 776 1274 822 concedo,
1301 774 1367 825 qui
1398 774 1583 813 maiorem

249 853 296 877 ex
316 838 487 890 pernicie
517 847 554 878 et
582 847 691 890 peste
721 839 776 878 rei
804 839 987 891 publicae
1017 839 1237 878 molestiam
1265 839 1432 888 traxerit,
1452 848 1583 878 tamen

249 906 372 943 multa
399 904 476 943 iarn
507 906 761 944 consolantur
790 905 1040 956 maximeque
1068 904 1311 944 conscientia
1331 904 1581 944 consiliorum
1607 922 1645 944 10

249 984 438 1009 meorum.
500 972 631 1009 Multo
670 970 776 1009 enim
813 978 906 1009 ante
944 979 1147 1021 tamquam
1185 984 1237 1009 ex.
1261 968 1393 1021 aliqua
1425 972 1584 1021 specula

247 1036 429 1087 prospexi
452 1043 726 1087 tempestatem
748 1038 932 1085 futuram,
953 1050 1082 1087 neque
1109 1036 1149 1075 id
1174 1037 1301 1074 solum
1324 1050 1411 1075 mea
1430 1044 1584 1088 sponte,

247 1103 317 1141 sed
353 1103 477 1140 multo
507 1101 625 1140 etiam
661 1101 783 1152 magis
818 1110 1006 1141 monente
1035 1109 1073 1140 et
1103 1101 1361 1140 denuntiante
1391 1109 1438 1140 te.
1500 1100 1583 1140 Etsi

247 1165 352 1204 enim
379 1165 458 1204 afui
487 1180 670 1217 magnam
701 1174 852 1217 partem
883 1168 1109 1206 consulatus
1139 1166 1209 1214 tui,
1230 1174 1362 1205 tamen
1383 1174 1421 1205 et
1441 1166 1583 1205 absens

246 1232 552 1281 cognoscebam,
573 1245 674 1282 quae
695 1239 797 1270 esset
818 1240 884 1270 tua
905 1231 943 1270 in
971 1233 1047 1270 hoc
1076 1231 1260 1282 pestifero
1282 1232 1385 1270 bello
1405 1232 1584 1271 cavendo
1607 1250 1643 1281 15

246 1304 285 1335 et
318 1296 586 1347 praedicendo
619 1297 826 1345 sententia,
856 1304 894 1335 et
924 1296 1007 1347 ipse
1036 1296 1143 1335 adfui
1173 1296 1307 1350 primis
1340 1296 1583 1346 temporibus

247 1361 301 1400 tui
336 1363 577 1410 consulatus,
610 1376 699 1400 cum
732 1361 1023 1400 accuratissime
1058 1361 1246 1400 monuisti
1279 1369 1458 1400 senatum
1493 1375 1583 1400 con-

245 1426 355 1465 lectis
394 1427 580 1465 omnibus
619 1426 731 1466 bellis
767 1426 958 1475 civilibus,
997 1434 1040 1465 ut
1078 1434 1116 1465 et
1150 1426 1213 1465 illa
1253 1426 1447 1475 timerent,
1482 1441 1582 1477 quae

246 1491 531 1541 meminissent,
559 1500 597 1531 et
624 1492 779 1539 scirent,
801 1506 891 1531 eum
922 1492 1139 1542 superiores
1170 1495 1278 1531 nullo
1306 1493 1371 1531 tali
1400 1495 1581 1543 exemplo

243 1566 361 1597 antea
390 1557 428 1596 in
457 1572 496 1597 re
523 1557 681 1608 publica
711 1558 869 1608 cognito
899 1566 978 1596 tam
1010 1559 1187 1597 crudeles
1208 1559 1384 1605 fuissent,
1405 1558 1579 1608 quicum·
1602 1577 1641 1599 20

244 1638 321 1674 que
342 1632 479 1674 postea
500 1637 581 1662 rem
603 1624 801 1674 publicam
824 1623 1079 1674 oppressisset
1102 1624 1232 1667 armis,
1254 1626 1378 1663 multo
1403 1624 1580 1663 intolera-

244 1689 423 1728 biliorem
454 1690 638 1728 futurum.
700 1691 817 1737 Nam,
848 1690 956 1739 quod
986 1692 1166 1740 exemplo
1197 1691 1252 1738 fit,
1281 1690 1321 1729 id
1351 1689 1467 1728 etiarn
1499 1689 1580 1728 iure

244 1754 325 1793 fieri
356 1763 508 1806 putant,
539 1755 610 1805 ipsi
641 1754 791 1805 aliquid
820 1763 939 1805 atque
972 1756 1074 1794 adeo
1105 1758 1228 1794 multa
1255 1757 1408 1795 addunt
1442 1763 1480 1794 et
1514 1756 1577 1794 ad-

244 1821 371 1864 ferunt
396 1822 451 1860 de
481 1835 564 1859 suo.
623 1822 716 1870 Qua
740 1835 780 1860 re
811 1820 1036 1860 meminisse
1066 1822 1188 1860 debes
1216 1835 1297 1869 603,
1318 1821 1384 1872 qui
1413 1820 1577 1860 auctori-

243 1893 361 1924 tatem
384 1894 422 1924 et
449 1885 657 1925 consilium
686 1894 797 1924 tuum
825 1899 905 1924 non
932 1886 1008 1924 sint
1035 1886 1262 1939 secuti„sua
1290 1885 1452 1925 stultitia
1477 1885 1576 1925 occi·
1598 1901 1636 1934 ²5

242 1950 359 1998 disse,
398 1964 489 1988 cum
529 1959 595 1989 tua
634 1951 842 2001 prudentia
879 1951 973 1989 salvi
1013 1966 1098 1990 esse
1137 1951 1364 2002 potuissent.
1432 1951 1576 1990 Dices:

242 2015 376 2064 ‘Quid
416 2029 479 2054 me
518 2015 591 2054 ista
623 2030 682 2054 res
716 2018 942 2055 consolatur
976 2017 1014 2054 in
1050 2017 1166 2055 tantis
1199 2016 1369 2056 tenebris
1399 2024 1436 2055 et
1465 2015 1576 2066 quasi

242 2080 440 2131 parietinis
461 2080 513 2119 rei
536 2080 717 2131 publicae
731 2083 767 2119 ?'
813 2084 882 2120 Est
903 2081 1066 2121 omnino
1087 2082 1148 2119 vix
1169 2081 1419 2121 consolabilis
1440 2082 1576 2128 dolor3

242 2153 349 2184 tanta
369 2154 427 2184 est
449 2145 627 2183 omnium
650 2159 777 2184 rerum
799 2146 958 2185 amissio
989 2154 1026 2185 et
1056 2146 1277 2196 desperatio
1308 2145 1548 2201 reciperandi
1566 2160 1575 2193 ς

240 2211 310 2249 sed
332 2219 463 2249 tamen
492 2219 530 2249 et
553 2213 697 2250 Caesar
727 2211 810 2261 ipse
839 2211 891 2249 ita
921 2212 971 2250 de
996 2219 1033 2250 te
1061 2210 1207 2250 iudicat
1237 2218 1275 2248 et
1302 2223 1439 2249 omnes
1470 2209 1573 2248 cives
1595 2227 1636 2257 30

241 2277 295 2315 sic
317 2276 552 2324 existimant,
573 2276 683 2327 quasi
706 2278 840 2316 lumen
861 2277 1022 2328 aliquod
1043 2276 1242 2316 exstinctis
1263 2275 1400 2316 ceteris
1421 2277 1574 2315 elucere

291 2382 328 2411 16
353 2381 580 2421 praedicendo
622 2380 713 2412 MR:
755 2382 982 2421 praedicando
1018 2381 1066 2412 G:
1110 2381 1339 2422 praecidendo
1371 2380 1458 2412 Ross
1492 2380 1575 2411 Boot

242 2434 284 2463 23
309 2425 370 2465 ipsi
392 2425 438 2456 G:
465 2426 537 2465 ipse
555 2425 605 2455 R:
633 2426 692 2456 scd
712 2425 753 2456 M

1777 2303 1791 2796 QW—qa-r-e-—Ru
1787 2223 1791 2296 Q-c-
1788 2099 1791 2216 —effle
