1791 2796
115 864 153 886 10

114 1631 153 1653 20

116 2277 155 2307 30

532 155 642 191 EPP.
676 155 752 191 AD
785 154 1132 193 FAMILIARES
1436 155 1503 191 IV.
1527 154 1606 191 xiv

171 278 282 305 meae
313 266 491 304 fortunae
525 278 609 303 esse
647 265 857 312 debebant,
892 278 982 303 cum
1015 272 1173 316 propter
1206 278 1342 304 eorum
1374 266 1501 315 scelus

170 331 266 369 nihil
292 330 386 368 mihi
414 329 512 368 intra
542 343 651 368 meos
681 329 845 381 parietes
875 337 1015 377 tutum,
1039 330 1134 368 nihil
1162 330 1312 368 insidiis
1334 343 1500 368 vacuum

170 396 354 443 viderem,
378 409 566 433 novarum
588 408 652 434 me
679 395 1014 434 necessitudinum
1038 395 1224 434 fidelitate
1246 403 1381 434 contra
1401 402 1502 435 vete-

170 474 256 500 rum
288 460 490 511 perfidiam
526 460 785 499 muniendum
818 460 961 512 putavi.
1021 462 1100 500 Sed
1134 462 1184 500 de
1214 461 1355 500 nostris
1385 461 1501 501 rebus

170 526 261 564 satis
282 528 342 565 vel
363 525 479 565 etiam
501 526 666 565 nimium
688 528 819 565 multa.

226 594 287 630 De
313 591 388 630 tuis
410 591 525 630 velim
547 600 588 630 ut
615 605 662 630 eo
687 592 738 630 sis
769 592 913 640 animo,
936 605 1016 643 quo
1040 592 1162 632 debes
1190 606 1284 640 esse,
1313 593 1352 632 id
1377 600 1435 632 est
1459 600 1500 631 ut
1518 601 1545 640 4

171 670 220 695 ne
251 656 347 707 quid
379 656 449 695 tibi
480 656 688 708 praecipue
726 657 946 696 timendum
982 665 1105 709 putes.
1165 658 1205 697 Si
1239 658 1343 697 enim
1379 666 1501 697 status

171 721 240 760 erit
261 722 400 772 aliquis
421 721 596 770 civitatis,
616 722 856 774 quicumque
877 723 960 771 erit,
981 731 1018 762 te
1039 723 1217 762 omnium
1239 724 1500 774 periculorum

171 787 287 826 video
319 794 515 838 expertem
550 789 656 835 fore;
699 801 790 826 nam
822 789 963 827 alteros
995 787 1065 826 tibi
1099 788 1176 827 iam
1208 790 1382 839 placatos
1417 802 1502 828 esse

172 851 369 902 intellego,
389 854 530 892 alteros
551 867 768 904 numquam
790 853 907 892 iratos
928 853 1056 893 fuisse.
1118 856 1180 893 De
1202 868 1289 893 mea
1309 863 1440 893 autem
1462 855 1501 894 in

171 926 209 957 te
225 919 425 957 voluntate
446 918 500 957 sic
520 918 637 958 velim
658 918 820 967 iudices,
838 933 913 967 me,
928 919 1245 970 quibuscumque
1266 920 1381 959 rebus
1403 934 1502 970 opus

171 996 255 1022 esse
284 983 521 1034 intellegam,
551 998 791 1035 quamquam
819 985 988 1033 videam,
1018 985 1085 1036 qui
1115 985 1188 1024 sim
1219 987 1295 1024 hoc
1325 993 1503 1036 tempore

171 1055 208 1087 et
229 1048 326 1099 quid
346 1048 506 1099 possim,
520 1063 639 1100 opera
659 1057 791 1089 tamen
813 1057 851 1089 et
871 1050 1050 1099 consilio,
1067 1050 1199 1089 studio
1220 1050 1381 1101 quidem
1400 1059 1503 1091 certe

171 1113 238 1162 rei,
259 1115 399 1163 famae,
420 1115 533 1154 saluti
558 1123 648 1154 tuae
677 1123 832 1166 praesto
862 1117 1046 1155 futurum.
1106 1118 1169 1155 Tu
1190 1116 1320 1165 velim,
1341 1124 1379 1156 et
1406 1117 1503 1168 quid

171 1193 262 1229 agas
278 1187 315 1218 et
332 1179 427 1231 quid
448 1189 626 1220 acturum
648 1189 685 1221 te
706 1190 832 1233 puteS‚
845 1181 964 1221 facias
986 1196 1049 1221 me
1069 1195 1188 1234 quam
1205 1182 1503 1233 diligentissime

172 1245 386 1285 certiorem.
445 1248 554 1285 Vale.

215 1391 299 1426 XV
441 1394 511 1428 Ser.
531 1395 658 1426 Romae
670 1396 772 1437 paulo
784 1400 860 1437 post
873 1401 918 1437 ep.
936 1396 992 1428 ,τίν
1008 1407 1039 1428 α.
1061 1397 1122 1436 708
1142 1396 1231 1438 (46).

477 1472 523 1505 M.
554 1473 723 1505 CICERO
746 1474 782 1505 S.
812 1474 853 1505 D.
884 1473 952 1506 CN.
978 1473 1199 1507 PLANCIO.

224 1550 374 1601 Accepi
413 1551 609 1602 perbrevis
648 1560 733 1590 tuas
772 1551 941 1600 litteras3
988 1552 1132 1602 quibus
1171 1552 1225 1600 id,
1258 1553 1366 1603 quod
1405 1551 1538 1592 scire1

172 1615 395 1666 cupiebam,
424 1630 661 1667 cognoscere
691 1630 771 1655 non
801 1616 925 1667 potui,
955 1616 1122 1667 cognovi
1151 1624 1283 1655 autem
1314 1617 1367 1665 id,
1393 1619 1502 1667 quod

173 1679 268 1718 mihi
297 1680 463 1719 dubium
485 1694 566 1720 non
587 1681 658 1720 fuit
676 1696 685 1729 3
720 1695 810 1720 nam
833 1695 951 1732 quam
973 1682 1120 1720 fortiter
1141 1683 1257 1720 ferres
1279 1682 1501 1720 communis

173 1744 358 1792 miserias,
392 1760 472 1784 non
503 1746 688 1794 intellexi,
721 1760 841 1796 quam
873 1760 936 1785 me
973 1760 1138 1794 amares,
1168 1746 1280 1785 facile
1311 1746 1499 1797 perspexi.

172 1810 250 1848 Sed
271 1811 347 1848 hoc
368 1810 544 1858 scieram,
560 1811 657 1849 illud
678 1811 709 1849 si
729 1811 903 1859 scissem,
923 1812 974 1850 ad
996 1811 1035 1850 id
1058 1824 1164 1850 meas
1185 1811 1329 1850 litteras
1349 1825 1502 1850 accom-

172 1874 445 1913 modavissem.
505 1877 593 1923 Sed,
617 1883 749 1914 tamen
771 1876 843 1914 etsi
863 1883 978 1915 antea
998 1875 1133 1926 scripsi
1154 1890 1255 1926 quae
1285 1876 1499 1915 existimavi
1521 1886 1544 1913 2

136 1953 150 1984 ,-
173 1938 288 1977 scribi
309 1947 500 1989 oportere,
520 1947 652 1979 tamen
677 1942 752 1979 hoc
777 1948 953 1991 tempore
977 1941 1143 1980 breviter
1162 1943 1500 1981 commonendum

172 2004 318 2054 putavi,
338 2018 388 2043 ne
409 2018 488 2054 quo
508 2006 548 2042 in
575 2005 748 2055 periculo
778 2014 816 2045 te
845 2006 1002 2057 proprio
1032 2006 1270 2045 existimares
1297 2020 1392 2046 esse.
1453 2008 1500 2045 In

174 2081 316 2119 magno
336 2082 487 2117 omneS,
507 2071 577 2109 sed
598 2078 729 2109 tamen
751 2071 789 2109 in
815 2071 1017 2110 communi
1038 2085 1184 2110 sumus,
1246 2073 1337 2121 Qua
1357 2085 1396 2110 re
1420 2085 1500 2110 non

172 2134 294 2172 debes
318 2142 384 2172 aut
413 2135 608 2185 propriam
638 2137 834 2175 fortunam
865 2145 902 2175 et
932 2137 1182 2187 praecipuam
1212 2139 1408 2187 postulare
1434 2145 1501 2175 aut

172 2211 426 2238 communem
457 2214 644 2239 recusare.
704 2203 954 2253 Quapropter
991 2216 1039 2242 eo
1076 2202 1210 2241 animo
1248 2202 1369 2240 simus
1402 2202 1502 2240 inter

173 2276 258 2310 nos,
279 2278 358 2313 quo
382 2278 535 2315 semper
560 2260 730 2313 fuimus3
759 2268 868 2316 quod
894 2268 944 2306 de
968 2275 1006 2306 te
1036 2281 1202 2317 sperare,
1223 2269 1273 2306 de
1304 2281 1366 2306 me
1396 2280 1501 2317 prae-

173 2337 272 2367 stare
293 2343 463 2379 possum.

196 2441 259 2506 d?
269 2432 379 2506 gidelo
401 2432 586 2474 {Vesenberg
705 2445 745 2474 25
770 2435 831 2466 hoc
851 2439 884 2466 te
906 2440 1058 2476 tempore
1081 2435 1270 2476 lVesenberg
1399 2435 1442 2466 26
1465 2435 1500 2465 in

174 2486 193 2505 ιι
241 2499 248 2507 .
301 2486 357 2506 mn
382 2501 387 2507 .
