1791 2796
565 141 675 178 EPl'.
710 142 786 178 Al)
820 141 1167 179 FAMILIARES
1484 144 1552 180 xl.
1574 143 1647 180 xiii

197 252 377 291 homines
407 252 588 303 abripuit,
618 253 792 292 constitit
825 267 1019 304 nusquam
1057 254 1161 304 prius
1196 268 1314 305 quam
1341 256 1392 294 ad
1418 257 1530 294 Vada

197 318 329 365 venit;
359 332 477 368 quem
508 320 638 357 locum
660 320 749 357 volo
779 318 850 357 tibi
880 333 965 357 esse
995 327 1144 358 notum.
1206 322 1313 359 Iacet
1334 321 1433 360 inter
1452 323 1531 370 Ap-

196 383 414 434 penninum
435 393 473 422 et
493 384 605 434 Alpis
635 384 957 434 impeditissimus
977 386 1028 423 ad
1050 385 1120 423 iter
1140 386 1375 424 faciendum.
1427 387 1529 425 Cum
1549 393 1574 430 3

195 450 375 487 abessem
414 451 464 488 ab
499 464 546 489 eo
581 449 686 488 milia
720 463 907 500 passuum
942 463 1031 488 xxx
1062 458 1099 489 et
1134 464 1175 490 se
1209 451 1285 489 iam
1320 452 1530 491 Ventidius

157 526 175 557 5
196 514 473 563 coniunxisset,
506 515 640 553 contio
671 515 754 553 eius
788 516 838 553 ad
873 529 936 554 me
967 523 1025 554 est
1056 517 1196 563 adlata,
1225 516 1265 554 in
1297 530 1374 567 qua
1400 525 1533 568 petere

196 580 326 630 coepit
354 593 376 618 a
403 580 591 619 militibus
620 589 662 619 ut
690 594 731 619 se
758 588 863 619 trans
884 580 996 631 Alpis
1027 589 1309 632 sequerentur3
1347 582 1419 621 sibi
1441 596 1532 621 cum

198 647 253 683 M.
290 645 443 696 Lepido
482 646 702 685 convenire.
762 648 1053 685 Succlamatum
1093 655 1151 686 est
1190 648 1225 686 ei
1259 650 1480 698 frequenter
1510 662 1533 687 a

197 710 385 749 militibus
407 710 655 749 Ventidianis
677 712 785 761 (nam
813 725 904 750 suos
929 713 1041 750 valde
1071 725 1189 762 quam
1219 726 1366 763 paucos
1395 713 1532 764 habet)

197 775 270 814 sibi
300 783 366 813 aut
396 775 435 814 in
458 776 570 814 Italia
599 777 845 826 pereundum
876 790 961 816 esse
990 785 1057 816 aut
1077 777 1327 825 vincendum,
1355 786 1392 817 et
1422 792 1531 817 orare

139 855 178 878 10
197 848 411 891 coeperunt
442 848 484 879 ut
512 840 745 879 Pollentiam
776 841 847 880 iter
872 843 1053 880 facerent.
1115 844 1217 882 Cum
1245 843 1435 882 sustinere
1462 858 1529 883 eos

197 919 276 943 non
316 913 458 955 posset,
491 905 529 943 in
563 913 761 955 posterum
801 906 906 944 diem
947 907 1018 945 iter
1055 920 1169 945 suum
1202 908 1377 947 contulit.
1440 911 1572 952 Hac4

197 984 236 1008 re
264 970 358 1007 mihi
386 970 564 1008 nuntiata
591 970 720 1008 statim
752 971 928 1021 quinque
963 972 1135 1010 cohortis
1162 973 1394 1011 Pollentiam
1426 987 1531 1024 prae-

197 1035 282 1073 misi
323 1048 535 1085 meumque
574 1035 644 1074 iter
689 1050 737 1074 eo
775 1036 934 1075 contuli.
1015 1039 1126 1076 Hora
1164 1046 1255 1077 ante
1294 1039 1531 1088 praesidium

197 1114 328 1138 meum
368 1100 600 1139 Pollentiam
635 1101 740 1139 venit
779 1115 898 1151 quam
933 1103 1153 1141 Trebellius
1192 1116 1282 1141 cum
1321 1104 1530 1154 equitibus.

140 1177 177 1208 15
198 1167 299 1203 Sane
323 1178 442 1215 quam
473 1179 558 1203 sum
585 1166 739 1216 gavisus
754 1181 764 1215 3
803 1167 841 1205 in
869 1168 944 1206 hoc
974 1168 1078 1206 enim
1101 1168 1301 1207 victoriam
1327 1177 1423 1219 puto
1444 1183 1533 1208 con-

198 1238 332 1269 S1stere
353 1260 360 1268 .
384 1261 390 1268 .
416 1260 423 1268 .

242 1379 358 1414 XIII
376 1390 400 1414 a
447 1381 518 1413 Ser.
542 1381 704 1413 Cularone
720 1383 754 1413 sn
771 1382 1007 1424 Allobrogibus
1023 1385 1087 1416 circ.
1108 1384 1141 1415 iv
1157 1383 1206 1416 Id.
1222 1384 1298 1417 Iun.

761 1449 794 1470 “-
816 1449 870 1478 711
891 1441 969 1479 (45)-

210 1519 433 1551 PLANCVS
453 1520 519 1551 ET
537 1519 580 1551 D.
609 1519 804 1552 BRVTVS
825 1520 1042 1552 SENATVI
1063 1520 1255 1553 POPVLO
1278 1521 1522 1563 PLEBIQVE

140 1590 181 1612 20
735 1580 999 1612 ROMANAE.

343 1694 350 1702 .
390 1663 430 1702 in
470 1677 579 1715 spem
619 1672 815 1713 venerant,
858 1666 966 1715 quod
1009 1678 1138 1715 neque
1178 1665 1312 1703 Planci
1351 1673 1536 1715 quattuor

199 1728 372 1778 legiones
402 1729 588 1768 omnibus
618 1729 697 1768 suis
731 1729 854 1781 copiis
884 1729 985 1780 paris
1015 1729 1302 1768 arbitrabantur
1331 1743 1460 1780 neque
1489 1744 1535 1769 ex

201 1793 314 1831 Italia
334 1801 413 1832 tam
434 1794 610 1833 celeriter
630 1795 840 1833 exercitum
867 1795 974 1833 traici
1002 1808 1117 1846 posse
1138 1795 1362 1833 credebant.
1422 1796 1535 1844 Quos

200 1857 271 1907 ipsi
299 1847 437 1897 adhuc·
460 1859 551 1897 satis
580 1860 813 1910 adroganter
833 1860 1067 1910 Allobroges
1096 1859 1372 1910 equitatusque
1392 1860 1531 1908 omnis,

143 1937 179 1968 25
200 1922 267 1972 qui
305 1936 354 1962 eo
392 1924 626 1974 praemissus
665 1933 746 1963 erat
789 1939 812 1963 a
854 1925 980 1973 nobis,
1021 1925 1278 1973 sustinebant,
1319 1932 1532 1975 nostroque

199 1988 372 2026 adventu
397 1988 576 2027 sustineri
601 1989 751 2028 facilius
776 2003 891 2040 posse
918 1990 1166 2029 confidimus.
1225 1991 1379 2028 Tamen
1400 1990 1430 2028 si
1452 2004 1531 2041 quo

200 2052 319 2091 etiam
340 2065 432 2091 casu
450 2053 596 2092 Isaram
618 2067 658 2093 se
679 2055 909 2103 traiecerint‚
928 2069 977 2094 ne
998 2057 1106 2106 quod
1127 2055 1406 2095 detrimentum
1423 2054 1476 2093 rei
1492 2069 1528 2105 p.

201 2116 405 2167 iniungant
443 2131 597 2157 summa
634 2133 657 2157 a
691 2119 806 2159 nobis
840 2120 997 2159 dabitur
1035 2134 1163 2171 opera.
1222 2122 1305 2159 Vos
1344 2131 1574 2170 magnum5

199 2182 376 2221 animum
398 2183 668 2234 optimamque
689 2199 799 2235 spem
821 2186 870 2224 de
891 2199 1044 2224 summa
1061 2200 1100 2225 re
1120 2200 1156 2237 p.
1175 2187 1320 2224 habere
1336 2187 1528 2232 volumus,

143 2259 182 2290 30
200 2261 290 2286 cum
325 2255 363 2287 et
394 2262 466 2287 nos
500 2256 538 2287 et
572 2249 762 2289 exercitus
794 2258 947 2290 nostros
979 2251 1161 2302 singulari
1196 2250 1408 2289 concordia
1442 2263 1533 2288 con-

243 2363 263 2392 4
286 2362 324 2383 se
348 2353 379 2383 ei
403 2353 467 2383 iam
491 2353 604 2384 Baiter
735 2364 753 2394 7
777 2355 809 2385 ei
832 2355 922 2385 Koch
948 2355 1087 2386 Miiller:
1125 2360 1158 2385 et
1183 2353 1269 2384 codd.
1301 2353 1531 2384 Mendelssolm

201 2394 405 2471 ggrgl‘lrovatrg
416 2396 590 2470 {gyssam
603 2398 737 2438 primus
753 2399 888 2439 agnovit
903 2397 942 2429 L.
961 2398 1082 2430 Gnrlilt
1169 2408 1209 2436 24
1227 2401 1425 2436 arroganter
1437 2396 1530 2429 HD:

286 2450 351 2479 e,ari
