1791 2796
174 973 211 994 10

176 1299 212 1330 15

179 1627 218 1648 20

182 2277 222 2309 30

590 172 701 207 EPP.
735 172 811 207 Al)
844 170 1190 207 FAMILIARES
1491 170 1576 206 XV.
1595 168 1704 204 xviii

227 285 286 322 Te
306 284 443 329 abesse
466 296 551 321 mea
576 296 694 321 causa
722 283 885 320 moleste
913 282 1005 328 fero,
1029 289 1095 320 tua
1120 281 1286 331 gaudeo.
1346 282 1431 320 Sed
1454 279 1556 331 flagi-

228 356 282 386 tat
314 346 546 386 tabellarius.
607 346 767 385 Valebis
802 345 916 396 igitur
948 359 1101 397 meque,
1134 353 1176 384 ut
1204 359 1227 383 a
1260 359 1383 397 puero
1416 344 1553 392 fecisti,

227 412 388 451 amabis.

271 539 380 573 XIX
534 540 603 572 Ser.
622 540 784 571 Brundisi
798 552 844 572 cx.
869 551 912 572 m.
933 539 1004 573 Icm.
1023 552 1052 572 a.
1079 551 1136 582 709
1157 541 1235 581 (45)

528 620 565 649 C.
595 618 786 650 CASSIVS
812 619 847 649 S.
879 619 917 649 D.
947 618 990 650 M.
1020 618 1261 650 CICERONI.

284 700 318 735 S.
343 712 375 736 v.
400 698 435 735 b.
480 699 572 736 Non
594 711 656 736 me
677 698 836 736 hercule
857 696 896 734 in
918 698 991 735 hac
1014 711 1100 735 mea
1121 696 1432 748 peregrinatione
1454 695 1559 746 quic-
1579 710 1594 736 1

229 776 349 812 quam
369 761 554 801 libentius
579 761 679 800 facio
701 775 820 812 quam
848 761 977 800 scribo
1001 763 1052 800 ad
1080 770 1141 810 te3
1170 762 1306 801 videor
1335 761 1440 800 enim
1468 775 1559 799 cum

230 835 433 879 praesente
454 827 562 877 loqui
584 835 621 866 et
642 826 770 866 iocari.
823 829 911 866 Nec
931 835 1063 866 tamen
1084 829 1160 865 hoc
1182 841 1254 866 usu
1276 827 1382 866 venit
1402 834 1560 877 propter

235 898 407 944 ‘spectra
423 892 588 933 Catiana
602 894 609 909 '
624 907 633 941 3
662 906 733 943 pro
750 906 829 943 quo
851 892 921 931 tibi
943 892 1119 943 proxima
1134 892 1302 944 epistula
1317 901 1375 931 tot
1395 892 1560 931 rusticos

231 957 385 997 Stoicos
431 971 614 1008 regeram,
656 965 698 995 ut
736 957 895 997 Catium
934 957 1100 996 Athenis
1138 966 1275 996 natum
1315 972 1399 996 esse
1438 957 1557 996 dieas.

232 1025 399 1061 Pansam
434 1030 611 1061 nostrum
643 1023 818 1061 secunda
851 1024 1052 1061 voluntate
1086 1022 1293 1062 hominurn
1328 1024 1557 1073 paludatum
1577 1031 1601 1058 2

231 1102 277 1125 ex
308 1089 404 1126 urbe
435 1087 558 1126 exisse
589 1101 680 1126 curn
714 1087 836 1138 ipsius
870 1101 988 1126 causa
1012 1089 1167 1138 gaudeo
1196 1096 1280 1127 turn
1310 1102 1373 1127 me
1403 1089 1561 1126 hercule

232 1153 349 1192 etiam
381 1152 559 1191 omnium
598 1161 848 1198 nostroru1n;
898 1166 1012 1203 spero
1051 1153 1156 1191 enim
1196 1153 1377 1192 homines
1416 1152 1564 1191 intelle-

232 1226 363 1256 cturos
389 1225 538 1267 quanto
568 1217 615 1255 sit
643 1217 828 1256 omnibus
849 1217 942 1256 odio
973 1217 1181 1256 crudelitas
1202 1226 1240 1256 et
1265 1225 1413 1268 quanto
1440 1216 1563 1256 amori

233 1282 406 1333 probitas
437 1290 475 1321 et
505 1282 724 1330 clementia,
747 1290 866 1333 atque
896 1297 951 1329 ea,
976 1297 1077 1334 quae
1108 1283 1276 1321 maxime
1309 1283 1399 1321 mali
1429 1290 1565 1334 petant

233 1358 271 1388 et
292 1349 585 1400 concupiscant,
607 1350 658 1388 ad
680 1350 807 1389 bonos
828 1348 1039 1401 pervenire.
1093 1349 1262 1388 Difficile
1283 1357 1341 1388 est
1361 1348 1466 1388 enim
1483 1363 1565 1399 per-

234 1415 398 1454 suadere
438 1413 665 1453 hominibus
701 1416 743 1453 τὸ
774 1415 889 1453 καλὸν
918 1413 962 1453 δι’
992 1415 1079 1453 αὑτὸ
1109 1416 1252 1465 αἱρετόν
1280 1428 1389 1461 esse3
1432 1414 1566 1463 ἡδονήν

234 1494 326 1519 vero
356 1488 394 1518 et
424 1481 622 1530 ἀταραξίαν
647 1479 798 1528 virtute,
823 1479 979 1527 iustitia,
1003 1483 1053 1530 τῷ
1077 1483 1178 1531 καλῷ
1207 1479 1331 1530 parari
1361 1487 1398 1518 et
1428 1492 1562 1518 verum

236 1554 275 1584 et
304 1545 507 1597 probabile
537 1553 619 1594 est3
658 1545 741 1596 ipse
771 1545 877 1585 enim
907 1545 1110 1597 Epicurus,
1133 1560 1156 1584 a
1185 1559 1265 1596 quo
1295 1559 1433 1584 omnes
1461 1544 1563 1585 Catii

237 1619 275 1650 et
294 1610 492 1657 Amafinii,
513 1610 603 1649 mali
624 1611 832 1650 verborum
854 1610 1093 1661 interpretes,
1116 1609 1426 1661 proficiscuntur,
1445 1609 1541 1648 dicit
1558 1624 1564 1647 :

237 1679 315 1715 Οὐκ
345 1677 446 1715 ἔστιν
472 1677 582 1726 ἡδέως
611 1679 695 1715 ἄνευ
725 1680 790 1715 τοῦ
820 1680 939 1717 καλῶς
969 1677 1027 1714 καὶ
1053 1677 1196 1716 δικαίως
1224 1678 1301 1724 ζῆν.
1361 1676 1500 1724 Itaque
1527 1681 1565 1712 et
1585 1680 1609 1717 3

238 1744 374 1789 Pansa,
391 1741 457 1792 qui
479 1743 612 1792 ἡδονήν
632 1742 816 1793 sequitur,
841 1742 1023 1781 virtutem
1044 1741 1194 1788 retinet,
1213 1749 1251 1780 et
1272 1740 1307 1787 ii,
1325 1739 1391 1790 qui
1411 1754 1434 1777 a
1453 1739 1565 1777 vobis

237 1808 442 1857 φιληίἒονοι>
460 1816 659 1855 vocantur,
692 1817 782 1846 sunt
803 1809 1007 1856 φιλόκαλοι
1040 1816 1078 1845 et
1103 1807 1329 1856 φιλοδίκαιοι
1357 1805 1565 1855 omnisque

237 1872 397 1911 virtutes
418 1880 455 1912 et
476 1875 611 1911 colunt
632 1880 669 1912 et
694 1873 872 1912 retinent.
936 1874 1076 1923 Itaque
1098 1873 1214 1919 Sulla,
1237 1870 1347 1910 cuius
1375 1869 1564 1909 iudiciuin

201 1954 214 1985 ;
238 1938 403 1988 probare
431 1938 632 1984 debemus,
657 1952 747 1976 curn
777 1937 982 1977 dissentire
1014 1938 1273 1989 philosophos
1302 1935 1461 1981 videret,
1484 1948 1565 1972 non

239 2002 404 2053 quaesiit
425 2002 520 2052 quid
541 2003 690 2041 bonum
718 2011 820 2041 esset
850 2005 919 2042 sed
945 2003 1077 2042 omnia
1102 2004 1208 2042 bona
1228 2000 1382 2040 coemit.
1442 1999 1565 2038 Cuius

239 2081 312 2117 ego
333 2075 499 2105 mortem
520 2067 606 2105 forti
629 2081 692 2106 me
712 2068 890 2106 hercules
906 2068 1039 2106 animo
1055 2067 1135 2106 tuli.
1171 2068 1256 2105 Nec
1273 2074 1405 2103 tamen
1422 2065 1566 2103 Caesar

239 2131 385 2170 diutius
412 2146 484 2170 nos
511 2146 600 2170 eum
628 2131 849 2171 desiderare
872 2131 1040 2183 patietur
1055 2147 1064 2179 3
1093 2145 1183 2170 nam
1212 2130 1331 2168 habet
1359 2130 1566 2167 damnatos

241 2211 339 2247 quos
361 2211 431 2248 pro
452 2197 518 2235 illo
540 2196 654 2236 nobis
675 2196 860 2244 restituat,
885 2211 958 2236 nec
985 2196 1067 2247 ipse
1095 2204 1286 2234 sectorem
1315 2192 1565 2239 desiderabit,

241 2276 330 2300 curn
354 2261 473 2299 filium
497 2261 644 2300 viderit.

296 2328 412 2364 Nunc
445 2335 486 2364 ut
520 2328 570 2364 ad
605 2340 685 2364 rem
721 2340 756 2376 p.
787 2327 955 2373 redeam,
988 2325 1082 2376 quid
1112 2324 1150 2363 in
1183 2323 1385 2375 Hispaniis
1415 2331 1611 2374 geratur4

285 2433 305 2462 6
330 2431 379 2462 b]
399 2431 428 2461 b.
448 2442 477 2462 e.
503 2430 688 2472 chscnbctg
815 2433 858 2461 26
881 2431 938 2460 sed
960 2430 1074 2461 Orcllc:
1102 2435 1135 2460 et
1152 2430 1241 2460 codd.
1261 2440 1266 2458 :
1296 2428 1356 2460 dcl.
1382 2426 1570 2469 Wesenbetg

242 2486 284 2516 29
306 2480 474 2507 sectorem
493 2474 549 2506 M:
575 2479 740 2506 sertorem
756 2474 810 2506 D:
835 2480 1036 2506 sectatorem
1054 2474 1123 2504 HF

783 2561 801 2570 ιι
