1791 2796
629 171 741 208 EPP.
773 172 850 208 AD
883 172 1230 210 FAMILIARES
1543 174 1638 212 XII.
1656 173 1703 210 ix

263 281 303 321 in
324 295 518 321 summam
540 281 844 322 sollicitudinem
873 297 1007 322 sumus
1028 283 1201 324 adducti.
1263 286 1403 337 Itaque
1423 284 1493 324 tibi
1515 299 1597 338 per-

263 349 385 386 suade
420 347 628 386 maximam
664 348 716 387 rei
751 362 787 399 p.
819 363 928 399 spem
962 348 1000 387 in
1032 356 1069 388 te
1101 357 1139 388 et
1168 349 1207 388 in
1238 349 1313 389 tuis
1344 350 1467 401 copiis
1497 364 1592 389 esse.

265 413 416 452 Firmos
437 413 601 452 omnino
622 413 813 452 exercitus
842 415 1045 462 habemus,
1069 415 1139 453 sed
1169 422 1301 453 tamen
1323 423 1365 453 ut
1385 415 1529 462 omnia,
1552 422 1595 453 ut

263 491 387 527 spero,
404 492 588 529 prospere
605 480 820 529 procedant
835 481 1001 518 multum
1019 479 1179 518 interest
1196 488 1233 518 te
1247 481 1389 519 venire.
1446 481 1596 531 Exigua

226 556 244 587 5
264 543 368 582 enim
404 558 491 595 spes
524 552 581 583 est
614 544 667 583 rei
703 558 738 595 p.
763 545 868 595 <nam
904 547 1051 583 nullam
1086 560 1167 585 non
1197 545 1292 585 libet
1322 546 1480 597 dicere),
1512 547 1596 594 sed,

264 624 538 661 quaecumque
560 618 628 663 est,
647 625 693 650 ea
713 611 982 662 despondetur
1001 625 1107 650 anno
1128 613 1356 651 consulatus
1377 612 1443 650 tui.
1484 613 1596 651 Vale.

306 774 348 809 X
549 776 620 810 δον.
643 778 772 810 Romae
787 780 855 811 circ.
877 780 921 811 K.
943 779 1058 820 Quint.
1080 791 1112 812 a.
1135 790 1191 820 711
1210 780 1290 823 (45).

714 869 888 900 CICERO
914 869 1081 902 CASSIO
1107 870 1142 901 S.

319 956 503 1007 Lepidus,
545 964 634 995 tuus
665 957 817 1005 adfinis,
849 973 960 997 meus
995 958 1204 1006 familiaris,
1237 973 1290 1010 pr.
1327 961 1374 997 K.
1409 959 1595 1009 Quintilis
1617 971 1633 997 1

207 1035 245 1058 10
264 1022 466 1061 sententiis
499 1022 685 1061 omnibus
714 1023 836 1062 hostis
865 1038 887 1062 a
915 1032 1053 1063 senatu
1083 1023 1278 1063 iudicatus
1306 1033 1364 1063 est
1398 1025 1596 1076 ceterique

263 1087 330 1137 qui
352 1102 429 1125 una
449 1101 539 1125 cum
561 1087 627 1125 illo
654 1102 676 1126 a
700 1102 739 1126 re
764 1102 799 1138 p.
823 1090 1078 1137 defecerunt3
1108 1088 1252 1139 quibus
1275 1097 1406 1128 tamen
1427 1092 1477 1129 ad
1499 1090 1598 1128 sani-

264 1161 382 1191 tatem
418 1152 608 1191 redeundi
643 1160 733 1191 ante
769 1155 819 1191 K.
854 1156 958 1204 Sept.
994 1162 1167 1204 potestas
1201 1155 1303 1192 facta
1337 1163 1405 1193 est.
1471 1155 1596 1194 Fortis

263 1232 356 1256 sane
378 1225 545 1264 senatus,
569 1219 638 1256 sed
659 1218 827 1257 maxime
848 1232 916 1269 spe
937 1218 1088 1258 subsidi
1110 1218 1176 1257 tui.
1236 1221 1389 1258 Bellum
1421 1220 1594 1270 quidem,

263 1297 353 1321 cum
381 1284 479 1321 haec
506 1283 737 1330 scribebam,
761 1297 854 1322 sane
884 1297 1070 1334 magnum
1099 1292 1179 1322 erat
1207 1286 1351 1323 scelere
1379 1293 1415 1323 et
1440 1285 1596 1324 levitate

207 1363 243 1396 ¹5
264 1348 415 1399 Lepidi.
476 1350 560 1386 Nos
585 1350 634 1387 de
658 1349 865 1387 Dolabella
885 1348 1030 1387 cotidie
1061 1363 1161 1399 quae
1188 1352 1369 1388 volumus
1399 1350 1593 1397 audimus,

263 1415 332 1453 sed
355 1415 487 1453 adhuc
514 1414 597 1452 sine
624 1413 762 1464 capite,
786 1413 868 1452 sine
895 1422 1064 1461 auctore,
1088 1429 1243 1454 rumore
1264 1416 1414 1454 nuntio.
1475 1418 1595 1465 Quod
1615 1425 1640 1452 2

263 1494 352 1517 cum
393 1479 446 1518 ita
484 1488 595 1526 esset,
633 1487 764 1518 tamen
804 1479 938 1518 litteris
977 1480 1063 1527 tuis,
1098 1494 1195 1530 quas
1235 1480 1362 1519 Nonis
1400 1481 1515 1519 Maiis
1550 1496 1596 1520 ex

264 1544 397 1583 castris
432 1547 543 1584 datas
582 1559 870 1595 acceperamus,
913 1545 965 1583 ita
999 1559 1227 1595 persuasum
1263 1554 1343 1584 erat
1377 1546 1521 1585 civitati
1555 1555 1597 1585 ut

264 1610 372 1648 illum
412 1610 488 1649 iam
529 1625 759 1662 oppressum
801 1624 940 1649 omnes
982 1610 1269 1658 arbitrarentur,
1311 1619 1349 1650 te
1386 1620 1518 1651 autem
1558 1612 1597 1650 in

207 1689 245 1711 20
265 1676 419 1714 Italiam
451 1677 582 1716 venire
613 1691 703 1715 cum
734 1676 903 1715 exercitu
932 1684 984 1723 ut,
1022 1675 1052 1713 si
1083 1677 1179 1714 haec
1210 1691 1256 1714 ex
1286 1677 1479 1715 sententia
1508 1692 1599 1716 con—

264 1743 365 1780 fecta
395 1751 535 1790 essent,
566 1742 731 1781 consilio
766 1751 884 1792 atque
918 1741 1148 1779 auctoritate
1179 1749 1255 1789 tua,
1285 1741 1343 1780 sin
1375 1742 1469 1792 quid
1500 1744 1598 1782 forte

263 1806 486 1854 tstubatum,
515 1815 557 1845 ut
590 1809 631 1845 fit
663 1807 702 1845 in
736 1808 850 1854 bello,
882 1806 1051 1845 exercitu
1084 1813 1151 1844 tuo
1184 1806 1405 1844 niteremur.
1466 1809 1597 1856 Quem

264 1871 424 1921 quidem
461 1886 533 1922 ego
573 1872 784 1910 exercitum
824 1871 1142 1922 quibuscumque
1183 1879 1348 1921 potuero
1387 1873 1502 1910 rebus
1541 1887 1598 1911 or-

264 1937 393 1983 nab03
432 1937 542 1975 cuius
576 1937 629 1975 rei
662 1946 744 1975 tum
785 1945 939 1988 tempus
981 1937 1051 1975 erit
1090 1951 1180 1975 cum
1214 1937 1310 1987 quid
1350 1937 1434 1987 opis
1468 1937 1521 1976 rei
1558 1952 1593 1988 p.

206 2003 409 2043 251aturus
444 2002 475 2040 is
509 2001 699 2040 exercitus
739 2002 785 2040 sit
820 2010 886 2040 aut
921 2002 1016 2052 quid
1053 2002 1129 2040 iam
1166 2002 1295 2040 tulerit
1334 2010 1471 2041 notum
1511 2017 1596 2042 esse

264 2066 461 2117 coeperit3
490 2081 581 2104 nam
609 2069 739 2105 adhuc
767 2074 917 2105 tantum
947 2076 1111 2105 conatus
1139 2067 1352 2106 audiuntur
1376 2067 1513 2118 optimi
1542 2068 1594 2106 illi

263 2132 423 2181 quidem
456 2140 493 2170 et
523 2132 829 2182 praeclarissimi,
862 2134 930 2171 sed
960 2141 1068 2182 gesta
1098 2147 1156 2171 res
1187 2141 1442 2183 exspectatur,
1475 2147 1593 2183 quam

263 2196 423 2246 quidem
453 2205 519 2235 aut
549 2197 625 2235 iam
657 2212 740 2235 esse
772 2196 941 2247 aliquam
977 2206 1043 2235 aut
1074 2198 1388 2249 appropinquare
1420 2199 1591 2236 confido.

263 2263 350 2300 Tua
373 2262 523 2309 virtute,
552 2259 820 2312 magnitudine
849 2262 970 2300 animi
999 2262 1095 2301 nihil
1126 2271 1184 2302 est
1211 2263 1392 2301 nobilius.
1454 2264 1592 2313 Itaque
1612 2268 1637 2305 3

205 2337 245 2368 30
264 2334 445 2377 optamus
466 2335 508 2365 ut
535 2341 652 2377 quam
684 2327 852 2378 primum
883 2335 920 2366 te
947 2326 987 2366 in
1012 2325 1127 2366 Italia
1155 2327 1374 2367 videamus.
1431 2330 1532 2367 Rem
1555 2342 1590 2379 p.

640 2442 682 2471 29
705 2431 828 2463 virtute
845 2436 880 2463 et
897 2432 1130 2472 magnitudine
1148 2435 1218 2464 vett.
