1791 2796
158 845 197 867 10

154 1495 192 1516 20

152 1911 188 1942 25

150 2252 188 2282 30

581 132 693 168 EPP.
726 132 802 167 ΑΙ)
836 131 1182 168 FAMILIARES
1500 132 1568 168 lx.
1588 130 1695 166 xxiv

218 249 255 279 te
276 243 468 280 facturum
489 245 656 293 putem?
713 243 908 292 Spurinna
929 242 1103 292 quidem,
1127 257 1216 281 cum
1239 243 1273 281 ei
1291 256 1371 281 rem
1386 244 1548 281 demon-

217 315 397 345 strassem
428 316 465 346 et
496 308 614 346 vitam
647 316 755 346 tuam
786 308 1026 358 superiorem
1058 309 1337 358 exposuissem,
1361 316 1546 357 magnum

215 373 432 423 periculum
458 386 635 412 summae
659 373 712 412 rei
738 387 772 424 p.
797 375 1104 420 demonstrabat,
1129 374 1202 411 nisi
1229 376 1279 412 ad
1307 373 1546 424 superiorem

215 438 544 477 consuetudinem
571 447 669 487 tum,
695 453 785 478 cum
820 439 1015 478 Favonius
1046 441 1169 486 flaret,
1195 439 1440 486 revertisses3
1471 440 1546 477 hoc

215 512 391 554 tempore
412 504 499 542 ferri
520 518 645 554 posse,
671 505 701 543 si
723 507 821 543 forte
842 513 884 542 tu
906 504 1023 555 frigus
1044 506 1142 543 serre
1162 518 1243 543 non
1265 518 1410 555 posses
1469 506 1546 543 Sed
1566 512 1590 549 3

216 583 278 607 me
299 570 466 616 hercule,
484 569 536 606 mi
559 571 691 618 Paete,
705 578 810 609 extra
832 570 963 608 iocum
986 584 1131 608 moneo
1152 578 1200 616 te,
1224 571 1333 620 quod
1352 570 1546 620 pertinere

214 635 263 671 ad
294 635 408 672 beate
437 634 649 673 vivendum
680 635 855 681 arbitror,
886 642 928 672 ut
955 649 1045 673 cum
1074 635 1163 673 viris
1194 635 1322 682 bonis,
1349 634 1545 682 iucundis,

214 699 437 737 amantibus
463 699 517 736 tui
545 699 661 737 vivas.
723 700 831 737 Nihil
859 708 917 737 est
941 700 1069 750 aptius
1095 700 1205 746 vitae,
1230 700 1326 737 nihil
1352 701 1402 738 ad
1430 701 1545 738 beate

215 763 426 801 vivendum
460 764 809 803 accommodatius.
872 766 957 802 Nec
990 764 1030 802 id
1069 766 1120 802 ad
1150 766 1391 815 voluptatem
1421 766 1545 803 resero

215 829 284 866 sed
317 829 367 866 ad
399 829 723 867 communitatem
755 829 856 867 vitae
886 837 1005 879 atque
1035 829 1159 867 victus
1194 830 1545 880 remissionemque

213 893 445 939 animorum,
469 906 570 943 quae
597 894 765 932 maxime
790 908 971 932 sermone
992 894 1155 932 efficitur
1182 895 1369 941 familiari,
1392 895 1459 945 qui
1487 904 1543 934 est

216 958 254 995 in
285 957 474 996 conviviis
495 959 756 1005 dulcissimus,
781 967 822 997 ut
845 959 1058 1009 sapientius
1087 960 1205 997 nostri
1233 973 1351 1010 quam
1380 961 1545 1008 Graeci;

214 1023 267 1061 illi
300 1024 493 1073 συμπόσια
521 1032 589 1062 aut
619 1025 825 1071 σύνδειπνα,
856 1024 896 1063 id
924 1032 982 1063 est
1010 1025 1326 1075 compotationes
1356 1034 1423 1064 aut
1455 1040 1544 1064 con-

215 1089 452 1136 cenafiones,
477 1102 549 1126 nos
571 1092 579 1108 ‘
595 1089 798 1137 convivia‚’
821 1091 929 1140 quod
951 1098 1033 1128 tum
1057 1090 1225 1129 maxime
1256 1090 1371 1129 simul
1392 1091 1541 1130 vivitur,

214 1153 336 1191 Vides
356 1162 398 1191 ut
428 1162 466 1192 te
490 1154 809 1204 philosophando
830 1168 1013 1193 revocare
1040 1168 1160 1194 coner
1179 1157 1229 1194 ad
1250 1169 1378 1194 cenas.
1439 1158 1542 1195 Cura

212 1225 254 1255 ut
275 1219 402 1256 valeas
420 1233 429 1266 3
460 1218 499 1256 id
521 1219 611 1256 foris
634 1219 847 1258 cenitando
868 1219 1052 1258 facillime
1073 1234 1324 1270 consequere.

267 1284 344 1321 Sed
371 1296 476 1330 cave,
508 1283 539 1321 si
571 1297 634 1322 me
658 1297 776 1330 amas,
807 1283 1004 1322 existimes
1030 1298 1102 1331 me,
1131 1286 1240 1334 quod
1260 1285 1430 1325 iocosius
1457 1288 1544 1325 scri·
1562 1293 1587 1331 4

212 1349 313 1394 bam,
340 1348 530 1387 abiecisse
560 1363 692 1387 curam
724 1349 777 1388 rei
808 1363 842 1399 p.
905 1349 969 1387 Sic
1000 1349 1080 1396 tibi,
1106 1350 1158 1388 mi
1187 1352 1315 1398 Paete,
1338 1355 1541 1402 persuade,
1588 1365 1593 1373 ¹

212 1427 275 1451 me
295 1413 378 1451 dies
399 1422 437 1451 et
458 1422 593 1452 noctes
622 1414 717 1452 nihil
743 1414 850 1453 aliud
871 1428 995 1464 agere,
1020 1415 1117 1452 nihil
1142 1429 1285 1462 curare,
1309 1416 1382 1454 nisi
1403 1425 1445 1455 ut
1467 1418 1541 1456 mei

211 1478 314 1516 cives
353 1478 447 1516 salvi
487 1479 677 1529 liberique
727 1479 812 1517 sint.
895 1481 1059 1517 Nullum
1106 1482 1237 1518 locum
1276 1483 1542 1531 praetermitto

211 1543 413 1589 monendi,
456 1543 609 1593 agendi,
652 1544 912 1594 providendi,·
957 1546 1032 1582 hoc
1072 1545 1245 1595 denique
1282 1547 1416 1586 animo
1454 1562 1540 1586 sum

210 1616 261 1654 ut,
286 1608 315 1645 si
341 1608 380 1645 in
407 1610 480 1646 hac
504 1622 596 1647 cura
621 1617 740 1658 atque
764 1608 1106 1647 administratione
1131 1610 1209 1648 vita
1234 1611 1328 1649 mihi
1357 1615 1541 1661 ponenda

210 1672 267 1719 sit,
286 1675 481 1723 praeclare
495 1682 627 1712 actum
649 1687 805 1712 mecum
823 1682 969 1724 putem.
1020 1675 1149 1712 Etiam
1171 1683 1289 1725 atque
1305 1676 1421 1714 etiam
1443 1680 1536 1717 vale.

252 1820 381 1855 XXV
423 1838 427 1840 >
465 1824 533 1855 Ser.
555 1823 736 1855 Laudiceae
747 1828 822 1864 pos!
837 1826 874 1854 ιἰἰ’
888 1824 935 1855 Jd.
958 1825 1045 1855 letr.
1068 1836 1097 1855 a.
1121 1836 1180 1864 70⁷!
1200 1824 1280 1865 (jo,

629 1900 804 1930 CICERO
830 1900 920 1932 ΙΜΡ.
949 1901 1112 1933 PAETO.

263 1979 469 2015 Summum
506 1991 568 2016 me
600 1979 742 2016 ducem
776 1978 924 2017 litterae
956 1987 1046 2018 tuae
1081 1980 1345 2019 reddiderunt.
1418 1983 1538 2020 Plane
1558 1993 1574 2018 1

208 2042 432 2080 nesciebam
468 2051 505 2080 te
541 2051 618 2080 tam
659 2043 826 2093 peritum
866 2057 951 2082 esse
991 2044 1043 2083 rei
1085 2045 1285 2092 militaris3
1327 2046 1460 2095 Pyrrhi
1501 2055 1538 2085 te

208 2109 325 2146 libros
371 2117 408 2147 et
458 2108 605 2147 Cineae
653 2110 768 2148 video
816 2111 1020 2149 lectitasse.
1082 2113 1222 2162 Itaque
1267 2114 1537 2164 obtemperare

208 2174 337 2223 cogito
371 2174 587 2224 praeceptis
626 2174 712 2221 tuis,
749 2176 824 2213 hoc
865 2176 1044 2226 amplius,
1086 2177 1352 2216 navicularum
1392 2180 1535 2217 habere

207 2238 355 2287 aliquid
377 2238 415 2275 in
441 2252 507 2276 ora
532 2239 734 2277 maritima.
796 2241 945 2279 Contra
972 2241 1145 2291 equitem
1174 2244 1360 2281 Parthum
1391 2252 1534 2293 negant

208 2303 325 2341 ullam
346 2312 580 2342 armaturam
604 2304 804 2343 meliorem
830 2305 993 2343 inveniri
1021 2319 1147 2356 posse-
1209 2308 1286 2346 Sed
1314 2308 1409 2358 quid
1440 2309 1535 2347 ludi-

514 2418 551 2448 13
577 2409 609 2439 id
628 2433 634 2440 .
655 2433 661 2440 .
682 2433 688 2440 .
709 2411 971 2441 concenationes
989 2410 1047 2442 del.
1068 2410 1232 2442 Ruhnken
