1791 2796
546 186 657 222 EPP.
690 186 767 221 AD
800 184 1146 221 FAMILIARES
1462 184 1579 219 XIII.
1599 181 1659 217 lxi

225 292 328 326 LXI
564 294 714 334 Scr.fire'
729 293 795 325 eod.
813 298 910 334 lt‘mp.
929 304 993 333 qm>
1008 299 1053 333 φ.
1073 293 1128 324 l1'1'1'.

445 360 489 392 M.
517 360 692 391 CICERO
719 360 753 390 S.
785 359 825 390 D.
855 359 890 390 P.
917 358 1041 389 SILIO
1068 357 1238 389 PROPR.

235 431 280 467 T.
306 427 448 466 Pinnio
474 426 771 465 familiarissime
795 440 859 465 me
883 439 997 464 usum
1020 439 1106 464 esse
1132 425 1230 463 scire
1257 433 1296 463 te
1320 423 1511 472 arbitror3

181 495 290 545 quod
307 493 468 544 quidem
485 493 549 531 ille
565 500 800 531 testamento
816 491 1037 538 declaravit,
1057 490 1124 540 qui
1146 504 1209 528 me
1229 503 1320 528 curn
1341 498 1510 528 tutorem

144 577 161 607 5
181 568 264 597 tum
295 559 413 597 etiam
444 559 663 596 secundum
689 558 875 595 heredem
903 555 1123 594 instituerit.
1185 555 1280 593 Eius
1308 555 1388 593 filio
1415 554 1512 593 mire

181 625 358 663 studioso
386 632 423 662 et
451 623 604 662 erudito
631 632 669 661 et
697 624 877 660 modesto
904 621 1113 672 pecuniam
1136 620 1377 659 Nicaeenses
1403 633 1513 670 gran-

181 691 273 728 dem
302 689 461 735 debent,
483 689 534 726 ad
565 687 783 726 sestertium
810 687 994 736 oet<›gieS‚
1018 694 1067 733 et,
1091 694 1133 724 ut
1157 685 1289 732 audio,
1312 685 1351 723 in
1376 685 1511 736 primis

181 755 215 793 ei
246 756 381 793 volunt
412 756 571 792 solvere.
633 755 857 803 Pergratum
888 752 1002 802 igitur
1032 751 1127 790 mihi
1152 751 1299 798 feceris,
1322 750 1511 800 quoniam

182 833 262 857 non
294 821 415 858 modo
445 819 583 869 reliqui
613 827 761 856 tutores
791 818 857 868 qui
886 818 1014 855 sciunt
1041 816 1179 867 quanti
1207 830 1270 854 me
1297 816 1414 854 facias
1441 817 1511 854 sed

125 902 162 923 10
182 885 298 923 etiam
320 899 416 935 puer
436 885 519 934 ipse
540 883 613 921 sibi
634 883 823 934 persuasit
850 891 888 921 te
917 883 1051 921 omnia
1073 895 1159 920 mea
1180 895 1298 920 causa
1318 883 1511 919 facturum

182 966 277 998 esse,
296 951 326 988 si
348 950 501 991 dederis
518 962 688 999 operam,
708 949 840 998 quoad
861 956 928 986 tua
949 949 1045 986 fides
1062 947 1311 997 dignitasque
1332 946 1510 997 patietur,

182 1024 223 1054 ut
252 1028 371 1066 quarn
402 1014 612 1065 plurimum
640 1013 831 1064 pecuniae
859 1012 1002 1051 Pinnio
1030 1014 1201 1051 solvatur
1231 1011 1511 1050 Nicaeensium

180 1081 352 1120 nomine.

225 1194 354 1229 LXII
538 1196 608 1228 Scr.
621 1197 724 1236 paulo
734 1200 810 1237 post
825 1201 870 1237 ep.
891 1196 945 1229 lxi.
966 1200 1002 1227 ut
1018 1195 1154 1227 videtur.

105 1277 161 1312 ⁴15
446 1263 490 1294 M.
519 1262 694 1293 CICERO
720 1262 754 1293 S.
781 1262 822 1293 D.
853 1261 888 1293 P.
918 1261 1042 1292 SILIO
1070 1260 1243 1293 PROPR.

237 1332 287 1369 Et
317 1330 356 1369 in
386 1330 481 1369 Atili
511 1329 669 1380 negotio
696 1338 734 1368 te
757 1328 885 1367 amavi
916 1330 1024 1379 (cum
1054 1328 1159 1367 enim
1190 1340 1276 1366 sero
1303 1326 1510 1374 venissem,

181 1404 313 1434 tamen
343 1397 553 1434 honestum
584 1394 757 1445 equitem
798 1396 845 1432 R.
879 1393 1074 1433 beneficio
1103 1401 1172 1431 tuo
1201 1392 1446 1443 conservavi)
1474 1401 1512 1430 et

183 1475 244 1499 me
265 1463 422 1499 hercule
443 1474 597 1510 semper
617 1460 672 1498 sic
692 1460 732 1497 in
753 1459 887 1498 animo
914 1459 1046 1505 habui,
1068 1466 1106 1497 te
1131 1459 1171 1496 in
1198 1471 1289 1496 meo
1314 1471 1403 1496 aere
1427 1472 1513 1496 esse

181 1534 338 1576 propter
366 1525 525 1563 Lamiae
546 1524 667 1562 nostri
688 1524 1009 1562 coniunctionem
1031 1532 1069 1562 et
1091 1523 1326 1574 singularem
1346 1523 1514 1562 necessi-

123 1604 163 1625 20
181 1591 370 1629 tudinem.
430 1592 571 1640 Itaque
600 1590 769 1640 primurn
797 1589 867 1627 tibi
898 1603 972 1639 ago
999 1588 1140 1638 gratias
1171 1589 1280 1638 quod
1310 1602 1374 1627 me
1403 1588 1513 1626 omni

182 1655 360 1693 molestia
399 1655 551 1702 liberas,
587 1655 733 1693 deinde
764 1654 1010 1704 impudentia
1042 1666 1268 1704 prosequor,
1305 1654 1374 1691 sed
1405 1652 1510 1691 idem

181 1720 343 1758 sarciam
359 1734 369 1767 ,-
397 1728 436 1758 te
456 1719 562 1757 enim
584 1733 737 1769 semper
764 1719 818 1757 sic
845 1721 973 1757 colam
1001 1727 1039 1756 et
1066 1719 1206 1757 tuebor
1226 1726 1268 1756 ut
1289 1731 1407 1768 quem
1429 1718 1513 1756 dili-

180 1785 415 1836 gentissime.
495 1785 699 1834 Quintum,
734 1787 888 1823 fratrem
929 1798 1072 1831 meum,
1113 1784 1143 1821 si
1183 1797 1247 1822 me
1284 1783 1422 1833 diligis,
1463 1797 1512 1822 eo

181 1864 345 1889 numero
372 1846 463 1888 cura
493 1858 534 1888 ut
561 1850 707 1888 habeas
734 1863 814 1899 quo
842 1863 914 1887 me.
976 1850 1036 1887 Ita
1064 1862 1250 1899 magnum
1271 1848 1510 1887 beneficium

124 1930 138 1951 2
145 1930 161 1961 5
181 1923 291 1953 tuum
314 1928 456 1965 magno
477 1916 636 1952 cumulo
656 1914 817 1952 auxeris.

224 2048 378 2083 LXIII
424 2051 493 2082 Scr.
501 2052 644 2090 fortasse
661 2050 840 2082 Laudiceae
851 2055 926 2092 post
938 2062 969 2083 (ι.
984 2051 1014 2083 d.
1032 2052 1068 2082 iii
1080 2051 1131 2083 ld.
1148 2051 1236 2084 Febr.
1255 2062 1287 2083 a.
1305 2062 1365 2092 704
1385 2052 1466 2093 (50),

447 2122 490 2154 M.
515 2122 690 2153 CICERO
717 2123 750 2154 S.
781 2123 819 2154 D.
849 2122 886 2154 P.
912 2123 1037 2153 SILIO
1064 2123 1235 2155 PROPR.

235 2196 329 2233 Non
356 2194 488 2245 putavi
510 2194 590 2232 fieri
617 2208 732 2244 posse
759 2203 801 2232 ut
826 2195 920 2232 mihi
943 2196 1060 2233 verba
1086 2196 1256 2243 dessent,
1280 2197 1348 2234 sed
1376 2204 1508 2234 tamen
1528 2209 1545 2236 1

182 2259 221 2297 in
252 2261 307 2297 M.
332 2259 481 2297 Laenio
510 2258 831 2297 commendando
861 2260 1014 2298 desunt.
1076 2261 1216 2310 Itaque
1244 2274 1325 2298 rem
1351 2260 1420 2298 tibi
1448 2274 1509 2298 ex-

224 2373 243 2402 5
268 2363 333 2393 mei
360 2363 443 2393 mire
472 2362 579 2397 Orelli,
609 2365 667 2393 sed
685 2363 722 2402 cs.
752 2362 808 2394 xii.
833 2373 886 2401 30.
912 2374 952 2402 5;
975 2364 1042 2394 xiv.
1066 2374 1092 2395 1.
1113 2374 1132 2394 2
1269 2374 1306 2393 12
1330 2363 1509 2403 plurimum

172 2407 345 2446 ‘pecuniae
361 2404 442 2436 MH
455 2419 461 2437 :
485 2406 628 2445 primum
646 2407 791 2445 pecunia
807 2405 842 2435 D
861 2406 949 2438 Crat.
1151 2416 1189 2436 21
1216 2406 1364 2438 liberasti
1380 2406 1514 2437 Ernesti

182 2461 225 2491 29
248 2450 387 2491 desunt]
406 2451 549 2481 deerunt
566 2449 670 2490 Kleyn
681 2454 812 2491 propter
828 2450 984 2481 defutura
1002 2452 1036 2491 (ξ
1055 2452 1088 2490 2)

228 2515 290 2537 ele.
311 2515 357 2536 AD
376 2514 456 2536 FAM.
1381 2506 1423 2535 28
