1791 2796
157 157 203 193 v.
228 156 304 192 xvi
624 157 678 193 M.
700 135 880 215 >'svm
914 157 1220 195 cIcERONIS

252 266 490 306 amicissimi.
571 269 703 317 Quem
743 282 807 307 me
847 268 917 307 tibi
956 276 994 307 et
1032 268 1152 308 fuisse
1191 282 1346 321 semper
1390 268 1588 309 existimes

253 332 370 371 velim
402 340 440 372 et
471 334 646 372 futurum
676 347 763 373 esse
792 334 980 374 confidas.

296 478 433 515 XVII
698 483 767 515 Ser.
789 483 917 515 Romae
933 494 963 515 α.
986 484 1049 525 697
1068 483 1150 527 (57).

544 562 587 594 M.
617 561 793 594 CICERO
820 563 854 594 S.
885 563 923 594 D.
954 563 990 594 P.
1019 562 1174 594 SITTIO
1202 562 1237 594 P.
1268 562 1303 593 F.

217 649 236 677 1
309 641 401 679 Non
442 640 643 680 oblivione
690 640 886 679 amicitiae
925 649 1081 680 nostrae
1120 654 1250 691 neque
1298 639 1588 680 intermissione
1610 656 1626 687 5

252 705 551 745 consuetudinis
585 719 695 745 meae
727 705 994 757 superioribus
1029 705 1272 757 temporibus
1307 707 1357 745 ad
1389 713 1426 744 te
1461 707 1588 744 nullas

252 770 398 810 litteras
429 771 530 819 misi,
554 773 624 811 sed
654 773 763 822 quod
790 771 920 822 priora
950 779 1128 823 tempora
1154 771 1193 810 in
1221 771 1342 810 ruinis
1372 770 1425 810 rei
1452 785 1487 822 p.
1521 785 1588 810 no-

251 836 418 888 strisque
450 837 663 881 iacuerunt,
701 837 916 888 posteriora
949 845 1082 876 autem
1113 851 1176 876 me
1209 851 1232 875 a
1266 837 1476 876 scribendo
1511 837 1587 875 tuis

252 902 516 942 iniustissimis
554 912 674 954 atque
713 903 975 943 acerbissimis
1023 903 1288 942 incommodis
1329 903 1582 942 retardarunt.

253 969 355 1008 Cum
377 983 469 1008 vero
498 976 537 1007 et
564 968 812 1007 intervallum
839 968 917 1007 ia‘rn
945 968 1036 1007 satis
1057 970 1219 1019 longum
1247 968 1382 1006 fuisset
1411 976 1449 1006 et
1477 975 1584 1006 tuam
1609 987 1646 1008 10

253 1033 438 1073 virtutem
468 1033 671 1085 animique
693 1034 1007 1085 magnitudinem
1029 1033 1254 1085 diligentius
1275 1047 1401 1073 essem
1428 1047 1583 1072 mecum

252 1102 490 1147 recordatus,
514 1114 594 1140 non
617 1100 750 1151 putavi
772 1114 857 1140 esse
886 1100 1059 1139 alienum
1090 1099 1276 1139 institutis
1299 1099 1395 1139 meis
1416 1100 1513 1138 haec
1533 1101 1584 1139 ad

206 1174 288 1206 2te
320 1165 498 1205 scribere.
561 1168 647 1216 Ego
678 1174 725 1213 te,
766 1169 805 1205 P.
840 1166 938 1213 Sitti,
976 1174 1014 1205 et
1048 1166 1182 1217 primis
1218 1165 1461 1216 temporibus
1496 1164 1583 1212 illis,

250 1230 394 1281 quibus
425 1230 463 1269 in
495 1230 683 1270 invidiam
711 1232 854 1271 absens
884 1239 922 1270 et
950 1231 989 1270 in
1018 1231 1166 1270 crimen
1195 1231 1398 1277 vocabare,
1422 1230 1581 1269 defendi

248 1305 297 1343 et,
317 1311 407 1336 curn
429 1297 468 1335 in
491 1297 545 1336 tui
567 1297 857 1336 familiarissimi
879 1297 1026 1336 iudicio
1048 1312 1093 1336 ac
1116 1296 1289 1348 periculo
1307 1304 1415 1335 tuum
1433 1296 1581 1335 crimen
1606 1313 1642 1346 15

247 1363 560 1414 coniungeretur,
592 1372 634 1402 ut
666 1364 775 1414 potui
810 1363 1102 1402 accuratissime
1137 1371 1175 1401 te
1206 1371 1394 1413 tuamque
1417 1376 1581 1401 ⁴causam

248 1436 394 1468 tutatus
433 1443 520 1468 sum
560 1437 598 1468 et
636 1429 813 1480 proxime
848 1429 994 1468 recenti
1031 1430 1203 1469 adventu
1236 1443 1337 1476 meo,
1371 1442 1461 1467 cum
1501 1442 1581 1467 rem

245 1493 356 1532 aliter
386 1494 603 1534 institutam
634 1495 888 1534 offendissem
919 1508 964 1533 ac
998 1494 1092 1533 mihi
1128 1494 1347 1545 placuisset,
1379 1494 1409 1533 si
1440 1494 1582 1533 adfuis-

247 1574 340 1606 sem,
365 1568 496 1599 tamen
518 1561 624 1599 nulla
652 1575 691 1599 re
716 1560 828 1599 saluti
859 1568 947 1599 tuae
969 1561 1074 1599 defui
1096 1575 1102 1601 :
1133 1575 1304 1611 cunique
1329 1575 1377 1600 eo
1405 1569 1582 1611 tempore

247 1624 393 1663 invidia
422 1639 615 1672 annonae,
641 1625 787 1664 inimici
821 1640 899 1664 non
929 1627 1057 1665 solum
1085 1626 1151 1673 tui,
1176 1640 1309 1665 verum
1341 1626 1457 1665 etiam
1489 1626 1582 1665 ami-
1603 1641 1643 1663 20

247 1704 382 1729 corum
413 1699 579 1737 tuorum,
610 1690 795 1740 iniquitas
827 1691 945 1730 totius
978 1691 1097 1731 iudici
1129 1693 1330 1742 multaque
1360 1691 1435 1730 alia
1462 1691 1515 1730 rei
1544 1705 1578 1742 1).

246 1755 338 1794 vitia
373 1758 459 1806 plus
497 1770 617 1807 quam
652 1770 771 1795 causa
806 1756 888 1806 ipsa
926 1757 1145 1808 veritasque
1180 1757 1404 1805 valuissent,
1440 1757 1581 1796 Publio

246 1829 314 1859 tuo
340 1835 468 1872 neque
493 1836 611 1873 opera
636 1836 765 1873 neque
789 1823 954 1862 consilio
984 1838 1113 1874 neque
1139 1825 1272 1863 labore
1300 1838 1428 1875 neque
1459 1824 1580 1874 gratia

202 1897 226 1933 3
247 1899 375 1935 neque
411 1887 637 1926 testimonio
673 1888 790 1927 defui.
856 1892 986 1938 Quam
1023 1890 1075 1945 ob
1108 1903 1188 1938 rem
1224 1889 1409 1928 omnibus
1441 1889 1578 1928 officiis

244 1950 440 1989 amicitiae
461 1951 667 2002 diligenter
686 1967 709 1991 a
732 1968 793 1992 nie
816 1962 1030 2005 sancteque
1055 1954 1214 1994 servatis
1239 1969 1287 1993 ne
1313 1956 1388 1993 hoc
1416 1954 1575 2005 quidem
1599 1966 1638 1998 25

246 2017 634 2065 1›raetermittendiun
664 2034 747 2057 esse
780 2019 883 2063 duxi,
910 2029 945 2058 te
977 2029 1017 2058 ut
1046 2022 1218 2059 hortarer
1243 2034 1508 2071 rogaremque,
1537 2028 1579 2058 ut

244 2088 281 2117 et
304 2081 505 2120 hominem
529 2091 565 2121 te
588 2091 625 2121 et
649 2083 772 2121 virum
796 2099 880 2123 esse
911 2085 1167 2132 iiieiiiinisse5‚
1191 2085 1230 2124 id
1255 2094 1313 2124 est
1341 2094 1383 2124 ut
1410 2094 1448 2124 et
1474 2099 1579 2124 com-

246 2158 404 2184 munem
437 2146 709 2197 incertumque
737 2162 882 2195 (tasum,
916 2163 1033 2199 quem
1060 2164 1189 2200 neque
1219 2150 1338 2188 vitare
1367 2150 1577 2201 quisquam

245 2219 419 2249 nostrum
458 2226 531 2250 nec
567 2221 761 2262 praestare
795 2215 875 2251 ullo
907 2222 1023 2263 pacto
1057 2223 1196 2264 potest,
1233 2207 1429 2265 sapienter
1460 2217 1576 2254 ferres

243 2284 281 2313 et
315 2276 440 2315 dolori
475 2277 622 2316 fortiter
649 2292 694 2316 ac
730 2279 906 2317 fortunae
937 2278 1132 2318 resisteres
1165 2279 1434 2330 cogitaresque
1465 2288 1503 2319 et
1536 2280 1574 2319 in
1596 2293 1638 2324 30

244 2350 374 2382 nostra
398 2341 553 2382 civitate
579 2352 616 2382 et
645 2343 683 2381 in
710 2343 858 2391 ceteris,
882 2358 983 2396 quae
1005 2359 1131 2384 rerum
1154 2345 1301 2396 potitae
1322 2353 1422 2394 sunt,
1443 2347 1575 2386 multis

288 2457 305 2484 4
333 2457 442 2477 simio
463 2447 595 2478 Baiter:
632 2448 726 2478 sistio
745 2448 803 2478 M:
841 2449 944 2480 scstio
965 2449 1027 2480 GR
1049 2448 1196 2480 th'llems
1354 2460 1390 2488 13
1416 2449 1493 2482 Sitti
1515 2448 1574 2481 M:

245 2491 327 2521 sesti
349 2491 412 2522 Glx’
528 2501 565 2530 15
591 2492 621 2522 in
640 2503 704 2522 om.
727 2492 857 2530 Kayser
969 2496 1011 2523 26
1036 2493 1114 2523 [luxi
1136 2494 1185 2523 G:
1210 2493 1277 2523 «lixi
1299 2493 1370 2524 Mle
