<?xml version="1.0" encoding="UTF-8"?>
<!DOCTYPE html PUBLIC "-//W3C//DTD XHTML 1.0 Transitional//EN"
    "http://www.w3.org/TR/xhtml1/DTD/xhtml1-transitional.dtd">
<html xmlns="http://www.w3.org/1999/xhtml" xml:lang="en" lang="en">
 <head>
  <title>
</title>
<meta http-equiv="Content-Type" content="text/html;charset=utf-8" />
  <meta name='ocr-system' content='tesseract 3.04.00' />
  <meta name='ocr-capabilities' content='ocr_page ocr_carea ocr_par ocr_line ocrx_word'/>
</head>
<body>
  <div class='ocr_page' id='page_1' title='image "./epistulaerecogno01ciceuoft_0340.png"; bbox 0 0 1791 2796; ppageno 0'>
   <div class='ocr_carea' id='block_1_1' title="bbox 169 127 1217 168">
    <p class='ocr_par' dir='ltr' id='par_1_1' title="bbox 169 127 1217 168">
     <span class='ocr_line' id='line_1_1' title="bbox 169 127 1217 168; baseline -0.002 -1"><span class='ocrx_word' id='word_1_1' title='bbox 169 131 237 168; x_wconf 70' lang='lat' dir='ltr'>XI.</span> <span class='ocrx_word' id='word_1_2' title='bbox 258 130 302 166; x_wconf 92' lang='lat' dir='ltr'>iii</span> <span class='ocrx_word' id='word_1_3' title='bbox 620 129 674 166; x_wconf 82' lang='lat' dir='ltr'>M.</span> <span class='ocrx_word' id='word_1_4' title='bbox 709 128 875 165; x_wconf 64' lang='lat' dir='ltr'>TVLLI</span> <span class='ocrx_word' id='word_1_5' title='bbox 910 127 1217 165; x_wconf 65' lang='lat' dir='ltr'><strong>CICERONIS</strong></span> 
     </span>
    </p>
   </div>
   <div class='ocr_carea' id='block_1_2' title="bbox 212 238 1659 1667">
    <p class='ocr_par' dir='ltr' id='par_1_2' title="bbox 254 238 1587 357">
     <span class='ocr_line' id='line_1_2' title="bbox 254 238 1587 292; baseline -0.004 -12"><span class='ocrx_word' id='word_1_6' title='bbox 254 241 505 292; x_wconf 78' lang='lat' dir='ltr'>agnoscimus</span> <span class='ocrx_word' id='word_1_7' title='bbox 545 240 756 291; x_wconf 79' lang='lat' dir='ltr'>quicquam</span> <span class='ocrx_word' id='word_1_8' title='bbox 799 253 933 278; x_wconf 82' lang='lat' dir='ltr'>eorum</span> <span class='ocrx_word' id='word_1_9' title='bbox 975 247 1012 277; x_wconf 68' lang='lat' dir='ltr'>et</span> <span class='ocrx_word' id='word_1_10' title='bbox 1053 247 1091 277; x_wconf 85' lang='lat' dir='ltr'>te</span> <span class='ocrx_word' id='word_1_11' title='bbox 1130 238 1327 286; x_wconf 76' lang='lat' dir='ltr'>miramur,</span> <span class='ocrx_word' id='word_1_12' title='bbox 1363 252 1454 277; x_wconf 89' lang='lat' dir='ltr'>cum</span> <span class='ocrx_word' id='word_1_13' title='bbox 1489 239 1587 276; x_wconf 87' lang='lat' dir='ltr'>haec</span> 
     </span>
     <span class='ocr_line' id='line_1_3' title="bbox 256 303 1587 357; baseline -0.002 -12"><span class='ocrx_word' id='word_1_14' title='bbox 256 308 465 354; x_wconf 71' lang='lat' dir='ltr'>reticueris,</span> <span class='ocrx_word' id='word_1_15' title='bbox 499 320 580 345; x_wconf 89' lang='lat' dir='ltr'>non</span> <span class='ocrx_word' id='word_1_16' title='bbox 616 306 790 357; x_wconf 85' lang='lat' dir='ltr'>potuisse</span> <span class='ocrx_word' id='word_1_17' title='bbox 830 305 1032 344; x_wconf 88' lang='lat' dir='ltr'>continere</span> <span class='ocrx_word' id='word_1_18' title='bbox 1071 304 1315 343; x_wconf 79' lang='lat' dir='ltr'>iracundiam</span> <span class='ocrx_word' id='word_1_19' title='bbox 1349 312 1457 342; x_wconf 88' lang='lat' dir='ltr'>tuam</span> <span class='ocrx_word' id='word_1_20' title='bbox 1491 303 1587 354; x_wconf 86' lang='lat' dir='ltr'>quin</span> 
     </span>
    </p>

    <p class='ocr_par' dir='ltr' id='par_1_3' title="bbox 212 370 1654 1081">
     <span class='ocr_line' id='line_1_4' title="bbox 212 370 1588 421; baseline -0.002 -10"><span class='ocrx_word' id='word_1_21' title='bbox 212 380 235 416; x_wconf 89' lang='lat'><strong>3</strong></span> <span class='ocrx_word' id='word_1_22' title='bbox 256 373 371 412; x_wconf 87' lang='lat' dir='ltr'>nobis</span> <span class='ocrx_word' id='word_1_23' title='bbox 402 375 452 412; x_wconf 85' lang='lat' dir='ltr'>de</span> <span class='ocrx_word' id='word_1_24' title='bbox 485 381 610 411; x_wconf 88' lang='lat' dir='ltr'>morte</span> <span class='ocrx_word' id='word_1_25' title='bbox 643 371 820 411; x_wconf 76' lang='lat' dir='ltr'>Caesaris</span> <span class='ocrx_word' id='word_1_26' title='bbox 855 371 1043 410; x_wconf 87' lang='lat' dir='ltr'>obiceres.</span> <span class='ocrx_word' id='word_1_27' title='bbox 1120 371 1225 409; x_wconf 87' lang='lat' dir='ltr'>Illud</span> <span class='ocrx_word' id='word_1_28' title='bbox 1259 384 1351 409; x_wconf 86' lang='lat' dir='ltr'>vero</span> <span class='ocrx_word' id='word_1_29' title='bbox 1385 383 1503 421; x_wconf 86' lang='lat' dir='ltr'>quem</span> <span class='ocrx_word' id='word_1_30' title='bbox 1537 370 1588 408; x_wconf 89' lang='lat' dir='ltr'>ad</span> 
     </span>
     <span class='ocr_line' id='line_1_5' title="bbox 257 435 1589 486; baseline -0.003 -10"><span class='ocrx_word' id='word_1_31' title='bbox 257 440 421 477; x_wconf 88' lang='lat' dir='ltr'>modum</span> <span class='ocrx_word' id='word_1_32' title='bbox 454 439 661 476; x_wconf 87' lang='lat' dir='ltr'>ferendum</span> <span class='ocrx_word' id='word_1_33' title='bbox 697 437 745 476; x_wconf 89' lang='lat' dir='ltr'>sit</span> <span class='ocrx_word' id='word_1_34' title='bbox 780 445 862 475; x_wconf 84' lang='lat' dir='ltr'>tute</span> <span class='ocrx_word' id='word_1_35' title='bbox 898 436 1037 486; x_wconf 80' lang='lat' dir='ltr'>cogita,</span> <span class='ocrx_word' id='word_1_36' title='bbox 1071 448 1152 474; x_wconf 91' lang='lat' dir='ltr'>non</span> <span class='ocrx_word' id='word_1_37' title='bbox 1191 435 1307 474; x_wconf 89' lang='lat' dir='ltr'>licere</span> <span class='ocrx_word' id='word_1_38' title='bbox 1346 435 1589 486; x_wconf 89' lang='lat' dir='ltr'>praetoribus</span> 
     </span>
     <span class='ocr_line' id='line_1_6' title="bbox 255 501 1627 553; baseline -0.003 -10"><span class='ocrx_word' id='word_1_39' title='bbox 255 504 492 543; x_wconf 83' lang='lat' dir='ltr'>concordiae</span> <span class='ocrx_word' id='word_1_40' title='bbox 512 517 558 542; x_wconf 90' lang='lat' dir='ltr'>ac</span> <span class='ocrx_word' id='word_1_41' title='bbox 580 503 768 542; x_wconf 80' lang='lat' dir='ltr'>libertatis</span> <span class='ocrx_word' id='word_1_42' title='bbox 789 516 907 541; x_wconf 88' lang='lat' dir='ltr'>causa</span> <span class='ocrx_word' id='word_1_43' title='bbox 928 516 996 553; x_wconf 84' lang='lat' dir='ltr'>per</span> <span class='ocrx_word' id='word_1_44' title='bbox 1017 501 1192 541; x_wconf 88' lang='lat' dir='ltr'>edictum</span> <span class='ocrx_word' id='word_1_45' title='bbox 1213 502 1265 540; x_wconf 92' lang='lat' dir='ltr'>de</span> <span class='ocrx_word' id='word_1_46' title='bbox 1285 515 1357 540; x_wconf 89' lang='lat' dir='ltr'>suo</span> <span class='ocrx_word' id='word_1_47' title='bbox 1377 501 1458 540; x_wconf 90' lang='lat' dir='ltr'>iure</span> <span class='ocrx_word' id='word_1_48' title='bbox 1479 502 1591 540; x_wconf 85' lang='lat' dir='ltr'>dece·</span> <span class='ocrx_word' id='word_1_49' title='bbox 1609 513 1627 544; x_wconf 86' lang='lat'><strong>5</strong></span> 
     </span>
     <span class='ocr_line' id='line_1_7' title="bbox 255 567 1591 621; baseline -0.004 -11"><span class='ocrx_word' id='word_1_50' title='bbox 255 573 348 610; x_wconf 83' lang='lat' dir='ltr'>dere</span> <span class='ocrx_word' id='word_1_51' title='bbox 375 571 470 621; x_wconf 85' lang='lat' dir='ltr'>quin</span> <span class='ocrx_word' id='word_1_52' title='bbox 497 572 636 608; x_wconf 83' lang='lat' dir='ltr'>consul</span> <span class='ocrx_word' id='word_1_53' title='bbox 662 583 770 608; x_wconf 85' lang='lat' dir='ltr'>arma</span> <span class='ocrx_word' id='word_1_54' title='bbox 796 569 977 607; x_wconf 83' lang='lat' dir='ltr'>minetur.</span> <span class='ocrx_word' id='word_1_55' title='bbox 1038 569 1220 618; x_wconf 87' lang='lat' dir='ltr'>Quorum</span> <span class='ocrx_word' id='word_1_56' title='bbox 1241 567 1385 607; x_wconf 85' lang='lat' dir='ltr'>fiducia</span> <span class='ocrx_word' id='word_1_57' title='bbox 1412 567 1508 606; x_wconf 89' lang='lat' dir='ltr'>nihil</span> <span class='ocrx_word' id='word_1_58' title='bbox 1533 574 1591 605; x_wconf 86' lang='lat' dir='ltr'>est</span> 
     </span>
     <span class='ocr_line' id='line_1_8' title="bbox 256 631 1591 688; baseline -0.004 -12"><span class='ocrx_word' id='word_1_59' title='bbox 256 639 365 688; x_wconf 86' lang='lat' dir='ltr'>quod</span> <span class='ocrx_word' id='word_1_60' title='bbox 399 650 471 675; x_wconf 89' lang='lat' dir='ltr'>nos</span> <span class='ocrx_word' id='word_1_61' title='bbox 503 644 644 674; x_wconf 85' lang='lat' dir='ltr'>terreas</span> <span class='ocrx_word' id='word_1_62' title='bbox 662 651 672 683; x_wconf 76' lang='lat'><em>3</em></span> <span class='ocrx_word' id='word_1_63' title='bbox 712 648 842 685; x_wconf 85' lang='lat' dir='ltr'>neque</span> <span class='ocrx_word' id='word_1_64' title='bbox 874 634 980 673; x_wconf 89' lang='lat' dir='ltr'>enim</span> <span class='ocrx_word' id='word_1_65' title='bbox 1013 635 1128 673; x_wconf 88' lang='lat' dir='ltr'>decet</span> <span class='ocrx_word' id='word_1_66' title='bbox 1162 641 1229 672; x_wconf 87' lang='lat' dir='ltr'>aut</span> <span class='ocrx_word' id='word_1_67' title='bbox 1261 633 1444 672; x_wconf 89' lang='lat' dir='ltr'>convenit</span> <span class='ocrx_word' id='word_1_68' title='bbox 1476 631 1591 671; x_wconf 89' lang='lat' dir='ltr'>nobis</span> 
     </span>
     <span class='ocr_line' id='line_1_9' title="bbox 256 697 1591 754; baseline -0.004 -13"><span class='ocrx_word' id='word_1_69' title='bbox 256 703 430 754; x_wconf 84' lang='lat' dir='ltr'>periculo</span> <span class='ocrx_word' id='word_1_70' title='bbox 452 701 518 739; x_wconf 89' lang='lat' dir='ltr'>ulli</span> <span class='ocrx_word' id='word_1_71' title='bbox 540 701 770 739; x_wconf 72' lang='lat' dir='ltr'>submittere</span> <span class='ocrx_word' id='word_1_72' title='bbox 785 700 963 738; x_wconf 88' lang='lat' dir='ltr'>animum</span> <span class='ocrx_word' id='word_1_73' title='bbox 985 706 1163 738; x_wconf 85' lang='lat' dir='ltr'>nostrum</span> <span class='ocrx_word' id='word_1_74' title='bbox 1185 712 1315 750; x_wconf 89' lang='lat' dir='ltr'>neque</span> <span class='ocrx_word' id='word_1_75' title='bbox 1335 706 1393 737; x_wconf 87' lang='lat' dir='ltr'>est</span> <span class='ocrx_word' id='word_1_76' title='bbox 1414 697 1591 736; x_wconf 89' lang='lat' dir='ltr'>Antonio</span> 
     </span>
     <span class='ocr_line' id='line_1_10' title="bbox 257 764 1592 819; baseline -0.004 -13"><span class='ocrx_word' id='word_1_77' title='bbox 257 768 539 819; x_wconf 87' lang='lat' dir='ltr'>postulandum</span> <span class='ocrx_word' id='word_1_78' title='bbox 574 774 613 804; x_wconf 88' lang='lat' dir='ltr'>ut</span> <span class='ocrx_word' id='word_1_79' title='bbox 646 765 690 804; x_wconf 87' lang='lat' dir='ltr'>iis</span> <span class='ocrx_word' id='word_1_80' title='bbox 721 765 887 816; x_wconf 89' lang='lat' dir='ltr'>imperet</span> <span class='ocrx_word' id='word_1_81' title='bbox 919 778 1087 816; x_wconf 86' lang='lat' dir='ltr'>quorum</span> <span class='ocrx_word' id='word_1_82' title='bbox 1111 777 1229 814; x_wconf 88' lang='lat' dir='ltr'>opera</span> <span class='ocrx_word' id='word_1_83' title='bbox 1256 764 1353 802; x_wconf 89' lang='lat' dir='ltr'>liber</span> <span class='ocrx_word' id='word_1_84' title='bbox 1379 771 1447 802; x_wconf 87' lang='lat' dir='ltr'>est.</span> <span class='ocrx_word' id='word_1_85' title='bbox 1508 764 1592 802; x_wconf 91' lang='lat' dir='ltr'>Nos</span> 
     </span>
     <span class='ocr_line' id='line_1_11' title="bbox 258 828 1654 876; baseline -0.005 -5"><span class='ocrx_word' id='word_1_86' title='bbox 258 834 289 871; x_wconf 86' lang='lat' dir='ltr'>si</span> <span class='ocrx_word' id='word_1_87' title='bbox 321 833 395 871; x_wconf 88' lang='lat' dir='ltr'>alia</span> <span class='ocrx_word' id='word_1_88' title='bbox 425 834 672 871; x_wconf 78' lang='lat' dir='ltr'>hortarentur</span> <span class='ocrx_word' id='word_1_89' title='bbox 706 839 748 869; x_wconf 89' lang='lat' dir='ltr'>ut</span> <span class='ocrx_word' id='word_1_90' title='bbox 775 831 924 870; x_wconf 89' lang='lat' dir='ltr'>bellum</span> <span class='ocrx_word' id='word_1_91' title='bbox 953 830 1066 869; x_wconf 80' lang='lat' dir='ltr'>civile</span> <span class='ocrx_word' id='word_1_92' title='bbox 1097 829 1283 868; x_wconf 85' lang='lat' dir='ltr'>suscitare</span> <span class='ocrx_word' id='word_1_93' title='bbox 1311 831 1510 876; x_wconf 80' lang='lat' dir='ltr'>vellemus,</span> <span class='ocrx_word' id='word_1_94' title='bbox 1537 828 1594 866; x_wconf 82' lang='lat' dir='ltr'>lit·</span> <span class='ocrx_word' id='word_1_95' title='bbox 1616 842 1654 864; x_wconf 94' lang='lat'>10</span> 
     </span>
     <span class='ocr_line' id='line_1_12' title="bbox 258 894 1593 948; baseline -0.004 -11"><span class='ocrx_word' id='word_1_96' title='bbox 258 908 362 937; x_wconf 87' lang='lat' dir='ltr'>terae</span> <span class='ocrx_word' id='word_1_97' title='bbox 384 907 473 937; x_wconf 90' lang='lat' dir='ltr'>tuae</span> <span class='ocrx_word' id='word_1_98' title='bbox 494 897 590 935; x_wconf 89' lang='lat' dir='ltr'>nihil</span> <span class='ocrx_word' id='word_1_99' title='bbox 613 897 847 948; x_wconf 86' lang='lat' dir='ltr'>proficerent</span> <span class='ocrx_word' id='word_1_100' title='bbox 865 911 875 944; x_wconf 82' lang='lat'>;</span> <span class='ocrx_word' id='word_1_101' title='bbox 905 897 1012 934; x_wconf 85' lang='lat' dir='ltr'>nulla</span> <span class='ocrx_word' id='word_1_102' title='bbox 1033 895 1139 934; x_wconf 90' lang='lat' dir='ltr'>enim</span> <span class='ocrx_word' id='word_1_103' title='bbox 1168 894 1353 933; x_wconf 87' lang='lat' dir='ltr'>minantis</span> <span class='ocrx_word' id='word_1_104' title='bbox 1383 894 1593 932; x_wconf 80' lang='lat' dir='ltr'>auctoritas</span> 
     </span>
     <span class='ocr_line' id='line_1_13' title="bbox 257 960 1594 1015; baseline -0.005 -12"><span class='ocrx_word' id='word_1_105' title='bbox 257 965 364 1015; x_wconf 87' lang='lat' dir='ltr'>apud</span> <span class='ocrx_word' id='word_1_106' title='bbox 386 963 528 1002; x_wconf 86' lang='lat' dir='ltr'>liberos</span> <span class='ocrx_word' id='word_1_107' title='bbox 549 970 606 1001; x_wconf 88' lang='lat' dir='ltr'>est</span> <span class='ocrx_word' id='word_1_108' title='bbox 625 977 635 1009; x_wconf 77' lang='lat'>3</span> <span class='ocrx_word' id='word_1_109' title='bbox 664 963 733 1000; x_wconf 87' lang='lat' dir='ltr'>sed</span> <span class='ocrx_word' id='word_1_110' title='bbox 758 962 921 1012; x_wconf 84' lang='lat' dir='ltr'>pulchre</span> <span class='ocrx_word' id='word_1_111' title='bbox 952 960 1143 1010; x_wconf 82' lang='lat' dir='ltr'>intellegis</span> <span class='ocrx_word' id='word_1_112' title='bbox 1168 973 1248 998; x_wconf 90' lang='lat' dir='ltr'>non</span> <span class='ocrx_word' id='word_1_113' title='bbox 1270 972 1386 1010; x_wconf 86' lang='lat' dir='ltr'>posse</span> <span class='ocrx_word' id='word_1_114' title='bbox 1407 972 1479 997; x_wconf 86' lang='lat' dir='ltr'>nos</span> <span class='ocrx_word' id='word_1_115' title='bbox 1501 972 1594 1009; x_wconf 84' lang='lat' dir='ltr'>quo-</span> 
     </span>
     <span class='ocr_line' id='line_1_14' title="bbox 258 1025 1594 1081; baseline -0.004 -13"><span class='ocrx_word' id='word_1_116' title='bbox 258 1043 377 1081; x_wconf 82' lang='lat' dir='ltr'>quam</span> <span class='ocrx_word' id='word_1_117' title='bbox 405 1028 552 1079; x_wconf 84' lang='lat' dir='ltr'>impelli</span> <span class='ocrx_word' id='word_1_118' title='bbox 582 1036 619 1067; x_wconf 86' lang='lat' dir='ltr'>et</span> <span class='ocrx_word' id='word_1_119' title='bbox 653 1027 823 1065; x_wconf 78' lang='lat' dir='ltr'>fortassis</span> <span class='ocrx_word' id='word_1_120' title='bbox 851 1040 897 1066; x_wconf 85' lang='lat' dir='ltr'>ea</span> <span class='ocrx_word' id='word_1_121' title='bbox 926 1041 966 1065; x_wconf 85' lang='lat' dir='ltr'>re</span> <span class='ocrx_word' id='word_1_122' title='bbox 993 1025 1197 1064; x_wconf 87' lang='lat' dir='ltr'>minaciter</span> <span class='ocrx_word' id='word_1_123' title='bbox 1222 1025 1303 1075; x_wconf 82' lang='lat' dir='ltr'>agis</span> <span class='ocrx_word' id='word_1_124' title='bbox 1334 1033 1375 1063; x_wconf 91' lang='lat' dir='ltr'>ut</span> <span class='ocrx_word' id='word_1_125' title='bbox 1405 1025 1594 1063; x_wconf 88' lang='lat' dir='ltr'>iudicium</span> 
     </span>
    </p>

    <p class='ocr_par' dir='ltr' id='par_1_4' title="bbox 213 1091 1659 1667">
     <span class='ocr_line' id='line_1_15' title="bbox 213 1091 1595 1141; baseline -0.004 -7"><span class='ocrx_word' id='word_1_126' title='bbox 213 1105 238 1141; x_wconf 90' lang='lat'><strong>4</strong></span> <span class='ocrx_word' id='word_1_127' title='bbox 259 1104 437 1134; x_wconf 82' lang='lat' dir='ltr'>nostrum</span> <span class='ocrx_word' id='word_1_128' title='bbox 468 1102 595 1133; x_wconf 85' lang='lat' dir='ltr'>metus</span> <span class='ocrx_word' id='word_1_129' title='bbox 625 1093 811 1132; x_wconf 77' lang='lat' dir='ltr'>videatur.</span> <span class='ocrx_word' id='word_1_130' title='bbox 873 1094 958 1131; x_wconf 89' lang='lat' dir='ltr'>Nos</span> <span class='ocrx_word' id='word_1_131' title='bbox 986 1092 1025 1130; x_wconf 87' lang='lat' dir='ltr'>in</span> <span class='ocrx_word' id='word_1_132' title='bbox 1056 1094 1129 1130; x_wconf 88' lang='lat' dir='ltr'>hac</span> <span class='ocrx_word' id='word_1_133' title='bbox 1156 1091 1350 1130; x_wconf 84' lang='lat' dir='ltr'>sententia</span> <span class='ocrx_word' id='word_1_134' title='bbox 1378 1105 1523 1138; x_wconf 74' lang='lat' dir='ltr'>suniuS,</span> <span class='ocrx_word' id='word_1_135' title='bbox 1554 1098 1595 1128; x_wconf 90' lang='lat' dir='ltr'>ut</span> 
     </span>
     <span class='ocr_line' id='line_1_16' title="bbox 260 1158 1655 1211; baseline -0.006 -12"><span class='ocrx_word' id='word_1_136' title='bbox 260 1171 297 1199; x_wconf 85' lang='lat' dir='ltr'>te</span> <span class='ocrx_word' id='word_1_137' title='bbox 325 1160 529 1211; x_wconf 83' lang='lat' dir='ltr'>cupiamus</span> <span class='ocrx_word' id='word_1_138' title='bbox 560 1159 599 1197; x_wconf 88' lang='lat' dir='ltr'>in</span> <span class='ocrx_word' id='word_1_139' title='bbox 624 1158 744 1197; x_wconf 87' lang='lat' dir='ltr'>libera</span> <span class='ocrx_word' id='word_1_140' title='bbox 772 1172 811 1197; x_wconf 91' lang='lat' dir='ltr'>re</span> <span class='ocrx_word' id='word_1_141' title='bbox 835 1171 871 1208; x_wconf 89' lang='lat' dir='ltr'>p.</span> <span class='ocrx_word' id='word_1_142' title='bbox 896 1171 1082 1208; x_wconf 82' lang='lat' dir='ltr'>magnum</span> <span class='ocrx_word' id='word_1_143' title='bbox 1113 1164 1231 1207; x_wconf 84' lang='lat' dir='ltr'>atque</span> <span class='ocrx_word' id='word_1_144' title='bbox 1259 1158 1469 1195; x_wconf 88' lang='lat' dir='ltr'>honestum</span> <span class='ocrx_word' id='word_1_145' title='bbox 1497 1169 1593 1203; x_wconf 82' lang='lat' dir='ltr'>esse,</span> <span class='ocrx_word' id='word_1_146' title='bbox 1620 1167 1655 1198; x_wconf 86' lang='lat'>15</span> 
     </span>
     <span class='ocr_line' id='line_1_17' title="bbox 261 1221 1594 1272; baseline -0.003 -9"><span class='ocrx_word' id='word_1_147' title='bbox 261 1239 447 1264; x_wconf 79' lang='lat' dir='ltr'>vocemus</span> <span class='ocrx_word' id='word_1_148' title='bbox 475 1233 512 1263; x_wconf 86' lang='lat' dir='ltr'>te</span> <span class='ocrx_word' id='word_1_149' title='bbox 538 1225 589 1262; x_wconf 92' lang='lat' dir='ltr'>ad</span> <span class='ocrx_word' id='word_1_150' title='bbox 619 1225 745 1262; x_wconf 86' lang='lat' dir='ltr'>nullas</span> <span class='ocrx_word' id='word_1_151' title='bbox 772 1223 1007 1270; x_wconf 82' lang='lat' dir='ltr'>inimicitias,</span> <span class='ocrx_word' id='word_1_152' title='bbox 1031 1223 1101 1261; x_wconf 87' lang='lat' dir='ltr'>sed</span> <span class='ocrx_word' id='word_1_153' title='bbox 1122 1230 1254 1260; x_wconf 90' lang='lat' dir='ltr'>tamen</span> <span class='ocrx_word' id='word_1_154' title='bbox 1280 1221 1399 1272; x_wconf 87' lang='lat' dir='ltr'>pluris</span> <span class='ocrx_word' id='word_1_155' title='bbox 1421 1230 1594 1259; x_wconf 87' lang='lat' dir='ltr'>nostram</span> 
     </span>
     <span class='ocr_line' id='line_1_18' title="bbox 261 1287 1595 1341; baseline -0.004 -11"><span class='ocrx_word' id='word_1_156' title='bbox 261 1292 480 1330; x_wconf 87' lang='lat' dir='ltr'>libertatem</span> <span class='ocrx_word' id='word_1_157' title='bbox 513 1303 631 1341; x_wconf 83' lang='lat' dir='ltr'>quam</span> <span class='ocrx_word' id='word_1_158' title='bbox 664 1298 771 1328; x_wconf 88' lang='lat' dir='ltr'>tuam</span> <span class='ocrx_word' id='word_1_159' title='bbox 806 1289 1019 1328; x_wconf 85' lang='lat' dir='ltr'>amicitiam</span> <span class='ocrx_word' id='word_1_160' title='bbox 1054 1288 1319 1327; x_wconf 87' lang='lat' dir='ltr'>aestimemus.</span> <span class='ocrx_word' id='word_1_161' title='bbox 1379 1288 1441 1325; x_wconf 86' lang='lat' dir='ltr'>Tu</span> <span class='ocrx_word' id='word_1_162' title='bbox 1478 1287 1595 1326; x_wconf 86' lang='lat' dir='ltr'>etiam</span> 
     </span>
     <span class='ocr_line' id='line_1_19' title="bbox 261 1353 1593 1408; baseline -0.005 -11"><span class='ocrx_word' id='word_1_163' title='bbox 261 1366 379 1408; x_wconf 87' lang='lat' dir='ltr'>atque</span> <span class='ocrx_word' id='word_1_164' title='bbox 421 1357 539 1396; x_wconf 87' lang='lat' dir='ltr'>etiam</span> <span class='ocrx_word' id='word_1_165' title='bbox 578 1355 668 1395; x_wconf 89' lang='lat' dir='ltr'>vide</span> <span class='ocrx_word' id='word_1_166' title='bbox 703 1355 800 1406; x_wconf 85' lang='lat' dir='ltr'>quid</span> <span class='ocrx_word' id='word_1_167' title='bbox 847 1354 1047 1405; x_wconf 86' lang='lat' dir='ltr'>suscipias,</span> <span class='ocrx_word' id='word_1_168' title='bbox 1091 1354 1189 1405; x_wconf 89' lang='lat' dir='ltr'>quid</span> <span class='ocrx_word' id='word_1_169' title='bbox 1225 1354 1417 1393; x_wconf 85' lang='lat' dir='ltr'>sustinere</span> <span class='ocrx_word' id='word_1_170' title='bbox 1456 1353 1593 1404; x_wconf 89' lang='lat' dir='ltr'>possis,</span> 
     </span>
     <span class='ocr_line' id='line_1_20' title="bbox 261 1418 1595 1473; baseline -0.003 -13"><span class='ocrx_word' id='word_1_171' title='bbox 261 1436 390 1473; x_wconf 79' lang='lat' dir='ltr'>neque</span> <span class='ocrx_word' id='word_1_172' title='bbox 415 1436 533 1472; x_wconf 90' lang='lat' dir='ltr'>quam</span> <span class='ocrx_word' id='word_1_173' title='bbox 564 1421 632 1460; x_wconf 90' lang='lat' dir='ltr'>diu</span> <span class='ocrx_word' id='word_1_174' title='bbox 659 1420 794 1459; x_wconf 82' lang='lat' dir='ltr'>vixerit</span> <span class='ocrx_word' id='word_1_175' title='bbox 817 1421 961 1460; x_wconf 83' lang='lat' dir='ltr'>Caesar</span> <span class='ocrx_word' id='word_1_176' title='bbox 985 1421 1055 1458; x_wconf 89' lang='lat' dir='ltr'>sed</span> <span class='ocrx_word' id='word_1_177' title='bbox 1083 1433 1202 1470; x_wconf 86' lang='lat' dir='ltr'>quam</span> <span class='ocrx_word' id='word_1_178' title='bbox 1231 1432 1312 1457; x_wconf 85' lang='lat' dir='ltr'>non</span> <span class='ocrx_word' id='word_1_179' title='bbox 1333 1418 1401 1458; x_wconf 90' lang='lat' dir='ltr'>diu</span> <span class='ocrx_word' id='word_1_180' title='bbox 1429 1418 1595 1468; x_wconf 84' lang='lat' dir='ltr'>regnarit</span> 
     </span>
     <span class='ocr_line' id='line_1_21' title="bbox 261 1482 1659 1538; baseline -0.004 -12"><span class='ocrx_word' id='word_1_181' title='bbox 261 1490 320 1526; x_wconf 87' lang='lat' dir='ltr'>fac</span> <span class='ocrx_word' id='word_1_182' title='bbox 351 1487 508 1538; x_wconf 85' lang='lat' dir='ltr'>cogites.</span> <span class='ocrx_word' id='word_1_183' title='bbox 572 1488 679 1524; x_wconf 85' lang='lat' dir='ltr'>Deos</span> <span class='ocrx_word' id='word_1_184' title='bbox 709 1499 949 1536; x_wconf 88' lang='lat' dir='ltr'>quaesumus</span> <span class='ocrx_word' id='word_1_185' title='bbox 981 1485 1145 1523; x_wconf 88' lang='lat' dir='ltr'>consilia</span> <span class='ocrx_word' id='word_1_186' title='bbox 1175 1492 1241 1522; x_wconf 90' lang='lat' dir='ltr'>tua</span> <span class='ocrx_word' id='word_1_187' title='bbox 1276 1483 1328 1522; x_wconf 87' lang='lat' dir='ltr'>rei</span> <span class='ocrx_word' id='word_1_188' title='bbox 1356 1497 1391 1534; x_wconf 88' lang='lat' dir='ltr'>p.</span> <span class='ocrx_word' id='word_1_189' title='bbox 1416 1482 1596 1522; x_wconf 86' lang='lat' dir='ltr'>salutaria</span> <span class='ocrx_word' id='word_1_190' title='bbox 1618 1495 1659 1517; x_wconf 85' lang='lat'>20</span> 
     </span>
     <span class='ocr_line' id='line_1_22' title="bbox 261 1548 1597 1600; baseline -0.004 -9"><span class='ocrx_word' id='word_1_191' title='bbox 261 1554 337 1592; x_wconf 84' lang='lat' dir='ltr'>sint</span> <span class='ocrx_word' id='word_1_192' title='bbox 358 1566 403 1591; x_wconf 86' lang='lat' dir='ltr'>ac</span> <span class='ocrx_word' id='word_1_193' title='bbox 425 1552 495 1591; x_wconf 89' lang='lat' dir='ltr'>tibi</span> <span class='ocrx_word' id='word_1_194' title='bbox 513 1566 522 1599; x_wconf 78' lang='lat'><em>3</em></span> <span class='ocrx_word' id='word_1_195' title='bbox 549 1552 579 1589; x_wconf 89' lang='lat' dir='ltr'>si</span> <span class='ocrx_word' id='word_1_196' title='bbox 598 1551 737 1598; x_wconf 85' lang='lat' dir='ltr'>minus,</span> <span class='ocrx_word' id='word_1_197' title='bbox 761 1559 803 1589; x_wconf 87' lang='lat' dir='ltr'>ut</span> <span class='ocrx_word' id='word_1_198' title='bbox 824 1552 929 1588; x_wconf 84' lang='lat' dir='ltr'>salva</span> <span class='ocrx_word' id='word_1_199' title='bbox 948 1558 1067 1600; x_wconf 87' lang='lat' dir='ltr'>atque</span> <span class='ocrx_word' id='word_1_200' title='bbox 1088 1551 1254 1588; x_wconf 89' lang='lat' dir='ltr'>honesta</span> <span class='ocrx_word' id='word_1_201' title='bbox 1275 1563 1313 1588; x_wconf 88' lang='lat' dir='ltr'>re</span> <span class='ocrx_word' id='word_1_202' title='bbox 1335 1562 1370 1600; x_wconf 87' lang='lat' dir='ltr'>p.</span> <span class='ocrx_word' id='word_1_203' title='bbox 1386 1548 1456 1587; x_wconf 91' lang='lat' dir='ltr'>tibi</span> <span class='ocrx_word' id='word_1_204' title='bbox 1478 1561 1597 1599; x_wconf 85' lang='lat' dir='ltr'>quam</span> 
     </span>
     <span class='ocr_line' id='line_1_23' title="bbox 264 1616 1257 1667; baseline -0.004 -10"><span class='ocrx_word' id='word_1_205' title='bbox 264 1619 471 1657; x_wconf 85' lang='lat' dir='ltr'>minimum</span> <span class='ocrx_word' id='word_1_206' title='bbox 497 1625 666 1656; x_wconf 87' lang='lat' dir='ltr'>noceant</span> <span class='ocrx_word' id='word_1_207' title='bbox 687 1624 894 1667; x_wconf 76' lang='lat' dir='ltr'>optamus..</span> <span class='ocrx_word' id='word_1_208' title='bbox 943 1618 1001 1654; x_wconf 89' lang='lat' dir='ltr'>Pr.</span> <span class='ocrx_word' id='word_1_209' title='bbox 1027 1617 1131 1654; x_wconf 93' lang='lat' dir='ltr'>Non.</span> <span class='ocrx_word' id='word_1_210' title='bbox 1156 1616 1257 1654; x_wconf 83' lang='lat' dir='ltr'>Sext.</span> 
     </span>
    </p>
   </div>
   <div class='ocr_carea' id='block_1_3' title="bbox 308 1770 1418 1867">
    <p class='ocr_par' dir='ltr' id='par_1_5' title="bbox 308 1770 1418 1867">
     <span class='ocr_line' id='line_1_24' title="bbox 308 1770 1418 1807; baseline -0.005 0"><span class='ocrx_word' id='word_1_211' title='bbox 308 1772 373 1807; x_wconf 92' lang='lat' dir='ltr'>IV</span> <span class='ocrx_word' id='word_1_212' title='bbox 442 1774 511 1806; x_wconf 80' lang='lat' dir='ltr'>Ser.</span> <span class='ocrx_word' id='word_1_213' title='bbox 533 1776 565 1805; x_wconf 82' lang='lat' dir='ltr'>in</span> <span class='ocrx_word' id='word_1_214' title='bbox 588 1773 694 1804; x_wconf 76' lang='lat' dir='ltr'>Gallia</span> <span class='ocrx_word' id='word_1_215' title='bbox 711 1773 851 1804; x_wconf 75' lang='lat' dir='ltr'>citeriore</span> <span class='ocrx_word' id='word_1_216' title='bbox 866 1772 952 1803; x_wconf 79' lang='lat' dir='ltr'>inter</span> <span class='ocrx_word' id='word_1_217' title='bbox 967 1771 1048 1803; x_wconf 81' lang='lat' dir='ltr'>med.</span> <span class='ocrx_word' id='word_1_218' title='bbox 1070 1782 1114 1803; x_wconf 86' lang='lat' dir='ltr'>m.</span> <span class='ocrx_word' id='word_1_219' title='bbox 1138 1772 1204 1803; x_wconf 80' lang='lat' dir='ltr'><em>Oct.</em></span> <span class='ocrx_word' id='word_1_220' title='bbox 1224 1775 1254 1802; x_wconf 79' lang='lat' dir='ltr'>et</span> <span class='ocrx_word' id='word_1_221' title='bbox 1268 1782 1314 1803; x_wconf 79' lang='lat' dir='ltr'>ex.</span> <span class='ocrx_word' id='word_1_222' title='bbox 1335 1770 1418 1802; x_wconf 81' lang='lat' dir='ltr'><em>Nov.</em></span> 
     </span>
     <span class='ocr_line' id='line_1_25' title="bbox 819 1827 1035 1867; baseline 0 -9"><span class='ocrx_word' id='word_1_223' title='bbox 819 1839 848 1859; x_wconf 83' lang='lat' dir='ltr'>a.</span> <span class='ocrx_word' id='word_1_224' title='bbox 872 1839 929 1867; x_wconf 82' lang='lat'>710</span> <span class='ocrx_word' id='word_1_225' title='bbox 948 1827 1035 1867; x_wconf 45' lang='lat'>(443.</span> 
     </span>
    </p>
   </div>
   <div class='ocr_carea' id='block_1_4' title="bbox 401 1903 1660 1944">
    <p class='ocr_par' dir='ltr' id='par_1_6' title="bbox 401 1903 1660 1944">
     <span class='ocr_line' id='line_1_26' title="bbox 401 1903 1660 1944; baseline -0.002 -6"><span class='ocrx_word' id='word_1_226' title='bbox 401 1908 439 1939; x_wconf 95' lang='lat' dir='ltr'>D.</span> <span class='ocrx_word' id='word_1_227' title='bbox 470 1906 652 1938; x_wconf 83' lang='lat' dir='ltr'>BRVTVS</span> <span class='ocrx_word' id='word_1_228' title='bbox 679 1906 768 1937; x_wconf 89' lang='lat' dir='ltr'><strong>IMP.</strong></span> <span class='ocrx_word' id='word_1_229' title='bbox 797 1905 896 1937; x_wconf 89' lang='lat' dir='ltr'>COS.</span> <span class='ocrx_word' id='word_1_230' title='bbox 927 1904 1075 1935; x_wconf 74' lang='lat' dir='ltr'>DESIG.</span> <span class='ocrx_word' id='word_1_231' title='bbox 1104 1904 1138 1935; x_wconf 87' lang='lat' dir='ltr'>S.</span> <span class='ocrx_word' id='word_1_232' title='bbox 1169 1904 1207 1935; x_wconf 90' lang='lat' dir='ltr'>D.</span> <span class='ocrx_word' id='word_1_233' title='bbox 1236 1903 1472 1935; x_wconf 79' lang='lat' dir='ltr'>CICERONI.</span> <span class='ocrx_word' id='word_1_234' title='bbox 1621 1912 1660 1944; x_wconf 87' lang='lat'>25</span> 
     </span>
    </p>
   </div>
   <div class='ocr_carea' id='block_1_5' title="bbox 225 1980 1662 2361">
    <p class='ocr_par' dir='ltr' id='par_1_7' title="bbox 231 1980 1662 2297">
     <span class='ocr_line' id='line_1_27' title="bbox 231 1980 1601 2029; baseline -0.004 -4"><span class='ocrx_word' id='word_1_235' title='bbox 231 1998 247 2025; x_wconf 95' lang='lat'>1</span> <span class='ocrx_word' id='word_1_236' title='bbox 322 1986 359 2024; x_wconf 77' lang='lat' dir='ltr'>si</span> <span class='ocrx_word' id='word_1_237' title='bbox 389 1987 438 2024; x_wconf 85' lang='lat' dir='ltr'>de</span> <span class='ocrx_word' id='word_1_238' title='bbox 468 1994 534 2023; x_wconf 87' lang='lat' dir='ltr'>tua</span> <span class='ocrx_word' id='word_1_239' title='bbox 562 1985 600 2022; x_wconf 87' lang='lat' dir='ltr'>in</span> <span class='ocrx_word' id='word_1_240' title='bbox 630 1997 693 2022; x_wconf 88' lang='lat' dir='ltr'>me</span> <span class='ocrx_word' id='word_1_241' title='bbox 720 1984 921 2022; x_wconf 79' lang='lat' dir='ltr'>voluntate</span> <span class='ocrx_word' id='word_1_242' title='bbox 949 1981 1185 2029; x_wconf 85' lang='lat' dir='ltr'>dubitarem,</span> <span class='ocrx_word' id='word_1_243' title='bbox 1216 1981 1349 2020; x_wconf 90' lang='lat' dir='ltr'>multis</span> <span class='ocrx_word' id='word_1_244' title='bbox 1371 1995 1394 2020; x_wconf 86' lang='lat' dir='ltr'>a</span> <span class='ocrx_word' id='word_1_245' title='bbox 1414 1989 1452 2020; x_wconf 86' lang='lat' dir='ltr'>te</span> <span class='ocrx_word' id='word_1_246' title='bbox 1473 1980 1601 2020; x_wconf 85' lang='lat' dir='ltr'>verbis</span> 
     </span>
     <span class='ocr_line' id='line_1_28' title="bbox 268 2046 1602 2102; baseline -0.003 -14"><span class='ocrx_word' id='word_1_247' title='bbox 268 2060 441 2102; x_wconf 79' lang='lat' dir='ltr'>peterem</span> <span class='ocrx_word' id='word_1_248' title='bbox 473 2059 513 2088; x_wconf 86' lang='lat' dir='ltr'>ut</span> <span class='ocrx_word' id='word_1_249' title='bbox 544 2049 776 2099; x_wconf 82' lang='lat' dir='ltr'>dignitatem</span> <span class='ocrx_word' id='word_1_250' title='bbox 813 2061 940 2087; x_wconf 90' lang='lat' dir='ltr'>meam</span> <span class='ocrx_word' id='word_1_251' title='bbox 972 2056 1134 2095; x_wconf 88' lang='lat' dir='ltr'>tuerere,</span> <span class='ocrx_word' id='word_1_252' title='bbox 1157 2048 1227 2086; x_wconf 91' lang='lat' dir='ltr'>sed</span> <span class='ocrx_word' id='word_1_253' title='bbox 1255 2048 1431 2097; x_wconf 87' lang='lat' dir='ltr'>profecto</span> <span class='ocrx_word' id='word_1_254' title='bbox 1461 2054 1519 2085; x_wconf 90' lang='lat' dir='ltr'>est</span> <span class='ocrx_word' id='word_1_255' title='bbox 1549 2046 1602 2085; x_wconf 91' lang='lat' dir='ltr'>ita</span> 
     </span>
     <span class='ocr_line' id='line_1_29' title="bbox 268 2112 1601 2164; baseline -0.003 -10"><span class='ocrx_word' id='word_1_256' title='bbox 268 2124 309 2154; x_wconf 91' lang='lat' dir='ltr'>ut</span> <span class='ocrx_word' id='word_1_257' title='bbox 341 2115 436 2153; x_wconf 86' lang='lat' dir='ltr'>mihi</span> <span class='ocrx_word' id='word_1_258' title='bbox 467 2114 652 2164; x_wconf 82' lang='lat' dir='ltr'>persuasi,</span> <span class='ocrx_word' id='word_1_259' title='bbox 686 2128 748 2152; x_wconf 88' lang='lat' dir='ltr'>me</span> <span class='ocrx_word' id='word_1_260' title='bbox 779 2113 847 2152; x_wconf 86' lang='lat' dir='ltr'>tibi</span> <span class='ocrx_word' id='word_1_261' title='bbox 880 2127 965 2152; x_wconf 85' lang='lat' dir='ltr'>esse</span> <span class='ocrx_word' id='word_1_262' title='bbox 995 2126 1121 2152; x_wconf 86' lang='lat' dir='ltr'>curae.</span> <span class='ocrx_word' id='word_1_263' title='bbox 1183 2115 1413 2164; x_wconf 88' lang='lat' dir='ltr'>Progressus</span> <span class='ocrx_word' id='word_1_264' title='bbox 1439 2125 1524 2151; x_wconf 85' lang='lat' dir='ltr'>sum</span> <span class='ocrx_word' id='word_1_265' title='bbox 1550 2112 1601 2150; x_wconf 90' lang='lat' dir='ltr'>ad</span> 
     </span>
     <span class='ocr_line' id='line_1_30' title="bbox 269 2177 1600 2231; baseline -0.004 -12"><span class='ocrx_word' id='word_1_266' title='bbox 269 2180 473 2231; x_wconf 86' lang='lat' dir='ltr'>Inalpinos</span> <span class='ocrx_word' id='word_1_267' title='bbox 513 2193 602 2217; x_wconf 87' lang='lat' dir='ltr'>cum</span> <span class='ocrx_word' id='word_1_268' title='bbox 644 2179 814 2218; x_wconf 84' lang='lat' dir='ltr'>exercitu</span> <span class='ocrx_word' id='word_1_269' title='bbox 855 2193 934 2218; x_wconf 92' lang='lat' dir='ltr'>non</span> <span class='ocrx_word' id='word_1_270' title='bbox 984 2188 1063 2218; x_wconf 86' lang='lat' dir='ltr'>tam</span> <span class='ocrx_word' id='word_1_271' title='bbox 1111 2192 1259 2219; x_wconf 89' lang='lat' dir='ltr'>nomen</span> <span class='ocrx_word' id='word_1_272' title='bbox 1307 2177 1600 2229; x_wconf 84' lang='lat' dir='ltr'>imperatorium</span> 
     </span>
     <span class='ocr_line' id='line_1_31' title="bbox 269 2245 1662 2297; baseline -0.004 -12"><span class='ocrx_word' id='word_1_273' title='bbox 269 2254 431 2297; x_wconf 86' lang='lat' dir='ltr'>captans</span> <span class='ocrx_word' id='word_1_274' title='bbox 461 2258 579 2295; x_wconf 86' lang='lat' dir='ltr'>quam</span> <span class='ocrx_word' id='word_1_275' title='bbox 611 2245 774 2295; x_wconf 83' lang='lat' dir='ltr'>cupiens</span> <span class='ocrx_word' id='word_1_276' title='bbox 806 2245 995 2284; x_wconf 86' lang='lat' dir='ltr'>militibus</span> <span class='ocrx_word' id='word_1_277' title='bbox 1022 2245 1115 2283; x_wconf 83' lang='lat' dir='ltr'>satis</span> <span class='ocrx_word' id='word_1_278' title='bbox 1141 2246 1268 2283; x_wconf 86' lang='lat' dir='ltr'>facere</span> <span class='ocrx_word' id='word_1_279' title='bbox 1296 2245 1508 2293; x_wconf 87' lang='lat' dir='ltr'>firmosque</span> <span class='ocrx_word' id='word_1_280' title='bbox 1533 2255 1602 2281; x_wconf 86' lang='lat' dir='ltr'>eos</span> <span class='ocrx_word' id='word_1_281' title='bbox 1622 2257 1662 2287; x_wconf 86' lang='lat'>30</span> 
     </span>
    </p>

    <p class='ocr_par' dir='ltr' id='par_1_8' title="bbox 225 2308 1603 2361">
     <span class='ocr_line' id='line_1_32' title="bbox 225 2308 1603 2361; baseline -0.004 -11"><span class='ocrx_word' id='word_1_282' title='bbox 225 2312 319 2350; x_wconf 83' lang='lat' dir='ltr'>2ad</span> <span class='ocrx_word' id='word_1_283' title='bbox 351 2311 518 2349; x_wconf 88' lang='lat' dir='ltr'>tuendas</span> <span class='ocrx_word' id='word_1_284' title='bbox 554 2319 704 2350; x_wconf 88' lang='lat' dir='ltr'>nostras</span> <span class='ocrx_word' id='word_1_285' title='bbox 740 2324 798 2349; x_wconf 87' lang='lat' dir='ltr'>res</span> <span class='ocrx_word' id='word_1_286' title='bbox 838 2312 1014 2358; x_wconf 80' lang='lat' dir='ltr'>efficere;</span> <span class='ocrx_word' id='word_1_287' title='bbox 1055 2311 1164 2361; x_wconf 83' lang='lat' dir='ltr'>quod</span> <span class='ocrx_word' id='word_1_288' title='bbox 1203 2309 1299 2348; x_wconf 87' lang='lat' dir='ltr'>mihi</span> <span class='ocrx_word' id='word_1_289' title='bbox 1338 2308 1473 2347; x_wconf 89' lang='lat' dir='ltr'>videor</span> <span class='ocrx_word' id='word_1_290' title='bbox 1511 2320 1603 2346; x_wconf 84' lang='lat' dir='ltr'>con-</span> 
     </span>
    </p>
   </div>
   <div class='ocr_carea' id='block_1_6' title="bbox 310 2409 1582 2457">
    <p class='ocr_par' dir='ltr' id='par_1_9' title="bbox 310 2409 1582 2457">
     <span class='ocr_line' id='line_1_33' title="bbox 310 2409 1582 2457; baseline -0.004 -11"><span class='ocrx_word' id='word_1_291' title='bbox 310 2425 346 2455; x_wconf 85' lang='lat'>13</span> <span class='ocrx_word' id='word_1_292' title='bbox 365 2416 516 2447; x_wconf 80' lang='lat' dir='ltr'>fortassis</span> <span class='ocrx_word' id='word_1_293' title='bbox 530 2415 632 2457; x_wconf 85' lang='lat' dir='ltr'>codd.,</span> <span class='ocrx_word' id='word_1_294' title='bbox 648 2416 680 2447; x_wconf 82' lang='lat' dir='ltr'>in</span> <span class='ocrx_word' id='word_1_295' title='bbox 697 2414 803 2447; x_wconf 74' lang='lat' dir='ltr'>Bruto</span> <span class='ocrx_word' id='word_1_296' title='bbox 815 2418 843 2447; x_wconf 84' lang='lat' dir='ltr'>et</span> <span class='ocrx_word' id='word_1_297' title='bbox 857 2414 969 2447; x_wconf 77' lang='lat' dir='ltr'>Cassio</span> <span class='ocrx_word' id='word_1_298' title='bbox 981 2413 1189 2446; x_wconf 80' lang='lat' dir='ltr'>tolerandum</span> <span class='ocrx_word' id='word_1_299' title='bbox 1204 2424 1210 2444; x_wconf 91' lang='lat'>:</span> <span class='ocrx_word' id='word_1_300' title='bbox 1230 2413 1374 2444; x_wconf 80' lang='lat' dir='ltr'>sortasse</span> <span class='ocrx_word' id='word_1_301' title='bbox 1393 2409 1582 2452; x_wconf 83' lang='lat' dir='ltr'>Wesenberg</span> 
     </span>
    </p>
   </div>
  </div>
 </body>
</html>
