1791 2796
109 138 218 177 XVI.
237 149 299 176 xx
627 140 682 177 M.
716 141 883 177 TVLLI
919 141 1226 180 CICERONIS

221 763 237 790 1

258 250 406 297 libebit,
423 250 610 301 quoniam
633 250 715 290 eius
736 251 924 291 arbitratu
946 252 1158 292 vivendum
1175 261 1242 292 est.
1297 254 1399 292 Cum
1416 252 1594 301 holitore,

258 324 299 353 ut
316 315 479 354 videtur.
522 318 584 354 Tu
607 324 718 367 potes
738 316 930 356 Kalendis
951 325 1127 368 spectare
1147 317 1392 368 gladiatores,
1409 318 1596 368 postridie

257 381 393 429 redire,
417 390 454 420 et
484 381 536 420 ita
566 396 735 429 cense03
769 396 915 431 verum,
940 391 982 422 ut
1009 382 1215 422 videbitur.
1277 385 1382 423 Cura
1403 390 1450 431 te,
1474 383 1505 422 si
1533 397 1596 422 me

256 460 376 494 amas,
400 447 614 499 diligenter.
675 450 784 487 Vale.

300 592 410 628 XXI
455 596 524 628 Ser.
546 596 688 628 Athenis
705 597 849 628 interes.
874 609 918 629 m.
944 597 1056 637 Quint.
1079 601 1108 629 cl
1128 609 1177 629 cx.
1198 597 1266 630 Oct.
1288 609 1318 629 a.
1343 608 1399 638 710
1419 598 1504 639 (44).
1617 611 1633 644 5

461 674 636 706 CICERO
664 674 698 706 F.
728 674 893 706 TIRONI
922 675 1012 706 SVO
1039 675 1325 707 DVLCISSIMO
1352 676 1388 707 S.

312 752 414 792 Cum
454 753 707 791 vehementer
753 751 975 791 tabellarios
1021 761 1287 804 exspectarem
1334 753 1490 801 cotidie,
1531 753 1595 792 ali—

256 818 419 868 quando
458 826 649 859 venerunt
692 826 781 869 post
827 817 933 857 diem
977 818 1322 870 quadragesimum
1362 827 1400 858 et
1439 826 1591 858 sextum

256 897 374 933 quam
409 897 431 921 a
465 883 576 922 vobis
616 883 886 923 discesserant.
948 885 1129 933 Quorum
1164 884 1259 923 mihi
1295 884 1366 923 fuit
1399 885 1592 924 adventus

255 949 597 1000 exoptatissimus;
632 964 723 988 nam
752 964 843 989 cum
871 950 1081 989 maximam
1112 949 1303 1002 cepissem
1329 949 1516 989 laetitiam
1547 965 1593 989 ex
1617 967 1653 989 ιο

256 1015 530 1054 immanissimi
557 1024 594 1054 et
621 1015 810 1055 carissimi
834 1015 952 1067 patris
979 1015 1156 1067 epistula,
1180 1023 1263 1054 tum
1284 1030 1376 1055 vero
1396 1015 1592 1055 iucundis-

256 1080 377 1120 simae
398 1089 487 1120 tuae
508 1081 657 1120 litterae
678 1082 882 1120 cumulum
905 1081 1000 1120 mihi
1027 1080 1144 1132 gaudi
1171 1083 1394 1121 attulerunt.
1452 1083 1592 1132 Itaque

256 1159 319 1185 me
354 1146 430 1185 iam
466 1161 546 1185 non
581 1146 807 1197 paenitebat
847 1146 1183 1197 intercapedinem
1218 1146 1415 1186 scribendi
1454 1145 1592 1186 fecisse

255 1212 324 1250 sed
360 1212 488 1262 potius
528 1213 723 1260 laetabar3
772 1213 941 1251 fructum
975 1211 1081 1251 enim
1116 1225 1303 1262 magnum
1337 1211 1591 1251 humanitatis

255 1284 345 1315 tuae
365 1277 571 1328 capiebam
592 1292 638 1316 ex
659 1277 814 1316 silentio
837 1291 1011 1317 mearum
1040 1277 1263 1316 litterarum.
1323 1278 1591 1316 Vehementer
1613 1295 1649 1327 15

255 1341 369 1393 igitur
397 1344 552 1394 gaudeo
582 1351 620 1382 te
652 1357 781 1383 meam
814 1343 898 1382 sine
930 1343 1178 1383 dubitatione
1207 1342 1415 1394 accepissev
1435 1356 1591 1382 excusa-

257 1408 415 1447 tionem.

311 1477 452 1513 (li-atos
480 1474 549 1513 tibi
575 1482 811 1526 optatosque
838 1489 922 1513 esse
950 1474 1016 1525 qui
1041 1476 1092 1514 de
1120 1488 1182 1513 nie
1210 1488 1384 1513 rumores
1412 1474 1591 1513 adferun-

256 1548 316 1577 tur
346 1554 425 1578 non
453 1540 605 1587 dubito,
629 1540 681 1578 mi
706 1539 932 1579 dulcissime
954 1540 1059 1587 Tiro,
1083 1540 1370 1591 praestaboque
1399 1547 1437 1578 et
1467 1539 1591 1578 enitar

255 1614 295 1643 ut
318 1605 356 1643 in
378 1605 462 1644 dies
493 1605 614 1655 magis
646 1605 848 1656 magisque
879 1607 975 1650 haec
1006 1619 1172 1645 nascens
1202 1607 1252 1644 de
1283 1619 1345 1643 me
1369 1604 1590 1655 duplicetur
1610 1622 1649 1644 20

254 1670 398 1721 opinio.
461 1673 551 1720 Qua
572 1685 621 1718 re,
645 1672 753 1721 quod
779 1671 972 1721 polliceris
994 1681 1032 1710 te
1053 1670 1324 1710 bucinatorem
1354 1671 1436 1709 fore
1464 1669 1590 1709 existi-

255 1736 437 1775 mationis
470 1751 591 1784 meae,
627 1738 738 1775 firmo
779 1737 818 1776 id
851 1737 1127 1788 constantique
1157 1736 1291 1775 animo
1323 1735 1441 1774 facias
1472 1735 1562 1775 licet
1580 1751 1590 1785 3

255 1810 405 1840 tantum
432 1802 536 1840 enim
563 1802 657 1840 mihi
689 1804 868 1842 dolorem
898 1803 1194 1854 cruciatumque
1224 1803 1436 1841 attulerunt
1466 1810 1590 1841 errata

252 1868 389 1905 aetatis
419 1883 538 1916 meae,
563 1877 603 1907 ut
630 1883 708 1908 non
736 1871 863 1908 solum
891 1869 1046 1908 animus
1073 1883 1095 1907 a
1125 1867 1235 1922 sactis
1265 1869 1335 1907 scd
1361 1881 1473 1906 aures
1494 1881 1587 1917 quo-

253 1948 330 1983 que
350 1948 371 1972 a
393 1935 770 1974 commemoratione
791 1936 1037 1975 abhorreant.
1062 1930 1065 1932 ’
1098 1935 1221 1975 Cuius
1248 1943 1285 1973 te
1312 1930 1587 1973 sollicitudinis
1607 1952 1645 1983 25

253 2007 290 2037 et
311 1999 457 2038 doloris
484 2000 711 2051 participem
742 2001 859 2040 fuisse
884 2009 1021 2040 notum
1047 2002 1369 2051 exploratumque
1397 2006 1453 2038 est
1479 1998 1585 2046 mihi,

254 2078 326 2103 nec
350 2064 390 2103 id
419 2065 559 2104 mirum
577 2081 586 2113 3
617 2080 707 2105 nam
730 2080 820 2105 curn
843 2066 976 2105 omnia
998 2080 1085 2105 mea
1111 2080 1229 2105 causa
1249 2066 1366 2104 velles
1389 2064 1483 2103 mihi
1504 2078 1587 2103 suc-

252 2143 361 2168 cessa
382 2138 464 2169 tum
488 2131 603 2170 etiam
624 2140 688 2170 tua
704 2147 712 2180 3
743 2132 894 2171 socium
912 2132 1017 2171 enim
1035 2139 1072 2171 tc
1089 2145 1266 2171 meorum
1284 2130 1585 2170 commodorum

252 2209 406 2246 semper
427 2210 512 2235 esse
534 2197 648 2235 volui.
1440 2186 1443 2188 Ι

302 2310 309 2329 1
339 2300 459 2331 olitore
479 2303 546 2331 vett.
675 2303 695 2331 8
720 2307 753 2332 et
770 2301 828 2332 dd.
859 2301 972 2332 Builcr
1110 2312 1147 2332 10
1171 2300 1448 2341 exoptatissimus
1464 2298 1582 2330 HDF:

254 2345 527 2384 adoptatissimus
546 2343 601 2374 M:
629 2346 862 2385 optatissimus
880 2350 948 2376 vell.
1058 2355 1097 2384 27
1122 2356 1279 2376 successa
1298 2344 1401 2383 codd„
1421 2344 1458 2382 cf
1481 2342 1584 2374 Neue-

259 2388 420 2428 ll'agcncr
439 2388 682 2419 (Formenlclnr
700 2389 762 2419 ΗΝ
783 2391 856 2428 ιι5)
873 2401 879 2419 ;
908 2399 1065 2420 successe
1085 2390 1131 2428 (ἦ
1151 2388 1343 2427 successisse!
1359 2387 1398 2419 L.
1420 2386 1583 2425 Schwabe,

253 2432 289 2470 ts
311 2430 582 2472 Neue-lVagcncr
595 2437 644 2472 ⁰s'·
666 2433 713 2463 ιἰἸ.
736 2443 795 2471 501
816 2444 882 2472 sqq.
