1791 2796
558 155 670 190 EPP.
702 154 779 190 AD
811 152 1159 190 FAMILIARES
1429 151 1548 188 XIII.
1568 149 1679 188 xxvi

240 288 394 323 XXVI
522 290 591 323 Scr.
611 290 750 329 Romae,
771 295 805 322 nt
821 291 956 324 vt'detur.
979 302 1009 322 a.
1031 293 1092 330 708
1111 291 1195 330 (46⁸2

642 369 816 400 CICERO
844 369 1018 399 SERVIO
1046 370 1081 399 S.

252 449 294 486 L.
313 446 529 487 Mescinius
545 461 591 486 ea
608 461 763 486 mecum
780 447 1071 486 necessitudine
1085 446 1320 485 coniunctus
1335 453 1402 493 est,
1419 445 1528 496 quod
1550 453 1566 479 1

198 513 293 551 mihi
333 521 515 564 quaestor
553 513 648 562 fuit;
691 514 761 552 sed
800 515 902 551 hanc
940 526 1111 559 causam,
1154 525 1273 562 quam
1313 525 1395 562 ego,
1431 518 1473 549 ut
1507 524 1530 548 a

160 593 177 625 5
200 578 411 618 maioribus
449 579 595 630 accepi,
637 593 792 630 semper
829 593 986 630 gravem
1025 578 1128 626 duxi,
1171 578 1262 617 fecit
1305 578 1445 616 virtute
1492 584 1530 614 et

198 644 441 683 humanitate
479 659 549 683 sua
587 644 798 683 iustiorem.
878 646 1018 695 Itaque
1057 658 1104 682 eo
1144 643 1198 682 sic
1237 655 1325 681 utor
1370 653 1411 681 ut
1456 656 1530 681 nec

198 709 422 748 familiarius
462 712 541 748 ullo
580 724 653 749 nec
698 710 896 749 libentius.
970 711 1008 749 Is
1050 723 1292 761 quamquam
1331 709 1530 747 confidere

198 775 404 814 videbatur
432 784 470 814 te
504 791 572 815 sua
602 790 719 815 causa
748 790 849 827 quae
881 778 1046 815 honeste
1078 790 1214 827 posses
1246 775 1412 814 libenter
1446 788 1530 813 esse

200 843 401 888 facturum,
422 855 607 892 magnum
625 856 708 880 esse
723 850 854 880 tamen
872 841 1040 893 speravit
1059 843 1166 892 apud
1188 850 1226 880 te
1247 854 1354 880 meas
1371 854 1530 890 quoque

145 925 179 945 10
199 907 343 945 litteras
363 909 518 956 pondus
546 909 758 946 habituras.
819 909 867 946 Id
898 922 989 946 cum
1019 907 1103 958 ipse
1133 907 1186 946 ita
1215 906 1415 945 iudicabat
1445 914 1528 944 tum

198 987 268 1023 pro
306 973 484 1011 familiari
523 974 810 1012 consuetudine
850 989 966 1025 saepe
1009 989 1056 1013 ex
1094 988 1158 1013 me
1196 974 1372 1012 audierat
1409 987 1528 1023 quam

198 1037 325 1076 suavis
360 1046 461 1077 esset
493 1038 592 1077 inter
623 1053 695 1078 nos
730 1048 767 1078 et
802 1048 950 1089 quanta
983 1039 1222 1078 coniunctio.
1284 1041 1381 1077 Peto
1415 1038 1573 1088 igitur2

198 1120 220 1143 a
241 1113 278 1144 te
299 1113 408 1144 tanto
428 1105 575 1144 scilicet
597 1106 739 1153 studio,
765 1114 913 1156 quanto
935 1105 1126 1156 intellegis
1148 1106 1292 1144 debere
1314 1119 1376 1143 rne
1399 1112 1530 1155 petere

200 1185 269 1220 pro
300 1170 460 1209 homine
488 1178 566 1209 tam
599 1171 693 1209 mihi
724 1171 944 1210 necessario
975 1179 1013 1210 et
1043 1179 1123 1209 tam
1154 1170 1342 1217 familiari,
1376 1178 1417 1208 ut
1447 1169 1530 1208 eius

163 1253 178 1282 ,ς
200 1235 365 1285 negotia,
401 1250 502 1285 quae
536 1244 627 1274 sunt
659 1236 698 1274 in
734 1237 886 1275 Achaia
924 1251 971 1275 ex
1009 1251 1057 1275 eo
1092 1223 1347 1286 quod'heres
1381 1243 1439 1273 est
1472 1237 1528 1273 M.

202 1300 368 1348 Mindi0‚
406 1301 509 1339 fratri
549 1316 631 1348 suo,
670 1302 736 1353 qui
778 1302 893 1341 Elide
927 1302 1148 1353 negotiatus
1184 1310 1252 1348 est,
1290 1300 1459 1351 explices
1494 1308 1532 1338 et

199 1360 383 1416 expedias
415 1381 505 1405 cum
539 1366 620 1405 iure
655 1375 693 1406 et
728 1375 932 1418 potestate,
967 1381 1086 1417 quam
1125 1367 1258 1413 habes,
1297 1374 1378 1404 tum
1414 1365 1531 1404 etiam

198 1432 428 1471 auctoritate
463 1441 501 1471 et
533 1433 698 1472 consilio
731 1441 809 1471 tuo.
881 1432 944 1471 Sic
979 1433 1083 1471 enim
1119 1431 1439 1482 praescripsimus
1474 1430 1530 1477 iis,

199 1498 342 1548 quibus
373 1513 418 1537 ea
448 1499 603 1549 negotia
626 1499 909 1546 mandavimus,
934 1506 975 1536 ut
1003 1497 1188 1537 omnibus
1213 1497 1252 1535 in
1283 1498 1409 1543 rebus,
1433 1510 1533 1546 quae

143 1579 179 1599 ιο
200 1562 238 1600 in
277 1564 449 1613 aliquam
491 1563 796 1603 controversiam
828 1571 1068 1610 vocarentur,
1102 1571 1139 1601 te
1168 1562 1314 1601 arbitro
1344 1570 1391 1609 et,
1425 1562 1533 1612 quod

200 1630 413 1668 commodo
435 1637 503 1668 tuo
525 1629 604 1668 fieri
627 1637 769 1680 posset,
794 1636 832 1668 te
852 1629 1114 1678 disceptatore
1142 1635 1351 1666 uterentur.
1413 1628 1461 1665 Id
1491 1634 1533 1664 ut

200 1693 359 1732 honoris
377 1694 454 1733 mei
470 1708 587 1733 causa
604 1694 804 1745 suscipias,
822 1695 1075 1732 vehementer
1092 1701 1129 1731 te
1145 1692 1262 1731 etiam
1279 1700 1397 1742 atque
1414 1691 1531 1730 etiam

200 1773 305 1809 rogo.
366 1761 471 1799 Illud
491 1768 701 1810 praeterea,
725 1759 756 1798 si
777 1773 858 1798 non
885 1759 1058 1797 alienum
1079 1766 1145 1796 tua
1166 1757 1354 1808 dignitate
1375 1756 1531 1807 putabis
1551 1767 1575 1803 3

201 1838 296 1872 esse,
331 1824 466 1863 feceris
499 1824 593 1862 mihi
635 1832 866 1875 pergratum,
902 1824 933 1862 si
966 1823 1033 1873 qui
1067 1822 1303 1861 difficiliores
1335 1830 1458 1869 erunt,
1491 1829 1533 1859 ut

144 1905 179 1936 25
201 1902 281 1927 rem
312 1889 395 1928 sine
425 1890 688 1929 controversia
719 1889 859 1928 confici
891 1888 1028 1935 nolint,
1055 1888 1085 1925 si
1117 1890 1205 1934 eos,'
1225 1886 1411 1937 quoniam
1442 1888 1532 1925 cum

201 1962 379 1992 senatore
418 1968 476 1993 res
516 1962 584 2001 est,
627 1956 797 1993 Romam
838 1953 1025 1992 reieceris.
1100 1954 1221 2001 Quod
1260 1966 1339 2002 quo
1384 1952 1534 1990 minore

201 2018 447 2058 dubitatione
468 2021 594 2058 facere
616 2019 751 2069 possis,
770 2019 916 2057 litteras
937 2020 987 2057 ad
1009 2027 1046 2056 te
1066 2032 1088 2056 a
1112 2020 1166 2055 M.
1184 2017 1337 2067 Lepido
1359 2019 1530 2064 consule,

202 2097 281 2121 non
303 2097 403 2133 quae
425 2091 462 2122 te
482 2083 631 2134 aliquid
659 2083 837 2122 iuberent
860 2083 1006 2134 (neque
1034 2082 1138 2122 enirn
1162 2082 1201 2121 id
1223 2090 1312 2120 tuae
1333 2082 1533 2132 dignitatis

202 2161 286 2186 esse
306 2148 564 2197 arbitramur),
589 2150 658 2186 sed
685 2150 859 2199 quodam
890 2150 1011 2188 modo
1042 2148 1153 2199 quasi
1183 2147 1533 2186 commendaticias

245 2262 266 2290 9
290 2250 464 2292 magnum]
498 2250 611 2290 magni
640 2250 867 2281 Mendelssolm
897 2251 957 2290 qui
988 2250 1106 2289 confert
1134 2261 1182 2290 72.
1211 2261 1250 2285 2;
1290 2260 1343 2281 xv.
1374 2258 1421 2288 15.
1449 2259 1479 2287 4,
1506 2256 1534 2279 ct

203 2295 323 2324 onn'ttit
345 2295 479 2334 pondus
503 2294 674 2324 habituras
698 2305 780 2334 quae
803 2298 873 2325 vett.
897 2294 1094 2325 addidm'ant
1229 2295 1267 2323 16
1292 2293 1387 2323 Elide
1411 2291 1531 2323 Lamb.

209 2337 394 2378 IVesenbcrg
409 2337 450 2366 M
451 2338 541 2375 t'illcr,
548 2337 667 2376 forma
686 2338 849 2367 usitatiore
866 2338 934 2368 usi:
961 2337 1011 2368 Eli
1029 2338 1118 2368 codd.
1132 2342 1160 2368 ct
1176 2337 1225 2367 ln’c
1237 2337 1311 2375 (scd
1325 2341 1399 2366 ante·
1416 2338 1483 2366 lic-²
1506 2339 1536 2365 et

203 2380 246 2411 N.
260 2380 305 2411 D.
327 2380 371 2413 iii.
390 2391 432 2420 59
465 2380 522 2410 sed
536 2385 610 2411 ante
626 2382 697 2420 de-)
716 2381 828 2411 Baiter
845 2381 1073 2412 Allcudclssolm
1229 2391 1268 2419 27
1295 2379 1404 2419 possis
1419 2379 1509 2409 codd.
1527 2390 1534 2410 τ

204 2434 324 2464 posses
341 2424 471 2454 Ernesti
490 2423 675 2464 ll⁷cse11bctg
694 2424 814 2455 Miiller
956 2435 998 2464 29
1022 2424 1265 2454 arbitrabamur
1282 2422 1399 2454 Lamb.
