<?xml version="1.0" encoding="UTF-8"?>
<!DOCTYPE html PUBLIC "-//W3C//DTD XHTML 1.0 Transitional//EN"
    "http://www.w3.org/TR/xhtml1/DTD/xhtml1-transitional.dtd">
<html xmlns="http://www.w3.org/1999/xhtml" xml:lang="en" lang="en">
 <head>
  <title>
</title>
<meta http-equiv="Content-Type" content="text/html;charset=utf-8" />
  <meta name='ocr-system' content='tesseract 3.04.00' />
  <meta name='ocr-capabilities' content='ocr_page ocr_carea ocr_par ocr_line ocrx_word'/>
</head>
<body>
  <div class='ocr_page' id='page_1' title='image "./epistulaerecogno01ciceuoft_0123.png"; bbox 0 0 1791 2796; ppageno 0'>
   <div class='ocr_carea' id='block_1_1' title="bbox 513 159 1513 201">
    <p class='ocr_par' dir='ltr' id='par_1_1' title="bbox 513 159 1513 201">
     <span class='ocr_line' id='line_1_1' title="bbox 513 159 1513 201; baseline 0.002 -3"><span class='ocrx_word' id='word_1_1' title='bbox 513 159 625 198; x_wconf 89' lang='lat' dir='ltr'><strong>EPP.</strong></span> <span class='ocrx_word' id='word_1_2' title='bbox 657 161 734 198; x_wconf 81' lang='lat' dir='ltr'><strong>AD</strong></span> <span class='ocrx_word' id='word_1_3' title='bbox 767 161 1114 200; x_wconf 76' lang='lat' dir='ltr'>FAMILIARES</span> <span class='ocrx_word' id='word_1_4' title='bbox 1444 163 1513 201; x_wconf 66' lang='lat' dir='ltr'><strong>IV.</strong></span> 
     </span>
    </p>
   </div>
   <div class='ocr_carea' id='block_1_2' title="bbox 121 271 1490 779">
    <p class='ocr_par' dir='ltr' id='par_1_2' title="bbox 121 271 1490 779">
     <span class='ocr_line' id='line_1_2' title="bbox 163 271 1490 323; baseline 0.003 -16"><span class='ocrx_word' id='word_1_5' title='bbox 163 282 281 319; x_wconf 89' lang='lat' dir='ltr'><strong>quam</strong></span> <span class='ocrx_word' id='word_1_6' title='bbox 320 278 604 309; x_wconf 79' lang='lat' dir='ltr'>concesserant.</span> <span class='ocrx_word' id='word_1_7' title='bbox 683 272 804 319; x_wconf 85' lang='lat' dir='ltr'><strong>Quod</strong></span> <span class='ocrx_word' id='word_1_8' title='bbox 852 271 1074 322; x_wconf 82' lang='lat' dir='ltr'><strong>proximum</strong></span> <span class='ocrx_word' id='word_1_9' title='bbox 1113 272 1196 319; x_wconf 89' lang='lat' dir='ltr'><strong>fuit,</strong></span> <span class='ocrx_word' id='word_1_10' title='bbox 1237 272 1292 310; x_wconf 88' lang='lat' dir='ltr'><strong>uti</strong></span> <span class='ocrx_word' id='word_1_11' title='bbox 1333 272 1371 311; x_wconf 88' lang='lat' dir='ltr'><strong>in</strong></span> <span class='ocrx_word' id='word_1_12' title='bbox 1411 286 1490 323; x_wconf 88' lang='lat' dir='ltr'><strong>quo</strong></span> 
     </span>
     <span class='ocr_line' id='line_1_3' title="bbox 162 335 1488 388; baseline 0.003 -16"><span class='ocrx_word' id='word_1_13' title='bbox 162 335 351 373; x_wconf 81' lang='lat' dir='ltr'><strong>vellemus</strong></span> <span class='ocrx_word' id='word_1_14' title='bbox 389 335 592 386; x_wconf 86' lang='lat' dir='ltr'><strong>gymnasio</strong></span> <span class='ocrx_word' id='word_1_15' title='bbox 631 349 721 374; x_wconf 91' lang='lat' dir='ltr'><strong>eum</strong></span> <span class='ocrx_word' id='word_1_16' title='bbox 761 336 1025 386; x_wconf 76' lang='lat' dir='ltr'><strong>sepeliremus,</strong></span> <span class='ocrx_word' id='word_1_17' title='bbox 1063 337 1178 375; x_wconf 89' lang='lat' dir='ltr'><strong>nobis</strong></span> <span class='ocrx_word' id='word_1_18' title='bbox 1217 337 1488 388; x_wconf 88' lang='lat' dir='ltr'><strong>permiserunt.</strong></span> 
     </span>
     <span class='ocr_line' id='line_1_4' title="bbox 163 399 1490 451; baseline 0.002 -14"><span class='ocrx_word' id='word_1_19' title='bbox 163 401 246 437; x_wconf 93' lang='lat' dir='ltr'><strong>Nos</strong></span> <span class='ocrx_word' id='word_1_20' title='bbox 285 399 324 438; x_wconf 91' lang='lat' dir='ltr'><strong>in</strong></span> <span class='ocrx_word' id='word_1_21' title='bbox 364 399 609 440; x_wconf 90' lang='lat' dir='ltr'><strong>nobilissimo</strong></span> <span class='ocrx_word' id='word_1_22' title='bbox 648 400 733 439; x_wconf 90' lang='lat' dir='ltr'><strong>orbi</strong></span> <span class='ocrx_word' id='word_1_23' title='bbox 772 408 959 439; x_wconf 86' lang='lat' dir='ltr'><strong>terrarum</strong></span> <span class='ocrx_word' id='word_1_24' title='bbox 1006 401 1211 451; x_wconf 86' lang='lat' dir='ltr'><strong>gymnasio</strong></span> <span class='ocrx_word' id='word_1_25' title='bbox 1249 401 1490 441; x_wconf 81' lang='lat' dir='ltr'><strong>Academiae</strong></span> 
     </span>
     <span class='ocr_line' id='line_1_5' title="bbox 161 465 1490 518; baseline 0.003 -16"><span class='ocrx_word' id='word_1_26' title='bbox 161 465 292 503; x_wconf 85' lang='lat' dir='ltr'><strong>locum</strong></span> <span class='ocrx_word' id='word_1_27' title='bbox 314 465 530 516; x_wconf 83' lang='lat' dir='ltr'><strong>delegimus</strong></span> <span class='ocrx_word' id='word_1_28' title='bbox 551 466 684 516; x_wconf 85' lang='lat' dir='ltr'><strong>ibique</strong></span> <span class='ocrx_word' id='word_1_29' title='bbox 709 479 800 504; x_wconf 91' lang='lat' dir='ltr'><strong>eum</strong></span> <span class='ocrx_word' id='word_1_30' title='bbox 825 466 1117 505; x_wconf 81' lang='lat' dir='ltr'><strong>combussimus</strong></span> <span class='ocrx_word' id='word_1_31' title='bbox 1138 475 1355 518; x_wconf 80' lang='lat' dir='ltr'><strong>posteaque</strong></span> <span class='ocrx_word' id='word_1_32' title='bbox 1385 481 1490 506; x_wconf 89' lang='lat' dir='ltr'><strong>cura-</strong></span> 
     </span>
     <span class='ocr_line' id='line_1_6' title="bbox 121 529 1488 578; baseline 0.001 -10"><span class='ocrx_word' id='word_1_33' title='bbox 121 540 138 572; x_wconf 85' lang='lat'><strong><em>5</em></strong></span> <span class='ocrx_word' id='word_1_34' title='bbox 159 529 297 578; x_wconf 78' lang='lat' dir='ltr'><strong>vimus,</strong></span> <span class='ocrx_word' id='word_1_35' title='bbox 320 539 361 569; x_wconf 91' lang='lat' dir='ltr'><strong>ut</strong></span> <span class='ocrx_word' id='word_1_36' title='bbox 388 531 517 570; x_wconf 92' lang='lat' dir='ltr'><strong>eidem</strong></span> <span class='ocrx_word' id='word_1_37' title='bbox 541 531 805 570; x_wconf 81' lang='lat' dir='ltr'><strong>Athenienses</strong></span> <span class='ocrx_word' id='word_1_38' title='bbox 831 531 871 570; x_wconf 94' lang='lat' dir='ltr'><strong>in</strong></span> <span class='ocrx_word' id='word_1_39' title='bbox 898 533 1041 571; x_wconf 88' lang='lat' dir='ltr'><strong>eodem</strong></span> <span class='ocrx_word' id='word_1_40' title='bbox 1069 533 1159 571; x_wconf 91' lang='lat' dir='ltr'><strong>loco</strong></span> <span class='ocrx_word' id='word_1_41' title='bbox 1185 540 1488 572; x_wconf 87' lang='lat' dir='ltr'><strong>monumentum</strong></span> 
     </span>
     <span class='ocr_line' id='line_1_7' title="bbox 159 595 1489 648; baseline 0.002 -15"><span class='ocrx_word' id='word_1_42' title='bbox 159 595 194 634; x_wconf 88' lang='lat' dir='ltr'><strong>ei</strong></span> <span class='ocrx_word' id='word_1_43' title='bbox 215 609 477 635; x_wconf 86' lang='lat' dir='ltr'><strong>marmoreum</strong></span> <span class='ocrx_word' id='word_1_44' title='bbox 498 597 723 636; x_wconf 87' lang='lat' dir='ltr'><strong>faciendum</strong></span> <span class='ocrx_word' id='word_1_45' title='bbox 745 599 928 636; x_wconf 83' lang='lat' dir='ltr'><strong>locarent.</strong></span> <span class='ocrx_word' id='word_1_46' title='bbox 991 599 1062 645; x_wconf 85' lang='lat' dir='ltr'><strong>Ita,</strong></span> <span class='ocrx_word' id='word_1_47' title='bbox 1087 611 1189 648; x_wconf 90' lang='lat' dir='ltr'><strong>quae</strong></span> <span class='ocrx_word' id='word_1_48' title='bbox 1209 606 1342 637; x_wconf 87' lang='lat' dir='ltr'><strong>nostra</strong></span> <span class='ocrx_word' id='word_1_49' title='bbox 1362 598 1489 637; x_wconf 87' lang='lat' dir='ltr'><strong>officia</strong></span> 
     </span>
     <span class='ocr_line' id='line_1_8' title="bbox 157 662 1488 713; baseline 0.003 -15"><span class='ocrx_word' id='word_1_50' title='bbox 157 662 313 699; x_wconf 87' lang='lat' dir='ltr'><strong>fuerunt</strong></span> <span class='ocrx_word' id='word_1_51' title='bbox 332 675 403 711; x_wconf 92' lang='lat' dir='ltr'><strong>pro</strong></span> <span class='ocrx_word' id='word_1_52' title='bbox 430 662 594 712; x_wconf 83' lang='lat' dir='ltr'><strong>collegio</strong></span> <span class='ocrx_word' id='word_1_53' title='bbox 623 670 661 701; x_wconf 92' lang='lat' dir='ltr'><strong>et</strong></span> <span class='ocrx_word' id='word_1_54' title='bbox 685 676 755 712; x_wconf 91' lang='lat' dir='ltr'><strong>pro</strong></span> <span class='ocrx_word' id='word_1_55' title='bbox 781 663 1083 713; x_wconf 80' lang='lat' dir='ltr'><strong>propinquitate,</strong></span> <span class='ocrx_word' id='word_1_56' title='bbox 1108 671 1146 702; x_wconf 87' lang='lat' dir='ltr'><strong>et</strong></span> <span class='ocrx_word' id='word_1_57' title='bbox 1166 663 1254 702; x_wconf 80' lang='lat' dir='ltr'><strong>vivo</strong></span> <span class='ocrx_word' id='word_1_58' title='bbox 1275 672 1312 702; x_wconf 93' lang='lat' dir='ltr'><strong>et</strong></span> <span class='ocrx_word' id='word_1_59' title='bbox 1334 672 1488 703; x_wconf 89' lang='lat' dir='ltr'><strong>mortuo</strong></span> 
     </span>
     <span class='ocr_line' id='line_1_9' title="bbox 158 727 1390 779; baseline 0.002 -14"><span class='ocrx_word' id='word_1_60' title='bbox 158 727 292 766; x_wconf 84' lang='lat' dir='ltr'><strong>onmia</strong></span> <span class='ocrx_word' id='word_1_61' title='bbox 311 727 346 767; x_wconf 91' lang='lat' dir='ltr'><strong>ei</strong></span> <span class='ocrx_word' id='word_1_62' title='bbox 367 728 640 779; x_wconf 84' lang='lat' dir='ltr'><strong>praestitimus.</strong></span> <span class='ocrx_word' id='word_1_63' title='bbox 700 730 810 767; x_wconf 77' lang='lat' dir='ltr'><strong>Vale.</strong></span> <span class='ocrx_word' id='word_1_64' title='bbox 872 731 920 767; x_wconf 92' lang='lat' dir='ltr'><strong>D.</strong></span> <span class='ocrx_word' id='word_1_65' title='bbox 945 743 998 779; x_wconf 91' lang='lat' dir='ltr'><strong>pr.</strong></span> <span class='ocrx_word' id='word_1_66' title='bbox 1026 731 1074 767; x_wconf 87' lang='lat' dir='ltr'><strong>K.</strong></span> <span class='ocrx_word' id='word_1_67' title='bbox 1100 730 1186 768; x_wconf 91' lang='lat' dir='ltr'><strong>Iun.</strong></span> <span class='ocrx_word' id='word_1_68' title='bbox 1211 729 1390 769; x_wconf 84' lang='lat' dir='ltr'><strong>Athenis.</strong></span> 
     </span>
    </p>
   </div>
   <div class='ocr_carea' id='block_1_3' title="bbox 100 889 1166 1005">
    <p class='ocr_par' dir='ltr' id='par_1_3' title="bbox 100 889 1166 1005">
     <span class='ocr_line' id='line_1_10' title="bbox 200 889 1166 935; baseline 0.002 -11"><span class='ocrx_word' id='word_1_69' title='bbox 200 889 317 924; x_wconf 85' lang='lat' dir='ltr'><strong>XIII</strong></span> <span class='ocrx_word' id='word_1_70' title='bbox 474 893 544 925; x_wconf 73' lang='lat' dir='ltr'><strong>Ser.</strong></span> <span class='ocrx_word' id='word_1_71' title='bbox 566 892 695 924; x_wconf 79' lang='lat' dir='ltr'><strong>Romae</strong></span> <span class='ocrx_word' id='word_1_72' title='bbox 711 894 754 925; x_wconf 84' lang='lat'><strong>1&#39;11.</strong></span> <span class='ocrx_word' id='word_1_73' title='bbox 776 904 819 925; x_wconf 79' lang='grc' dir='ltr'><em>ιιι.</em></span> <span class='ocrx_word' id='word_1_74' title='bbox 840 893 929 925; x_wconf 65' lang='lat' dir='ltr'><strong>Sari.</strong></span> <span class='ocrx_word' id='word_1_75' title='bbox 950 905 980 925; x_wconf 83' lang='lat' dir='ltr'><strong>a.</strong></span> <span class='ocrx_word' id='word_1_76' title='bbox 1003 895 1064 934; x_wconf 81' lang='lat'><strong>708</strong></span> <span class='ocrx_word' id='word_1_77' title='bbox 1086 896 1166 935; x_wconf 66' lang='lat' dir='ltr'><strong>j46j.</strong></span> 
     </span>
     <span class='ocr_line' id='line_1_11' title="bbox 100 971 1152 1005; baseline 0.002 -3"><span class='ocrx_word' id='word_1_78' title='bbox 100 980 140 1002; x_wconf 92' lang='lat'><strong>10</strong></span> <span class='ocrx_word' id='word_1_79' title='bbox 471 989 473 991; x_wconf 60' lang='lat'>&gt;</span> <span class='ocrx_word' id='word_1_80' title='bbox 506 971 551 1004; x_wconf 85' lang='lat' dir='ltr'><strong>M.</strong></span> <span class='ocrx_word' id='word_1_81' title='bbox 577 971 751 1003; x_wconf 82' lang='lat' dir='ltr'><strong>CICERO</strong></span> <span class='ocrx_word' id='word_1_82' title='bbox 777 972 810 1004; x_wconf 87' lang='lat' dir='ltr'><strong>S.</strong></span> <span class='ocrx_word' id='word_1_83' title='bbox 841 973 880 1003; x_wconf 93' lang='lat' dir='ltr'><strong>D.</strong></span> <span class='ocrx_word' id='word_1_84' title='bbox 911 972 946 1002; x_wconf 89' lang='lat' dir='ltr'><strong>P.</strong></span> <span class='ocrx_word' id='word_1_85' title='bbox 973 972 1152 1005; x_wconf 83' lang='lat' dir='ltr'><strong>FIGVLO.</strong></span> 
     </span>
    </p>
   </div>
   <div class='ocr_carea' id='block_1_4' title="bbox 94 1049 1525 2282">
    <p class='ocr_par' dir='ltr' id='par_1_4' title="bbox 156 1049 1524 1298">
     <span class='ocr_line' id='line_1_12' title="bbox 212 1049 1524 1101; baseline 0.002 -13"><span class='ocrx_word' id='word_1_86' title='bbox 212 1049 425 1098; x_wconf 87' lang='lat' dir='ltr'><strong>Quaerenti</strong></span> <span class='ocrx_word' id='word_1_87' title='bbox 447 1049 542 1087; x_wconf 88' lang='lat' dir='ltr'><strong>mihi</strong></span> <span class='ocrx_word' id='word_1_88' title='bbox 559 1049 635 1087; x_wconf 86' lang='lat' dir='ltr'><strong>iam</strong></span> <span class='ocrx_word' id='word_1_89' title='bbox 652 1049 731 1096; x_wconf 93' lang='lat' dir='ltr'><strong>diu,</strong></span> <span class='ocrx_word' id='word_1_90' title='bbox 750 1049 846 1100; x_wconf 90' lang='lat' dir='ltr'><strong>quid</strong></span> <span class='ocrx_word' id='word_1_91' title='bbox 868 1051 918 1089; x_wconf 89' lang='lat' dir='ltr'><strong>ad</strong></span> <span class='ocrx_word' id='word_1_92' title='bbox 940 1058 977 1088; x_wconf 88' lang='lat' dir='ltr'><strong>te</strong></span> <span class='ocrx_word' id='word_1_93' title='bbox 998 1050 1246 1101; x_wconf 89' lang='lat' dir='ltr'><strong>potissimum</strong></span> <span class='ocrx_word' id='word_1_94' title='bbox 1264 1051 1483 1099; x_wconf 86' lang='lat' dir='ltr'><strong>scriberem,</strong></span> <span class='ocrx_word' id='word_1_95' title='bbox 1506 1063 1524 1091; x_wconf 92' lang='lat'>1</span> 
     </span>
     <span class='ocr_line' id='line_1_13' title="bbox 156 1116 1485 1166; baseline 0.002 -12"><span class='ocrx_word' id='word_1_96' title='bbox 156 1129 237 1155; x_wconf 89' lang='lat' dir='ltr'><strong>non</strong></span> <span class='ocrx_word' id='word_1_97' title='bbox 258 1117 379 1154; x_wconf 89' lang='lat' dir='ltr'><strong>modo</strong></span> <span class='ocrx_word' id='word_1_98' title='bbox 406 1123 511 1154; x_wconf 89' lang='lat' dir='ltr'><strong>certa</strong></span> <span class='ocrx_word' id='word_1_99' title='bbox 536 1129 595 1154; x_wconf 91' lang='lat' dir='ltr'><strong>res</strong></span> <span class='ocrx_word' id='word_1_100' title='bbox 625 1117 741 1163; x_wconf 88' lang='lat' dir='ltr'><strong>nulla,</strong></span> <span class='ocrx_word' id='word_1_101' title='bbox 765 1117 835 1155; x_wconf 91' lang='lat' dir='ltr'><strong>sed</strong></span> <span class='ocrx_word' id='word_1_102' title='bbox 863 1130 912 1154; x_wconf 84' lang='lat' dir='ltr'><strong>ne</strong></span> <span class='ocrx_word' id='word_1_103' title='bbox 939 1129 1062 1166; x_wconf 86' lang='lat' dir='ltr'><strong>genus</strong></span> <span class='ocrx_word' id='word_1_104' title='bbox 1089 1116 1250 1166; x_wconf 87' lang='lat' dir='ltr'><strong>quidem</strong></span> <span class='ocrx_word' id='word_1_105' title='bbox 1272 1117 1485 1156; x_wconf 82' lang='lat' dir='ltr'><strong>litterarum</strong></span> 
     </span>
     <span class='ocr_line' id='line_1_14' title="bbox 156 1181 1488 1233; baseline 0.002 -13"><span class='ocrx_word' id='word_1_106' title='bbox 156 1182 341 1220; x_wconf 84' lang='lat' dir='ltr'><strong>usitatum</strong></span> <span class='ocrx_word' id='word_1_107' title='bbox 363 1181 545 1220; x_wconf 89' lang='lat' dir='ltr'><strong>veniebat</strong></span> <span class='ocrx_word' id='word_1_108' title='bbox 565 1182 605 1220; x_wconf 92' lang='lat' dir='ltr'><strong>in</strong></span> <span class='ocrx_word' id='word_1_109' title='bbox 626 1190 811 1221; x_wconf 90' lang='lat' dir='ltr'><strong>mentem.</strong></span> <span class='ocrx_word' id='word_1_110' title='bbox 872 1184 1004 1222; x_wconf 89' lang='lat' dir='ltr'><strong>Unam</strong></span> <span class='ocrx_word' id='word_1_111' title='bbox 1028 1183 1132 1221; x_wconf 86' lang='lat' dir='ltr'><strong>enim</strong></span> <span class='ocrx_word' id='word_1_112' title='bbox 1155 1191 1304 1233; x_wconf 88' lang='lat' dir='ltr'><strong>partem</strong></span> <span class='ocrx_word' id='word_1_113' title='bbox 1332 1192 1370 1222; x_wconf 85' lang='lat' dir='ltr'><strong>et</strong></span> <span class='ocrx_word' id='word_1_114' title='bbox 1397 1198 1488 1223; x_wconf 91' lang='lat' dir='ltr'><strong>con-</strong></span> 
     </span>
     <span class='ocr_line' id='line_1_15' title="bbox 157 1248 1485 1298; baseline 0.002 -13"><span class='ocrx_word' id='word_1_115' title='bbox 157 1248 406 1286; x_wconf 88' lang='lat' dir='ltr'><strong>suetudinem</strong></span> <span class='ocrx_word' id='word_1_116' title='bbox 438 1261 569 1286; x_wconf 87' lang='lat' dir='ltr'><strong>earum</strong></span> <span class='ocrx_word' id='word_1_117' title='bbox 600 1248 865 1298; x_wconf 79' lang='lat' dir='ltr'><strong>epistularum,</strong></span> <span class='ocrx_word' id='word_1_118' title='bbox 896 1248 1040 1298; x_wconf 90' lang='lat' dir='ltr'><strong>quibus</strong></span> <span class='ocrx_word' id='word_1_119' title='bbox 1070 1249 1253 1287; x_wconf 88' lang='lat' dir='ltr'><strong>secundis</strong></span> <span class='ocrx_word' id='word_1_120' title='bbox 1284 1251 1400 1288; x_wconf 88' lang='lat' dir='ltr'><strong>rebus</strong></span> <span class='ocrx_word' id='word_1_121' title='bbox 1429 1250 1485 1288; x_wconf 91' lang='lat' dir='ltr'><strong>uti</strong></span> 
     </span>
    </p>

    <p class='ocr_par' dir='ltr' id='par_1_5' title="bbox 100 1313 1486 1625">
     <span class='ocr_line' id='line_1_16' title="bbox 100 1313 1486 1365; baseline 0.002 -14"><span class='ocrx_word' id='word_1_122' title='bbox 100 1326 136 1357; x_wconf 83' lang='lat'><strong>15</strong></span> <span class='ocrx_word' id='word_1_123' title='bbox 157 1314 390 1359; x_wconf 87' lang='lat' dir='ltr'><strong>solebamus,</strong></span> <span class='ocrx_word' id='word_1_124' title='bbox 414 1321 568 1363; x_wconf 90' lang='lat' dir='ltr'><strong>tempus</strong></span> <span class='ocrx_word' id='word_1_125' title='bbox 596 1313 797 1363; x_wconf 87' lang='lat' dir='ltr'><strong>eripuerat,</strong></span> <span class='ocrx_word' id='word_1_126' title='bbox 821 1315 1113 1364; x_wconf 86' lang='lat' dir='ltr'><strong>perfeceratque</strong></span> <span class='ocrx_word' id='word_1_127' title='bbox 1134 1316 1299 1362; x_wconf 85' lang='lat' dir='ltr'><strong>fortuna,</strong></span> <span class='ocrx_word' id='word_1_128' title='bbox 1319 1329 1368 1354; x_wconf 91' lang='lat' dir='ltr'><strong>ne</strong></span> <span class='ocrx_word' id='word_1_129' title='bbox 1389 1315 1486 1365; x_wconf 89' lang='lat' dir='ltr'><strong>quid</strong></span> 
     </span>
     <span class='ocr_line' id='line_1_17' title="bbox 157 1379 1486 1431; baseline 0.002 -14"><span class='ocrx_word' id='word_1_130' title='bbox 157 1380 232 1417; x_wconf 86' lang='lat' dir='ltr'><strong>tale</strong></span> <span class='ocrx_word' id='word_1_131' title='bbox 263 1379 429 1417; x_wconf 87' lang='lat' dir='ltr'><strong>scribere</strong></span> <span class='ocrx_word' id='word_1_132' title='bbox 458 1392 615 1429; x_wconf 90' lang='lat' dir='ltr'><strong>possem</strong></span> <span class='ocrx_word' id='word_1_133' title='bbox 642 1387 709 1417; x_wconf 89' lang='lat' dir='ltr'><strong>aut</strong></span> <span class='ocrx_word' id='word_1_134' title='bbox 735 1379 900 1419; x_wconf 92' lang='lat' dir='ltr'><strong>omnino</strong></span> <span class='ocrx_word' id='word_1_135' title='bbox 930 1380 1109 1430; x_wconf 84' lang='lat' dir='ltr'><strong>cogitare.</strong></span> <span class='ocrx_word' id='word_1_136' title='bbox 1171 1380 1486 1431; x_wconf 88' lang='lat' dir='ltr'><strong>Relinquebatur</strong></span> 
     </span>
     <span class='ocr_line' id='line_1_18' title="bbox 156 1444 1482 1496; baseline 0.002 -14"><span class='ocrx_word' id='word_1_137' title='bbox 156 1444 262 1483; x_wconf 90' lang='lat' dir='ltr'><strong>triste</strong></span> <span class='ocrx_word' id='word_1_138' title='bbox 278 1445 480 1495; x_wconf 89' lang='lat' dir='ltr'><strong>quoddam</strong></span> <span class='ocrx_word' id='word_1_139' title='bbox 502 1452 540 1483; x_wconf 89' lang='lat' dir='ltr'><strong>et</strong></span> <span class='ocrx_word' id='word_1_140' title='bbox 561 1444 746 1483; x_wconf 89' lang='lat' dir='ltr'><strong>miserum</strong></span> <span class='ocrx_word' id='word_1_141' title='bbox 768 1453 805 1483; x_wconf 87' lang='lat' dir='ltr'><strong>et</strong></span> <span class='ocrx_word' id='word_1_142' title='bbox 826 1445 886 1483; x_wconf 88' lang='lat' dir='ltr'><strong>his</strong></span> <span class='ocrx_word' id='word_1_143' title='bbox 908 1445 1150 1496; x_wconf 91' lang='lat' dir='ltr'><strong>temporibus</strong></span> <span class='ocrx_word' id='word_1_144' title='bbox 1172 1455 1482 1486; x_wconf 87' lang='lat' dir='ltr'><strong>consentaneum</strong></span> 
     </span>
     <span class='ocr_line' id='line_1_19' title="bbox 153 1509 1484 1562; baseline 0.003 -15"><span class='ocrx_word' id='word_1_145' title='bbox 153 1523 276 1559; x_wconf 82' lang='lat' dir='ltr'><strong>genus</strong></span> <span class='ocrx_word' id='word_1_146' title='bbox 297 1509 520 1548; x_wconf 90' lang='lat' dir='ltr'><strong>litterarum.</strong></span> <span class='ocrx_word' id='word_1_147' title='bbox 578 1511 625 1548; x_wconf 90' lang='lat' dir='ltr'><strong>Id</strong></span> <span class='ocrx_word' id='word_1_148' title='bbox 647 1523 806 1560; x_wconf 91' lang='lat' dir='ltr'><strong>quoque</strong></span> <span class='ocrx_word' id='word_1_149' title='bbox 827 1510 1037 1549; x_wconf 83' lang='lat' dir='ltr'><strong>deficiebat</strong></span> <span class='ocrx_word' id='word_1_150' title='bbox 1058 1525 1132 1558; x_wconf 91' lang='lat' dir='ltr'><strong>me,</strong></span> <span class='ocrx_word' id='word_1_151' title='bbox 1151 1511 1190 1549; x_wconf 92' lang='lat' dir='ltr'><strong>in</strong></span> <span class='ocrx_word' id='word_1_152' title='bbox 1211 1525 1291 1562; x_wconf 90' lang='lat' dir='ltr'><strong>quo</strong></span> <span class='ocrx_word' id='word_1_153' title='bbox 1312 1512 1484 1551; x_wconf 87' lang='lat' dir='ltr'><strong>debebat</strong></span> 
     </span>
     <span class='ocr_line' id='line_1_20' title="bbox 154 1574 1480 1625; baseline 0.003 -13"><span class='ocrx_word' id='word_1_154' title='bbox 154 1588 238 1612; x_wconf 90' lang='lat' dir='ltr'><strong>esse</strong></span> <span class='ocrx_word' id='word_1_155' title='bbox 258 1582 325 1613; x_wconf 87' lang='lat' dir='ltr'><strong>aut</strong></span> <span class='ocrx_word' id='word_1_156' title='bbox 353 1574 560 1625; x_wconf 86' lang='lat' dir='ltr'><strong>promissio</strong></span> <span class='ocrx_word' id='word_1_157' title='bbox 588 1575 704 1613; x_wconf 81' lang='lat' dir='ltr'><strong>auxili</strong></span> <span class='ocrx_word' id='word_1_158' title='bbox 732 1575 895 1614; x_wconf 85' lang='lat' dir='ltr'><strong>alicuius</strong></span> <span class='ocrx_word' id='word_1_159' title='bbox 916 1585 983 1614; x_wconf 89' lang='lat' dir='ltr'><strong>aut</strong></span> <span class='ocrx_word' id='word_1_160' title='bbox 1004 1577 1223 1616; x_wconf 89' lang='lat' dir='ltr'><strong>consolatio</strong></span> <span class='ocrx_word' id='word_1_161' title='bbox 1245 1577 1391 1616; x_wconf 91' lang='lat' dir='ltr'><strong>doloris</strong></span> <span class='ocrx_word' id='word_1_162' title='bbox 1413 1578 1480 1616; x_wconf 87' lang='lat' dir='ltr'><strong>tui.</strong></span> 
     </span>
    </p>

    <p class='ocr_par' dir='ltr' id='par_1_6' title="bbox 96 1640 1525 1956">
     <span class='ocr_line' id='line_1_21' title="bbox 96 1640 1482 1692; baseline 0.002 -13"><span class='ocrx_word' id='word_1_163' title='bbox 96 1658 134 1680; x_wconf 77' lang='lat'><strong>20</strong></span> <span class='ocrx_word' id='word_1_164' title='bbox 155 1641 275 1689; x_wconf 84' lang='lat' dir='ltr'><strong>Quod</strong></span> <span class='ocrx_word' id='word_1_165' title='bbox 296 1640 508 1690; x_wconf 88' lang='lat' dir='ltr'><strong>pollicerer,</strong></span> <span class='ocrx_word' id='word_1_166' title='bbox 532 1654 612 1679; x_wconf 89' lang='lat' dir='ltr'><strong>non</strong></span> <span class='ocrx_word' id='word_1_167' title='bbox 634 1649 737 1688; x_wconf 69' lang='lat' dir='ltr'><strong>erat,</strong></span> <span class='ocrx_word' id='word_1_168' title='bbox 767 1641 850 1691; x_wconf 90' lang='lat' dir='ltr'><strong>ipse</strong></span> <span class='ocrx_word' id='word_1_169' title='bbox 871 1641 975 1680; x_wconf 87' lang='lat' dir='ltr'><strong>enim</strong></span> <span class='ocrx_word' id='word_1_170' title='bbox 1004 1642 1085 1692; x_wconf 88' lang='lat' dir='ltr'><strong>pari</strong></span> <span class='ocrx_word' id='word_1_171' title='bbox 1106 1643 1261 1681; x_wconf 85' lang='lat' dir='ltr'><strong>fortuna</strong></span> <span class='ocrx_word' id='word_1_172' title='bbox 1283 1643 1482 1682; x_wconf 83' lang='lat' dir='ltr'><strong>†adiectus</strong></span> 
     </span>
     <span class='ocr_line' id='line_1_22' title="bbox 152 1705 1481 1758; baseline 0.003 -15"><span class='ocrx_word' id='word_1_173' title='bbox 152 1705 316 1744; x_wconf 90' lang='lat' dir='ltr'><strong>aliorum</strong></span> <span class='ocrx_word' id='word_1_174' title='bbox 348 1705 489 1756; x_wconf 88' lang='lat' dir='ltr'><strong>opibus</strong></span> <span class='ocrx_word' id='word_1_175' title='bbox 522 1720 633 1744; x_wconf 86' lang='lat' dir='ltr'><strong>casus</strong></span> <span class='ocrx_word' id='word_1_176' title='bbox 665 1720 774 1745; x_wconf 84' lang='lat' dir='ltr'><strong>meos</strong></span> <span class='ocrx_word' id='word_1_177' title='bbox 809 1708 1088 1753; x_wconf 83' lang='lat' dir='ltr'><strong>sustentabam,</strong></span> <span class='ocrx_word' id='word_1_178' title='bbox 1122 1708 1355 1758; x_wconf 87' lang='lat' dir='ltr'><strong>saepiusque</strong></span> <span class='ocrx_word' id='word_1_179' title='bbox 1385 1709 1481 1747; x_wconf 90' lang='lat' dir='ltr'><strong>mihi</strong></span> 
     </span>
     <span class='ocr_line' id='line_1_23' title="bbox 152 1771 1479 1823; baseline 0.002 -14"><span class='ocrx_word' id='word_1_180' title='bbox 152 1771 333 1810; x_wconf 74' lang='lat' dir='ltr'><strong>veniebat</strong></span> <span class='ocrx_word' id='word_1_181' title='bbox 354 1771 393 1809; x_wconf 88' lang='lat' dir='ltr'><strong>in</strong></span> <span class='ocrx_word' id='word_1_182' title='bbox 415 1780 587 1810; x_wconf 91' lang='lat' dir='ltr'><strong>mentem</strong></span> <span class='ocrx_word' id='word_1_183' title='bbox 610 1772 728 1822; x_wconf 87' lang='lat' dir='ltr'><strong>queri,</strong></span> <span class='ocrx_word' id='word_1_184' title='bbox 754 1774 861 1822; x_wconf 87' lang='lat' dir='ltr'><strong>quod</strong></span> <span class='ocrx_word' id='word_1_185' title='bbox 883 1773 935 1810; x_wconf 87' lang='lat' dir='ltr'><strong>ita</strong></span> <span class='ocrx_word' id='word_1_186' title='bbox 955 1772 1135 1819; x_wconf 73' lang='lat' dir='ltr'><strong>viverem,</strong></span> <span class='ocrx_word' id='word_1_187' title='bbox 1160 1787 1276 1823; x_wconf 85' lang='lat' dir='ltr'><strong>quarn</strong></span> <span class='ocrx_word' id='word_1_188' title='bbox 1298 1775 1479 1823; x_wconf 84' lang='lat' dir='ltr'><strong>gaudere,</strong></span> 
     </span>
     <span class='ocr_line' id='line_1_24' title="bbox 152 1837 1525 1889; baseline 0.002 -14"><span class='ocrx_word' id='word_1_189' title='bbox 152 1839 260 1887; x_wconf 90' lang='lat' dir='ltr'><strong>quod</strong></span> <span class='ocrx_word' id='word_1_190' title='bbox 282 1837 460 1875; x_wconf 80' lang='lat' dir='ltr'><strong>viverem.</strong></span> <span class='ocrx_word' id='word_1_191' title='bbox 522 1839 774 1888; x_wconf 87' lang='lat' dir='ltr'><strong>Quamquam</strong></span> <span class='ocrx_word' id='word_1_192' title='bbox 803 1838 908 1886; x_wconf 72' lang='lat' dir='ltr'><strong>euim</strong></span> <span class='ocrx_word' id='word_1_193' title='bbox 933 1840 1040 1877; x_wconf 87' lang='lat' dir='ltr'><strong>nulla</strong></span> <span class='ocrx_word' id='word_1_194' title='bbox 1064 1852 1126 1877; x_wconf 91' lang='lat' dir='ltr'><strong>me</strong></span> <span class='ocrx_word' id='word_1_195' title='bbox 1151 1839 1279 1889; x_wconf 87' lang='lat' dir='ltr'><strong>ipsum</strong></span> <span class='ocrx_word' id='word_1_196' title='bbox 1301 1839 1479 1889; x_wconf 82' lang='lat' dir='ltr'><strong>privatim</strong></span> <span class='ocrx_word' id='word_1_197' title='bbox 1501 1855 1525 1883; x_wconf 88' lang='lat'><em>2</em></span> 
     </span>
     <span class='ocr_line' id='line_1_25' title="bbox 152 1903 1479 1956; baseline 0.002 -15"><span class='ocrx_word' id='word_1_198' title='bbox 152 1903 300 1953; x_wconf 89' lang='lat' dir='ltr'><strong>pepulit</strong></span> <span class='ocrx_word' id='word_1_199' title='bbox 328 1903 488 1954; x_wconf 82' lang='lat' dir='ltr'><strong>insignis</strong></span> <span class='ocrx_word' id='word_1_200' title='bbox 520 1903 659 1942; x_wconf 86' lang='lat' dir='ltr'><strong>iniuria</strong></span> <span class='ocrx_word' id='word_1_201' title='bbox 680 1918 752 1942; x_wconf 90' lang='lat' dir='ltr'><strong>nec</strong></span> <span class='ocrx_word' id='word_1_202' title='bbox 781 1904 877 1941; x_wconf 92' lang='lat' dir='ltr'><strong>mihi</strong></span> <span class='ocrx_word' id='word_1_203' title='bbox 905 1904 1116 1954; x_wconf 88' lang='lat' dir='ltr'><strong>quicquam</strong></span> <span class='ocrx_word' id='word_1_204' title='bbox 1146 1904 1211 1943; x_wconf 88' lang='lat' dir='ltr'><strong>tali</strong></span> <span class='ocrx_word' id='word_1_205' title='bbox 1237 1913 1413 1956; x_wconf 88' lang='lat' dir='ltr'><strong>tempore</strong></span> <span class='ocrx_word' id='word_1_206' title='bbox 1439 1906 1479 1944; x_wconf 89' lang='lat' dir='ltr'><strong>in</strong></span> 
     </span>
    </p>

    <p class='ocr_par' dir='ltr' id='par_1_7' title="bbox 94 1968 1482 2282">
     <span class='ocr_line' id='line_1_26' title="bbox 94 1968 1478 2019; baseline 0.004 -14"><span class='ocrx_word' id='word_1_207' title='bbox 94 1978 130 2009; x_wconf 79' lang='lat'><strong>25</strong></span> <span class='ocrx_word' id='word_1_208' title='bbox 152 1976 323 2007; x_wconf 90' lang='lat' dir='ltr'><strong>mentem</strong></span> <span class='ocrx_word' id='word_1_209' title='bbox 346 1968 452 2007; x_wconf 84' lang='lat' dir='ltr'><strong>venit</strong></span> <span class='ocrx_word' id='word_1_210' title='bbox 473 1977 616 2019; x_wconf 87' lang='lat' dir='ltr'><strong>optare,</strong></span> <span class='ocrx_word' id='word_1_211' title='bbox 641 1971 749 2019; x_wconf 90' lang='lat' dir='ltr'><strong>quod</strong></span> <span class='ocrx_word' id='word_1_212' title='bbox 774 1983 854 2008; x_wconf 90' lang='lat' dir='ltr'><strong>non</strong></span> <span class='ocrx_word' id='word_1_213' title='bbox 880 1971 981 2009; x_wconf 87' lang='lat' dir='ltr'><strong>ultro</strong></span> <span class='ocrx_word' id='word_1_214' title='bbox 1003 1970 1099 2008; x_wconf 90' lang='lat' dir='ltr'><strong>mihi</strong></span> <span class='ocrx_word' id='word_1_215' title='bbox 1121 1971 1265 2010; x_wconf 87' lang='lat' dir='ltr'><strong>Caesar</strong></span> <span class='ocrx_word' id='word_1_216' title='bbox 1285 1971 1478 2019; x_wconf 86' lang='lat' dir='ltr'><strong>detulerit,</strong></span> 
     </span>
     <span class='ocr_line' id='line_1_27' title="bbox 151 2034 1479 2086; baseline 0.002 -15"><span class='ocrx_word' id='word_1_217' title='bbox 151 2041 283 2072; x_wconf 89' lang='lat' dir='ltr'><strong>tamen</strong></span> <span class='ocrx_word' id='word_1_218' title='bbox 303 2047 383 2072; x_wconf 92' lang='lat' dir='ltr'><strong>non</strong></span> <span class='ocrx_word' id='word_1_219' title='bbox 405 2034 501 2072; x_wconf 90' lang='lat' dir='ltr'><strong>nihil</strong></span> <span class='ocrx_word' id='word_1_220' title='bbox 522 2034 577 2073; x_wconf 88' lang='lat' dir='ltr'><strong>eis</strong></span> <span class='ocrx_word' id='word_1_221' title='bbox 598 2035 785 2074; x_wconf 83' lang='lat' dir='ltr'><strong>conficior</strong></span> <span class='ocrx_word' id='word_1_222' title='bbox 806 2035 917 2082; x_wconf 88' lang='lat' dir='ltr'><strong>curis,</strong></span> <span class='ocrx_word' id='word_1_223' title='bbox 943 2044 984 2074; x_wconf 92' lang='lat' dir='ltr'><strong>ut</strong></span> <span class='ocrx_word' id='word_1_224' title='bbox 1006 2035 1144 2086; x_wconf 88' lang='lat' dir='ltr'><strong>ipsum,</strong></span> <span class='ocrx_word' id='word_1_225' title='bbox 1169 2037 1277 2086; x_wconf 92' lang='lat' dir='ltr'><strong>quod</strong></span> <span class='ocrx_word' id='word_1_226' title='bbox 1299 2050 1479 2076; x_wconf 86' lang='lat' dir='ltr'><strong>maneam</strong></span> 
     </span>
     <span class='ocr_line' id='line_1_28' title="bbox 149 2098 1482 2149; baseline 0.003 -13"><span class='ocrx_word' id='word_1_227' title='bbox 149 2098 189 2136; x_wconf 89' lang='lat' dir='ltr'><strong>in</strong></span> <span class='ocrx_word' id='word_1_228' title='bbox 218 2099 305 2146; x_wconf 79' lang='lat' dir='ltr'><strong>vita,</strong></span> <span class='ocrx_word' id='word_1_229' title='bbox 329 2113 491 2149; x_wconf 89' lang='lat' dir='ltr'><strong>peccare</strong></span> <span class='ocrx_word' id='word_1_230' title='bbox 519 2114 581 2139; x_wconf 93' lang='lat' dir='ltr'><strong>me</strong></span> <span class='ocrx_word' id='word_1_231' title='bbox 605 2100 833 2139; x_wconf 74' lang='lat' dir='ltr'><strong>existimem.</strong></span> <span class='ocrx_word' id='word_1_232' title='bbox 894 2102 1020 2140; x_wconf 89' lang='lat' dir='ltr'><strong>Careo</strong></span> <span class='ocrx_word' id='word_1_233' title='bbox 1048 2101 1152 2139; x_wconf 91' lang='lat' dir='ltr'><strong>enim</strong></span> <span class='ocrx_word' id='word_1_234' title='bbox 1183 2115 1273 2140; x_wconf 90' lang='lat' dir='ltr'><strong>cum</strong></span> <span class='ocrx_word' id='word_1_235' title='bbox 1304 2101 1482 2140; x_wconf 90' lang='lat' dir='ltr'><strong>familiar-</strong></span> 
     </span>
     <span class='ocr_line' id='line_1_29' title="bbox 149 2162 1480 2216; baseline 0.003 -15"><span class='ocrx_word' id='word_1_236' title='bbox 149 2162 290 2202; x_wconf 89' lang='lat' dir='ltr'><strong>issimis</strong></span> <span class='ocrx_word' id='word_1_237' title='bbox 329 2164 471 2211; x_wconf 85' lang='lat' dir='ltr'><strong>multis,</strong></span> <span class='ocrx_word' id='word_1_238' title='bbox 509 2178 608 2215; x_wconf 87' lang='lat' dir='ltr'><strong>quos</strong></span> <span class='ocrx_word' id='word_1_239' title='bbox 642 2173 708 2203; x_wconf 90' lang='lat' dir='ltr'><strong>aut</strong></span> <span class='ocrx_word' id='word_1_240' title='bbox 743 2179 846 2205; x_wconf 91' lang='lat' dir='ltr'><strong>mors</strong></span> <span class='ocrx_word' id='word_1_241' title='bbox 880 2165 1020 2216; x_wconf 88' lang='lat' dir='ltr'><strong>eripuit</strong></span> <span class='ocrx_word' id='word_1_242' title='bbox 1055 2166 1170 2205; x_wconf 89' lang='lat' dir='ltr'><strong>nobis</strong></span> <span class='ocrx_word' id='word_1_243' title='bbox 1204 2174 1271 2204; x_wconf 82' lang='lat' dir='ltr'><strong>aut</strong></span> <span class='ocrx_word' id='word_1_244' title='bbox 1305 2166 1480 2206; x_wconf 83' lang='lat' dir='ltr'><strong>distraxit</strong></span> 
     </span>
     <span class='ocr_line' id='line_1_30' title="bbox 148 2229 1479 2282; baseline 0.003 -15"><span class='ocrx_word' id='word_1_245' title='bbox 148 2229 247 2279; x_wconf 85' lang='lat' dir='ltr'><strong>fuga,</strong></span> <span class='ocrx_word' id='word_1_246' title='bbox 282 2237 365 2268; x_wconf 91' lang='lat' dir='ltr'><strong>tum</strong></span> <span class='ocrx_word' id='word_1_247' title='bbox 400 2230 584 2269; x_wconf 89' lang='lat' dir='ltr'><strong>omnibus</strong></span> <span class='ocrx_word' id='word_1_248' title='bbox 618 2230 765 2278; x_wconf 89' lang='lat' dir='ltr'><strong>amicis,</strong></span> <span class='ocrx_word' id='word_1_249' title='bbox 802 2245 969 2282; x_wconf 87' lang='lat' dir='ltr'><strong>quorum</strong></span> <span class='ocrx_word' id='word_1_250' title='bbox 1007 2231 1322 2271; x_wconf 77' lang='lat' dir='ltr'><strong>benevolentiam</strong></span> <span class='ocrx_word' id='word_1_251' title='bbox 1364 2232 1479 2271; x_wconf 88' lang='lat' dir='ltr'><strong>nobis</strong></span> 
     </span>
    </p>
   </div>
   <div class='ocr_carea' id='block_1_5' title="bbox 142 2333 1479 2507">
    <p class='ocr_par' dir='ltr' id='par_1_8' title="bbox 142 2333 1479 2507">
     <span class='ocr_line' id='line_1_31' title="bbox 190 2333 1479 2372; baseline 0.003 -8"><span class='ocrx_word' id='word_1_252' title='bbox 190 2344 210 2372; x_wconf 83' lang='lat'>3</span> <span class='ocrx_word' id='word_1_253' title='bbox 234 2334 304 2364; x_wconf 86' lang='lat' dir='ltr'><strong>orbi</strong></span> <span class='ocrx_word' id='word_1_254' title='bbox 323 2333 379 2364; x_wconf 86' lang='lat' dir='ltr'><strong>M:</strong></span> <span class='ocrx_word' id='word_1_255' title='bbox 405 2334 493 2365; x_wconf 85' lang='lat' dir='ltr'><strong>orbis</strong></span> <span class='ocrx_word' id='word_1_256' title='bbox 513 2334 574 2364; x_wconf 81' lang='lat' dir='ltr'><strong>GR</strong></span> <span class='ocrx_word' id='word_1_257' title='bbox 689 2337 727 2365; x_wconf 87' lang='lat'><strong>16</strong></span> <span class='ocrx_word' id='word_1_258' title='bbox 752 2335 818 2366; x_wconf 84' lang='lat' dir='ltr'><strong>tale</strong></span> <span class='ocrx_word' id='word_1_259' title='bbox 836 2335 892 2366; x_wconf 79' lang='lat' dir='ltr'><strong>M:</strong></span> <span class='ocrx_word' id='word_1_260' title='bbox 921 2335 975 2366; x_wconf 82' lang='lat' dir='ltr'><strong>tibi</strong></span> <span class='ocrx_word' id='word_1_261' title='bbox 994 2336 1059 2367; x_wconf 83' lang='lat' dir='ltr'><strong>tale</strong></span> <span class='ocrx_word' id='word_1_262' title='bbox 1080 2336 1142 2366; x_wconf 81' lang='lat' dir='ltr'><strong>GR</strong></span> <span class='ocrx_word' id='word_1_263' title='bbox 1260 2348 1303 2368; x_wconf 69' lang='grc' dir='ltr'><strong>ρο</strong></span> <span class='ocrx_word' id='word_1_264' title='bbox 1327 2337 1479 2368; x_wconf 83' lang='lat' dir='ltr'><strong>adiectus</strong></span> 
     </span>
     <span class='ocr_line' id='line_1_32' title="bbox 148 2375 1477 2418; baseline 0.004 -12"><span class='ocrx_word' id='word_1_265' title='bbox 148 2375 205 2407; x_wconf 85' lang='lat' dir='ltr'><strong>M:</strong></span> <span class='ocrx_word' id='word_1_266' title='bbox 231 2377 383 2408; x_wconf 83' lang='lat' dir='ltr'><strong>adfectus</strong></span> <span class='ocrx_word' id='word_1_267' title='bbox 403 2378 485 2408; x_wconf 80' lang='lat' dir='ltr'><strong>GR:</strong></span> <span class='ocrx_word' id='word_1_268' title='bbox 511 2378 663 2410; x_wconf 80' lang='lat' dir='ltr'><strong>adflictus</strong></span> <span class='ocrx_word' id='word_1_269' title='bbox 685 2383 776 2410; x_wconf 53' lang='lat' dir='ltr'><strong>vcta:</strong></span> <span class='ocrx_word' id='word_1_270' title='bbox 811 2380 961 2410; x_wconf 83' lang='lat' dir='ltr'><strong>abiectus</strong></span> <span class='ocrx_word' id='word_1_271' title='bbox 987 2380 1200 2418; x_wconf 73' lang='lat' dir='ltr'><strong>Orellizfort.</strong></span> <span class='ocrx_word' id='word_1_272' title='bbox 1227 2381 1379 2412; x_wconf 88' lang='lat' dir='ltr'><strong>deiectus</strong></span> <span class='ocrx_word' id='word_1_273' title='bbox 1407 2382 1477 2411; x_wconf 55' lang='lat' dir='ltr'><strong>lad—</strong></span> 
     </span>
     <span class='ocr_line' id='line_1_33' title="bbox 142 2421 1475 2460; baseline 0.004 -10"><span class='ocrx_word' id='word_1_274' title='bbox 142 2425 206 2460; x_wconf 82' lang='lat' dir='ltr'><strong>pro</strong></span> <span class='ocrx_word' id='word_1_275' title='bbox 223 2421 278 2451; x_wconf 91' lang='lat' dir='ltr'><strong>de·</strong></span> <span class='ocrx_word' id='word_1_276' title='bbox 299 2426 335 2451; x_wconf 87' lang='lat' dir='ltr'><strong>ut</strong></span> <span class='ocrx_word' id='word_1_277' title='bbox 353 2422 392 2453; x_wconf 90' lang='lat' dir='ltr'><strong>iv.</strong></span> <span class='ocrx_word' id='word_1_278' title='bbox 413 2423 443 2453; x_wconf 89' lang='lat'><strong>6.</strong></span> <span class='ocrx_word' id='word_1_279' title='bbox 465 2423 498 2452; x_wconf 49' lang='lat' dir='ltr'><strong>2N</strong></span> <span class='ocrx_word' id='word_1_280' title='bbox 594 2424 636 2453; x_wconf 86' lang='lat'><strong>26</strong></span> <span class='ocrx_word' id='word_1_281' title='bbox 661 2434 730 2453; x_wconf 88' lang='lat' dir='ltr'><strong>non</strong></span> <span class='ocrx_word' id='word_1_282' title='bbox 750 2423 832 2454; x_wconf 88' lang='lat' dir='ltr'><strong>nihil</strong></span> <span class='ocrx_word' id='word_1_283' title='bbox 851 2423 900 2453; x_wconf 87' lang='lat' dir='ltr'><strong>eis</strong></span> <span class='ocrx_word' id='word_1_284' title='bbox 919 2424 1048 2454; x_wconf 71' lang='lat' dir='ltr'><strong>Baiter:</strong></span> <span class='ocrx_word' id='word_1_285' title='bbox 1077 2424 1158 2454; x_wconf 85' lang='lat' dir='ltr'><strong>nihil</strong></span> <span class='ocrx_word' id='word_1_286' title='bbox 1177 2424 1225 2455; x_wconf 85' lang='lat' dir='ltr'><strong>eis</strong></span> <span class='ocrx_word' id='word_1_287' title='bbox 1243 2424 1329 2454; x_wconf 83' lang='lat' dir='ltr'><strong>codd.</strong></span> <span class='ocrx_word' id='word_1_288' title='bbox 1347 2435 1353 2454; x_wconf 88' lang='lat'>:</span> <span class='ocrx_word' id='word_1_289' title='bbox 1380 2423 1475 2455; x_wconf 88' lang='lat' dir='ltr'><strong>nihil-</strong></span> 
     </span>
     <span class='ocr_line' id='line_1_34' title="bbox 148 2465 1388 2507; baseline 0.002 -12"><span class='ocrx_word' id='word_1_290' title='bbox 148 2465 278 2496; x_wconf 84' lang='lat' dir='ltr'><strong>ominus</strong></span> <span class='ocrx_word' id='word_1_291' title='bbox 296 2465 344 2496; x_wconf 85' lang='lat' dir='ltr'><strong>eis</strong></span> <span class='ocrx_word' id='word_1_292' title='bbox 360 2469 429 2497; x_wconf 80' lang='lat' dir='ltr'><strong>vett.</strong></span> <span class='ocrx_word' id='word_1_293' title='bbox 449 2477 454 2496; x_wconf 92' lang='lat'>:</span> <span class='ocrx_word' id='word_1_294' title='bbox 481 2465 615 2498; x_wconf 88' lang='lat' dir='ltr'><strong>multeis</strong></span> <span class='ocrx_word' id='word_1_295' title='bbox 632 2467 729 2498; x_wconf 65' lang='lat' dir='ltr'><strong>Klotz</strong></span> <span class='ocrx_word' id='word_1_296' title='bbox 830 2473 863 2498; x_wconf 88' lang='lat' dir='ltr'><strong>ut</strong></span> <span class='ocrx_word' id='word_1_297' title='bbox 881 2467 913 2498; x_wconf 89' lang='lat' dir='ltr'><strong>id</strong></span> <span class='ocrx_word' id='word_1_298' title='bbox 933 2467 1039 2506; x_wconf 87' lang='lat' dir='ltr'><strong>ipsum</strong></span> <span class='ocrx_word' id='word_1_299' title='bbox 1055 2467 1175 2507; x_wconf 76' lang='lat' dir='ltr'><strong>Baiter,</strong></span> <span class='ocrx_word' id='word_1_300' title='bbox 1194 2468 1229 2507; x_wconf 82' lang='lat' dir='ltr'><strong>cs.</strong></span> <span class='ocrx_word' id='word_1_301' title='bbox 1244 2468 1286 2499; x_wconf 79' lang='lat' dir='ltr'><strong>vi.</strong></span> <span class='ocrx_word' id='word_1_302' title='bbox 1306 2479 1354 2507; x_wconf 90' lang='lat'><strong>19.</strong></span> <span class='ocrx_word' id='word_1_303' title='bbox 1370 2479 1388 2498; x_wconf 92' lang='lat'>2</span> 
     </span>
    </p>
   </div>
   <div class='ocr_carea' id='block_1_6' title="bbox 1536 162 1597 200">
    <p class='ocr_par' dir='ltr' id='par_1_9' title="bbox 1536 162 1597 200">
     <span class='ocr_line' id='line_1_35' title="bbox 1536 162 1597 200; baseline 0.033 -2"><span class='ocrx_word' id='word_1_304' title='bbox 1536 162 1597 200; x_wconf 85' lang='lat' dir='ltr'><strong>xii</strong></span> 
     </span>
    </p>
   </div>
  </div>
 </body>
</html>
