1791 2796
558 190 671 229 EPP.
703 191 782 228 AD
812 190 1160 227 FAMILIARES
1474 188 1560 225 XV.
1578 183 1627 224 iv

195 317 367 354 ususque
400 302 603 343 tormentis
637 301 780 349 multis,
814 300 947 340 multis
980 299 1185 351 sagittariis
1221 313 1363 350 magno
1392 299 1526 337 labore

196 383 285 407 meo
320 368 403 407 sine
433 370 511 406 ulla
541 366 720 406 molestia
748 374 958 416 sumptuve
986 365 1185 404 sociorum
1217 364 1386 415 septimo
1415 377 1526 414 qum-

196 433 425 485 quagesimo
464 433 527 472 die
567 446 647 471 rem
693 431 857 479 confeci,
899 438 942 469 ut
980 430 1166 469 omnibus
1205 429 1380 480 partibus
1419 428 1525 467 urbis

196 498 421 537 disturbatis
451 505 517 536 aut
548 496 716 535 incensis
746 496 941 546 compulsi
970 495 1009 533 in
1038 503 1273 546 potestatem
1296 508 1423 533 meam
1444 508 1527 545 per-

157 578 174 608 5
196 563 382 602 venirent.
463 563 539 600 His
588 569 698 600 erant
745 560 902 599 finitimi
949 560 1032 611 pari
1080 562 1227 599 scelere
1275 567 1313 599 et
1360 558 1528 598 audacia

196 628 403 668 Tebarani.
462 628 526 665 Ab
557 627 602 665 iis
634 626 871 665 Pindenisso
898 634 1016 676 capto
1045 625 1206 664 obsides
1236 624 1394 674 accepi3
1424 637 1528 662 exer-

196 694 317 733 citum
353 694 392 732 in
425 693 589 732 hiberna
622 691 779 740 dimisi3
809 691 1005 741 Quintum
1039 692 1196 729 fratrem
1232 689 1391 739 negotio
1420 702 1527 739 prae-

196 759 310 811 posui
349 767 391 798 ut
430 759 469 797 in
508 758 603 797 vicis
642 766 709 796 aut
747 757 872 808 captis
902 764 970 796 aut
1008 758 1110 796 male
1149 756 1296 807 pacatis
1336 753 1527 793 exercitus

197 827 479 865 conlocaretur.

138 903 177 925 10
255 892 372 929 Nunc
399 889 515 928 velim
545 888 600 927 sic
631 888 701 927 tibi
725 889 973 939 persuadeas,
996 887 1027 926 si
1052 888 1102 926 de
1127 886 1172 925 iis
1200 887 1315 925 rebus
1345 886 1395 924 ad
1420 899 1528 923 sena-

198 964 280 994 tum
315 957 478 994 relatum
507 954 565 1002 sit,
589 968 652 993 me
678 953 987 992 existimaturum
1020 966 1216 990 summam
1242 951 1338 989 mihi
1369 951 1527 989 laudem

197 1021 392 1068 tributam,
416 1020 447 1059 si
477 1028 518 1059 tu
548 1021 739 1058 honorem
770 1032 902 1057 meum
933 1017 1127 1056 sententia
1157 1025 1223 1055 tua
1247 1015 1525 1066 comprobaris,

197 1086 328 1137 idque,
357 1086 429 1125 etsi
454 1085 596 1124 talibus
623 1086 675 1124 de
701 1084 817 1123 rebus
844 1082 1092 1134 gravissimos
1121 1082 1302 1120 homines
1330 1090 1367 1120 et
1394 1095 1528 1131 rogare

197 1154 322 1191 solere
348 1159 386 1190 et
413 1151 537 1201 rogari
566 1151 660 1199 scio,
690 1159 824 1190 tamen
853 1152 1155 1190 admonendum
1186 1150 1316 1200 potius
1346 1157 1384 1188 te
1413 1163 1435 1187 a
1465 1163 1529 1187 me

142 1229 177 1260 15
198 1230 317 1267 quam
337 1217 556 1266 rogandum
576 1224 684 1266 puto.
746 1218 809 1254 Tu
837 1230 878 1254 es
904 1215 1008 1253 enim
1037 1215 1067 1253 is
1095 1214 1163 1264 qui
1188 1228 1250 1253 me
1281 1213 1356 1251 tuis
1377 1221 1530 1252 senten-

199 1281 261 1320 tiis
287 1280 514 1331 saepissime
540 1280 698 1327 ornasti,
725 1280 793 1330 qui
823 1279 1010 1326 oratione,
1038 1279 1104 1329 qui
1130 1278 1432 1329 praedicatione,
1461 1277 1531 1328 qui

199 1346 362 1385 summis
391 1346 574 1384 laudibus
596 1346 634 1383 in
657 1353 807 1392 senatu,
830 1345 869 1382 in
891 1344 1144 1383 contionibus
1165 1345 1215 1382 ad
1243 1345 1395 1382 caelum
1425 1350 1531 1381 extu-

199 1412 276 1450 listi
292 1427 301 1460 3
329 1411 440 1450 cuius
461 1425 534 1462 ego
555 1426 709 1462 semper
729 1419 837 1450 tanta
857 1425 942 1449 esse
958 1411 1166 1449 verborum
1188 1410 1364 1460 pondera
1383 1407 1528 1459 putavi,

202 1485 244 1516 ut
263 1491 344 1516 uno
364 1477 484 1515 verbo
511 1484 580 1515 tuo
604 1491 695 1515 cum
720 1490 808 1514 mea
832 1477 949 1515 laude
977 1475 1191 1514 coniuncto
1212 1474 1345 1513 onmia
1365 1472 1530 1524 adsequi

144 1558 184 1579 20
203 1557 266 1581 me
288 1542 491 1581 arbitrarer
506 1557 516 1590 ,-
545 1550 582 1581 te
609 1542 782 1592 denique
810 1541 981 1587 memini,
1010 1554 1100 1579 cum
1129 1540 1286 1579 cuidam
1317 1538 1532 1578 clarissimo

200 1617 319 1659 atque
349 1607 501 1658 optimo
534 1607 616 1646 viro
651 1606 979 1658 supplicationem
1010 1620 1091 1644 non
1122 1607 1364 1652 decerneres,
1400 1604 1531 1644 dicere

200 1681 238 1713 te
267 1675 527 1720 decreturum,
560 1672 591 1711 si
620 1674 823 1711 referretur
855 1672 906 1710 ob
943 1685 1007 1710 eas
1039 1685 1098 1709 res
1129 1684 1225 1720 quas
1257 1670 1288 1708 is
1322 1671 1461 1708 consul
1491 1669 1531 1707 in

200 1739 295 1777 urbe
315 1738 522 1789 gessisset3
557 1745 598 1776 tu
628 1738 734 1776 idem
765 1737 861 1775 mihi
892 1736 1220 1786 supplicationem
1242 1734 1447 1773 decrevisti
1476 1741 1532 1773 to-

200 1812 290 1854 gato
311 1817 390 1842 non
413 1811 454 1849 ut
476 1803 608 1841 multis
628 1816 668 1841 re
688 1816 724 1853 p.
744 1803 846 1841 bene
867 1810 975 1851 gesta
996 1802 1065 1839 sed
1087 1808 1128 1838 ut
1150 1799 1298 1838 nemini
1319 1813 1359 1838 re
1385 1814 1420 1850 p.
1440 1814 1531 1839 con-

144 1882 181 1914 25
202 1876 360 1907 servata.
423 1868 541 1906 Mitto
567 1869 675 1918 quod
702 1867 902 1913 invidiam,
927 1867 1035 1916 quod
1062 1865 1245 1916 pericula,
1269 1866 1376 1914 quod
1401 1859 1530 1904 omnis

202 1947 309 1972 meas
344 1941 595 1983 tempestates
628 1941 666 1971 et
698 1932 861 1970 subieris
887 1940 924 1970 et
950 1933 1075 1969 multo
1099 1930 1216 1969 etiam
1248 1929 1380 1979 magis,
1404 1929 1433 1967 si
1463 1943 1532 1980 per

203 2013 265 2038 me
286 1998 468 2045 licuisset,
492 1998 621 2037 subire
642 1998 908 2048 paratissimus
930 1996 1056 2042 fueris,
1081 1997 1189 2045 quod
1216 1994 1388 2044 denique
1409 1994 1534 2033 inimi-

202 2078 293 2103 cum
324 2078 456 2102 meum
481 2072 592 2102 tuum
620 2063 823 2102 inimicum
849 2062 1007 2113 putaris,
1035 2061 1145 2099 cuius
1173 2060 1290 2098 etiam
1320 2059 1529 2107 interitum,

204 2144 295 2169 cum
327 2130 438 2169 facile
472 2130 738 2180 intellegerem
778 2129 873 2167 mihi
904 2136 1095 2178 quantum
1136 2126 1336 2173 tribueres,
1371 2125 1533 2164 Milonis

146 2207 187 2238 50
206 2209 323 2234 causa
344 2195 383 2233 in
405 2204 542 2234 senatu
563 2196 816 2234 defendenda
836 2193 1073 2244 approbaris.
1145 2195 1181 2230 A
1203 2205 1265 2230 me
1285 2198 1416 2229 autem
1437 2191 1533 2229 haec

205 2269 295 2300 sunt
325 2262 508 2311 profecta,
536 2258 636 2310 quae
666 2273 747 2298 non
775 2273 846 2309 ego
877 2258 916 2296 in
947 2257 1115 2297 benefici
1143 2258 1232 2296 loco
1262 2269 1369 2306 pono
1398 2256 1467 2294 sed
1494 2255 1533 2293 in

248 2376 267 2396 2
292 2366 435 2405 septimo
453 2369 486 2394 et
502 2362 537 2393 D
670 2373 712 2402 29
737 2373 811 2393 cum
828 2361 947 2392 HDF:
976 2372 1043 2392 om.
1061 2361 1117 2394 M:
1151 2366 1186 2392 ut
1204 2359 1258 2390 [Ur
1392 2369 1430 2398 31
1458 2362 1536 2389 sunt

204 2410 236 2484 ihn
250 2414 296 2483 bte
321 2409 472 2482 plrofecta
495 2407 608 2447 chyn,
635 2407 674 2446 cf.
709 2406 753 2438 iii.
785 2416 809 2437 1.
845 2416 883 2445 1;
920 2416 950 2437 v.
975 2415 1007 2447 5.
1035 2415 1055 2436 2
1235 2414 1302 2435 non
1336 2407 1410 2434 ante
1444 2412 1535 2442 pono

227 2464 247 2484 a
268 2456 296 2484 et
314 2462 340 2483 Γ

1548 892 1584 919 11

1551 1871 1593 1899 12
