1791 2796
537 187 648 224 EPP.
683 187 758 223 AD
791 187 1137 224 FAMILIARES
1454 189 1523 225 YI.
1549 199 1608 224 xx

176 312 266 338 curn
296 299 388 338 certi
415 298 564 349 aliquid
590 298 767 345 audieris,
792 306 829 337 te
858 298 962 337 istim
989 311 1104 349 posse
1130 298 1335 349 proficisci.
1396 299 1505 338 Nihil

175 372 234 404 est
271 373 468 416 praeterea
505 377 574 403 cur
617 364 851 403 adventibus
897 372 934 403 te
976 365 1112 403 offerre
1150 364 1302 415 gestias.
1378 366 1506 404 Multa

175 439 372 481 praeterea
411 438 554 477 metuo,
592 444 691 480 quae
726 444 816 469 cum
852 430 992 469 Cilone
1027 438 1161 469 nostro
1200 430 1502 469 communicavi.

176 495 284 544 Quid
306 497 456 534 multa?
484 497 572 534 loco
599 495 878 545 opportuniore
905 495 944 533 in
972 495 1031 533 his
1053 495 1165 533 malis
1192 497 1301 534 nullo
1325 509 1410 534 esse
1439 510 1505 546 po-
1523 505 1547 532 2

137 575 153 605 5
174 560 291 607 tuisti,
314 574 360 599 ex
387 574 466 610 quo
499 568 536 599 te
566 574 819 611 quocumque
852 574 950 611 opus
978 561 1047 599 erit
1073 560 1256 600 facillime
1286 570 1323 600 et
1351 562 1506 612 expedi-

174 625 321 665 tissime
338 627 524 665 conferas,
586 627 706 675 Quod
723 626 752 664 si
775 626 933 676 recipiet
955 626 1018 664 ille
1040 640 1080 665 se
1100 628 1150 665 ad
1172 634 1337 676 tempus,
1354 627 1480 665 aderis
1497 642 1505 673 3

174 691 233 729 sin
264 692 469 742 (quoniam
500 694 622 730 multa
651 692 830 731 accidere
859 693 1042 742 possunt)
1072 693 1203 742 aliqua
1234 706 1293 730 res
1324 705 1414 730 eum
1444 694 1505 731 vel

174 757 362 808 impediet
388 759 448 795 vel
478 758 701 804 morabitur,
732 765 772 795 tu
796 758 849 795 ibi
874 758 947 796 eris
974 758 1041 795 ubi
1072 757 1205 796 omnia
1240 757 1336 795 scire
1366 757 1502 807 possis.

176 824 268 861 Hoc
290 823 385 860 mihi
407 836 560 873 prorsus
581 824 694 861 valde
715 825 852 873 placet.
913 825 975 861 De
997 823 1157 873 reliquo,
1181 831 1223 861 ut
1244 831 1281 861 tc
1303 836 1418 873 saepe
1438 836 1505 872 per
1525 828 1548 864 3

118 903 156 924 ,ο
175 888 318 926 litteras
351 890 525 927 hortatus
558 902 655 936 sum,
686 889 738 926 ita
767 889 883 927 velim
915 889 985 927 tibi
1020 889 1266 939 persuadeas,
1300 896 1336 926 te
1367 888 1405 925 in
1431 889 1505 926 hac

175 967 291 992 causa
324 954 421 991 nihil
457 955 600 993 habere
632 956 739 1004 quod
775 955 844 993 tibi
879 955 1099 992 timendum
1135 954 1183 992 sit
1217 962 1368 1004 praeter
1401 967 1505 992 com-

175 1033 335 1057 munem
370 1033 503 1058 casum
536 1020 712 1058 civitatis.
773 1020 852 1069 Qui
884 1020 953 1058 etsi
989 1028 1047 1058 est
1077 1019 1338 1070 gravissimus,
1372 1027 1504 1058 tamen

176 1084 229 1122 ita
259 1084 424 1123 viximus
459 1093 496 1123 et
530 1085 570 1123 id
605 1085 742 1123 aetatis
772 1085 849 1123 iam
885 1098 1019 1123 sumus
1047 1092 1088 1122 ut
1115 1084 1258 1131 omnia,
1292 1097 1393 1134 quae
1424 1098 1504 1123 non

177 1157 309 1188 nostra
332 1152 446 1200 culpa
473 1150 587 1189 nobis
611 1150 802 1197 accidant,
833 1151 980 1189 fortiter
1010 1152 1106 1188 ferre
1135 1150 1361 1188 debeamus,
1424 1150 1504 1188 Hic

122 1228 157 1259 15
178 1215 233 1252 tui
254 1228 391 1253 omnes
412 1217 541 1253 valent
561 1228 793 1265 summaque
812 1215 957 1265 pietate
978 1222 1015 1253 te
1036 1215 1259 1253 desiderant
1279 1222 1316 1252 et
1337 1214 1504 1264 diligunt

177 1288 214 1318 et
244 1281 388 1318 colunt.
447 1282 510 1318 Tu
540 1294 630 1318 cura
655 1288 695 1318 ut
720 1281 847 1318 valeas
878 1288 915 1317 et
945 1288 982 1318 te
1013 1280 1115 1317 istim
1147 1293 1195 1317 ne
1225 1287 1370 1317 temere
1400 1292 1503 1317 com-

176 1359 344 1384 moveas.

219 1480 328 1515 XXI
479 1484 548 1516 Ser.
571 1485 658 1515 Rom
673 1496 698 1514 :e
714 1486 781 1515 circ.
804 1496 847 1516 m.
869 1484 953 1524 Apr.
975 1495 1005 1514 a.
1027 1493 1085 1523 709
1106 1483 1186 1525 (45).

621 1556 796 1587 CICERO
821 1555 1048 1586 TORANIO.

118 1651 158 1673 20
231 1634 314 1672 Etsi
335 1648 424 1673 curn
446 1636 543 1673 haec
569 1636 619 1673 ad
642 1642 678 1673 te
703 1634 934 1679 scribebam,
956 1641 1023 1671 aut
1043 1633 1358 1684 appropinquare
1379 1633 1503 1671 exitus
1525 1644 1541 1670 1

176 1699 290 1737 huius
320 1700 646 1739 calamitosissimi
678 1699 769 1738 belli
799 1707 866 1737 aut
900 1699 977 1737 iam
1013 1699 1162 1749 aliquid
1192 1706 1323 1737 actum
1350 1706 1387 1736 et
1415 1712 1504 1736 con-

176 1766 321 1803 fectum
336 1766 552 1813 videbatur,
570 1774 701 1804 tamen
718 1765 864 1804 cotidie
884 1765 1246 1803 commemorabam
1265 1771 1302 1802 te
1319 1777 1441 1801 unum
1464 1763 1503 1801 in

175 1838 284 1869 tanto
305 1831 474 1869 exercit-u
502 1831 597 1869 mibi
625 1831 743 1869 fuisse
769 1832 1023 1869 adsensorem
1053 1837 1091 1867 et
1122 1843 1184 1867 me
1214 1828 1296 1875 tibi,
1320 1830 1503 1878 solosque

175 1908 247 1933 nos
279 1895 422 1933 vidisse
460 1904 651 1945 quantum
687 1903 788 1933 esset
821 1895 859 1932 in
892 1908 939 1933 eo
974 1895 1079 1932 bello
1113 1894 1216 1940 mali,
1251 1893 1289 1931 in
1324 1906 1403 1943 quo
1435 1906 1504 1943 spe

119 1974 156 2005 25
175 1960 281 2010 pacis
302 1962 455 1999 exclusa
478 1961 560 2011 ipsa
581 1961 741 1999 victoria
762 1962 889 1999 futura
910 1968 1011 1999 esset
1031 1959 1292 2005 acerbissima,
1317 1972 1417 2008 quae
1438 1967 1503 1996 aut

176 2025 372 2063 interitum
386 2027 562 2064 adlatura
582 2033 693 2072 esset,
717 2026 747 2063 si
770 2025 893 2064 victus
915 2039 1030 2072 esses,
1053 2032 1130 2071 aut,
1154 2024 1183 2062 si
1206 2024 1373 2071 vicisses,
1393 2023 1505 2062 servi-

175 2098 308 2129 tutem.
370 2093 508 2141 Itaque
538 2105 620 2141 ego,
648 2105 765 2141 quem
796 2099 878 2129 tum
907 2092 1024 2130 fortes
1048 2090 1103 2128 illi
1130 2090 1198 2128 viri
1229 2098 1266 2128 et
1296 2089 1504 2139 sapientes,

178 2157 340 2194 Domitii
376 2165 412 2195 et
449 2157 615 2203 Lentuli,
650 2157 831 2195 timidum
870 2170 955 2195 esse
989 2157 1175 2195 dicebant
1211 2156 1332 2205 (eram
1365 2156 1505 2205 plane,-

153 2269 161 2275 ἱ
176 2222 363 2261 timebam
385 2222 489 2260 enim
515 2237 564 2260 ne
589 2222 788 2270 evenirent
813 2236 859 2261 ea
879 2235 980 2273 quae
1000 2221 1256 2271 acciderunt),
1276 2220 1381 2259 idem
1400 2233 1504 2257 nunc

116 2300 158 2332 30
176 2287 272 2325 nihil
311 2287 431 2326 timeo
469 2295 507 2326 et
545 2289 595 2326 ad
634 2301 792 2326 omnem
828 2296 1011 2326 eventum
1046 2296 1202 2337 paratus
1243 2300 1339 2325 sum.
1401 2286 1504 2324 Cum

219 2396 238 2416 2
263 2385 463 2416 adventibus
481 2385 538 2415 M:
565 2386 769 2416 adeuntibus
790 2385 852 2416 GR
950 2387 972 2416 6
995 2385 1050 2416 ille
1068 2396 1116 2423 se,
1134 2386 1175 2416 ad
1195 2391 1328 2424 tempus
1347 2386 1389 2414 ita
1409 2384 1504 2414 inter-

171 2428 362 2469 pungebant
391 2427 458 2460 edd.
495 2433 570 2459 anie
596 2428 634 2459 O.
667 2428 704 2459 E.
733 2428 883 2459 Schmidt
912 2428 1183 2469 [⁸'Bn'eswcclisel'
1212 2434 1244 2469 p.
1273 2429 1349 2467 3615
1486 2437 1503 2465 7

176 2471 287 2510 aliqua
305 2471 356 2502 R:
383 2482 484 2511 -quae
503 2471 585 2510 MG,
605 2472 640 2511 cf.
661 2473 701 2504 vi.
725 2483 749 2504 t.
771 2484 789 2511 4

219 2536 281 2557 cic.
304 2537 350 2557 AD
370 2537 449 2557 FAM.
1378 2526 1417 2555 12
