1791 2796
551 165 662 202 EPP.
696 164 773 200 Ab
806 162 1152 200 FAMILIARES
1474 160 1542 197 vl.
1568 161 1610 199 vi

204 292 252 317 ne
267 277 494 327 seiungerct.
556 274 848 314 Coniunctionc
863 273 981 323 frangi
998 280 1155 311 senatus
1169 285 1275 323 opes,
1292 270 1536 310 diiunctione

204 344 317 383 civile
338 344 487 382 bellum
503 341 659 381 excitari
677 340 871 379 videbam.
932 342 1064 389 Atque
1086 340 1223 377 utebar
1237 337 1535 376 familiarissimo

205 412 382 456 Caesare,
407 407 641 458 Pompeium
666 406 858 445 faciebam
886 405 1054 456 plurimi,
1078 405 1147 443 sed
1177 411 1257 442 erat
1285 416 1417 441 meum
1445 416 1537 441 con-

204 475 333 513 silium
365 488 456 513 cum
491 474 606 512 fidele
640 471 831 522 Pompeio
870 478 953 509 tum
989 472 1155 508 salutare
1194 469 1360 519 utrique.
1422 470 1578 518 Quae5

167 548 402 592 5praeterea
436 537 672 590 providerim
708 544 933 588 praetereo:
974 537 1068 574 nolo
1100 534 1206 573 enim
1241 536 1347 573 hunc
1382 535 1432 573 de
1473 547 1535 572 me

204 606 352 657 optime
373 605 555 644 meritum
576 603 796 643 existimare
816 616 861 641 ea
882 616 946 641 me
974 601 1141 640 suasisse
1163 600 1366 651 Pompeio,
1390 599 1534 650 quibus

203 671 267 710 ille
288 671 319 709 si
340 670 540 721 paruisset,
564 677 664 708 esset
686 668 750 707 bic
780 668 940 718 quidem
963 669 1088 705 clarus
1109 666 1149 704 in
1171 674 1260 716 toga
1281 673 1318 704 et
1340 665 1530 715 princeps,

203 738 273 775 sed
294 744 419 775 tantas
440 749 545 786 opes,
562 743 727 785 quantas
745 747 849 772 nunc
863 734 993 780 habet,
1013 746 1092 770 non
1113 732 1285 770 haberet.
1346 731 1534 769 Eundum

204 803 242 841 in
289 801 523 852 Hispaniam
571 800 715 839 censui.
777 800 898 848 Quod
941 798 972 836 si
1021 798 1184 844 fecisset,
1235 796 1346 835 civile
1387 797 1533 834 bellum

150 885 185 908 10
205 869 354 906 nullum
377 867 540 905 omnino
562 866 706 904 suisset.
768 864 979 903 Rationem
1003 863 1135 902 baberi
1157 861 1331 901 absentis
1353 874 1431 899 non
1454 869 1533 899 tam

203 932 372 984 pugnavi
393 940 434 971 ut
455 932 596 978 liceret,
621 944 739 981 quam
761 938 812 977 ut,
837 929 1024 980 quoniam
1046 930 1131 979 ipso
1152 930 1314 967 consule
1336 935 1534 978 pugnante

203 999 371 1049 populus
404 989 575 1044 iusserat,
618 997 836 1035 baberetur.
897 996 1026 1034 (¹ausa
1058 1002 1141 1033 orta
1172 994 1264 1032 belli
1297 1001 1363 1032 est.
1425 993 1533 1042 Quid

203 1077 275 1114 ego
308 1062 547 1114 praetermisi
581 1069 648 1100 aut
682 1061 919 1099 monitorum
952 1068 1018 1098 aut
1053 1060 1308 1110 querelarum,
1344 1071 1433 1097 cum
1474 1060 1534 1096 vel

205 1129 488 1179 iniquissimam
510 1141 648 1178 pacem
670 1126 882 1166 iustissimo
903 1127 1007 1164 bello
1028 1127 1259 1164 anteferrem
1277 1126 1293 1163 ?
1342 1124 1455 1162 Victa
1477 1131 1533 1162 est
1554 1130 1581 1168 6

147 1205 182 1236 15
203 1194 412 1233 auctoritas
445 1207 530 1231 mea
565 1206 645 1230 non
684 1199 763 1230 tam
802 1205 824 1229 a
860 1191 1050 1241 Pompeio
1083 1190 1191 1242 (nam
1224 1189 1254 1228 is
1287 1190 1534 1237 movebatur)

204 1272 322 1309 quam
343 1259 392 1296 ab
414 1258 469 1305 iis,
486 1257 551 1308 qui
573 1258 674 1295 duce
698 1256 887 1306 Pompeio
905 1255 989 1294 freti
1010 1262 1341 1306 peropportunam
1360 1262 1396 1292 ct
1419 1255 1534 1292 rebus

203 1324 429 1363 domesticis
464 1332 501 1362 et
532 1322 813 1374 cupiditatibus
845 1322 923 1360 suis
956 1321 1056 1360 illius
1090 1321 1182 1359 belli
1216 1320 1426 1363 victoriam
1454 1321 1534 1358 fore

202 1392 404 1441 putabant.
465 1391 699 1440 Susceptum
722 1390 869 1428 bellum
890 1396 947 1427 est
977 1388 1205 1438 quiescente
1227 1400 1299 1435 me,
1324 1388 1533 1437 depulsum

202 1471 249 1495 ex
283 1456 396 1495 Italia
430 1462 613 1493 manente
643 1468 715 1501 me,
748 1455 880 1504 quoad
910 1453 1020 1504 potui
1037 1468 1048 1501 3
1087 1454 1157 1491 sed
1186 1452 1305 1491 valuit
1334 1453 1441 1503 apud
1471 1465 1534 1491 me

145 1538 183 1559 20
202 1523 288 1572 plus
310 1522 437 1572 pudor
459 1534 568 1559 meus
590 1533 709 1570 quam
737 1519 876 1567 timor,
916 1518 1059 1557 veritus
1087 1531 1174 1556 sum
1201 1518 1340 1556 deesse
1372 1517 1534 1567 Pompei

202 1588 325 1635 saluti,
358 1601 449 1626 curn
474 1587 536 1626 ille
564 1586 778 1637 aliquando
804 1599 884 1624 non
914 1585 1102 1624 defuisset
1130 1597 1251 1623 meae.
1313 1585 1452 1634 Itaque
1473 1584 1534 1622 vel

201 1653 330 1691 officio
361 1654 421 1692 vel
453 1654 556 1691 fama
586 1653 782 1691 bonorum
807 1652 867 1690 vel
898 1651 1050 1701 pudore
1080 1649 1215 1696 victus,
1250 1656 1292 1687 ut
1323 1648 1363 1686 in
1392 1648 1534 1687 fabulis

202 1719 476 1769 Amphiaraus,
513 1718 567 1757 sic
607 1731 680 1768 ego
719 1717 914 1768 ‘prudens
946 1724 984 1754 et
1018 1715 1144 1754 sciens
1176 1715 1227 1753 ad
1259 1721 1409 1764 pestem
1442 1721 1533 1752 ante

203 1783 339 1820 oculos
360 1782 549 1832 positam’
570 1795 657 1820 sum
685 1781 891 1831 profectus.
953 1780 1046 1827 Quo
1073 1777 1111 1816 in
1135 1778 1237 1816 bello
1265 1776 1360 1814 nihil
1381 1776 1533 1815 adversi

146 1864 184 1897 25
203 1847 346 1885 accidit
376 1846 455 1885 no'n
477 1846 727 1897 praedicente
749 1859 821 1884 me.
882 1845 972 1893 Qua
1001 1857 1051 1891 re,
1075 1842 1274 1894 quoniam,
1297 1849 1339 1881 ut
1368 1855 1532 1892 augures
1550 1853 1573 1892 7

203 1919 241 1950 ct
274 1911 457 1962 astrologi
496 1913 633 1958 solent,
675 1925 748 1962 ego
780 1923 939 1961 quoque
977 1922 1100 1959 augur
1130 1907 1312 1958 publicus
1351 1920 1397 1945 ex
1435 1906 1532 1945 meis

201 1976 464 2027 superioribus
486 1976 692 2027 praedictis
714 1975 898 2014 constitui
918 1975 1025 2025 apud
1047 1981 1084 2013 te
1104 1972 1377 2012 auctoritatem
1396 1971 1531 2022 auguri

201 2051 239 2080 et
272 2042 522 2081 divinationis
558 2055 678 2088 meae,
716 2041 877 2080 debebit
917 2041 1062 2079 babere
1102 2040 1220 2078 fidem
1257 2045 1387 2076 nostra
1426 2050 1531 2087 prac-

200 2107 331 2146 dictio.
392 2109 485 2146 Non
517 2107 630 2158 igitur
664 2121 710 2145 ex
739 2106 838 2145 alitis
870 2106 1043 2144 involatu
1074 2119 1147 2144 nec
1177 2119 1198 2143 e
1228 2111 1345 2142 cantu
1376 2103 1531 2141 sinistro

144 2187 181 2218 30
201 2173 354 2219 ascinis,
378 2181 420 2211 ut
441 2173 479 2211 in
501 2181 631 2211 nostra
652 2172 859 2223 disciplina
879 2180 947 2219 est,
971 2184 1044 2210 nec
1065 2185 1111 2210 ex
1132 2170 1311 2221 tripudiis
1333 2168 1531 2207 solistimis

200 2246 266 2277 aut
297 2238 454 2277 soniviis
489 2238 766 2288 tibirauguron
803 2238 873 2277 scd
908 2238 1036 2276 babeo
1068 2236 1142 2275 alia
1176 2236 1295 2286 signa,
1330 2247 1430 2285 quae
1465 2233 1530 2271 ob-

248 2351 260 2371 1
289 2352 332 2371 ne
357 2352 394 2372 se
413 2342 604 2381 diiungeret
621 2341 726 2380 Kleyn
869 2351 910 2380 23
936 2341 1086 2380 prudens
1104 2364 1111 2370 .
1133 2364 1139 2370 .
1161 2363 1168 2370 .
1190 2339 1333 2379 positam
1352 2336 1488 2367 Ribbeck
1503 2340 1532 2367 el

203 2383 325 2458 Mz'illetl‘
350 2389 461 2459 poegae
492 2385 689 2425 attribuunt,
725 2385 767 2416 ad
790 2408 796 2416 .
818 2409 825 2415 .
847 2409 853 2416 .
875 2384 1017 2424 positam
1059 2383 1180 2422 Baiter,
1223 2382 1306 2412 nsln‘l
1344 2379 1534 2421 PVesenbetg

202 2439 244 2467 29
268 2439 307 2459 vo
323 2433 378 2459 atu
416 2433 484 2459 rat.
