1791 2796
121 131 188 168 IX.
210 141 302 167 xxv
636 131 690 167 M.
724 130 891 168 TVLLI
925 131 1231 169 FIFERONIS

267 245 383 280 mus?
413 242 540 280 noscis
555 256 738 292 quocum
755 242 988 293 imperatore
1005 243 1074 280 tibi
1091 243 1290 291 negotium
1310 244 1368 282 sit.
1426 246 1602 284 Παιδείαν

269 310 393 359 Κύρου
436 322 555 358 quam
595 308 829 346 contrieram
870 309 1052 358 legendo,
1087 316 1210 346 totam
1246 309 1286 346 in
1326 311 1402 348 hoc
1436 310 1602 361 imperio

222 389 245 415 2
267 374 466 425 explicavi.
527 375 605 413 Sed
633 373 851 413 iocabimur
874 373 969 412 alias
990 387 1136 417 coram,
1158 381 1199 412 ut
1227 387 1355 424 spero,
1375 375 1481 414 brevi
1507 384 1602 415 tem-

266 454 385 491 pore3
414 453 520 478 nunc
546 441 641 479 ades
671 441 723 478 ad
749 439 1024 489 imperandum
1045 441 1106 478 vel
1127 440 1177 478 ad
1198 441 1417 490 parendum
1445 441 1601 492 potiu83

265 506 320 545 sic
340 506 446 545 enim
467 505 619 555 antiqui
640 506 914 555 loquebantur.
1621 524 1638 554 5

319 574 421 611 Cum
464 573 518 609 M.
558 570 693 618 Fadio,
728 572 837 620 quod
873 570 970 609 scire
1003 578 1041 609 te
1079 570 1255 617 arbitror,
1292 570 1389 609 mihi
1423 584 1601 610 summus

264 651 356 676 usus
386 646 443 676 est
468 638 663 687 valdeque
685 650 775 675 eum
805 636 926 686 diligo
955 649 1045 674 cum
1067 643 1226 686 propter
1250 649 1446 675 summam
1474 638 1602 688 probi-

264 712 384 742 tatem
426 703 508 742 eius
547 716 593 741 ac
633 702 868 752 singularem
912 701 1160 749 modestiam,
1201 710 1284 740 tum
1329 704 1437 752 quod
1477 702 1516 740 in
1556 703 1600 740 iis

265 768 550 816 controversiis,
575 782 672 818 quas
693 768 822 806 habeo
844 781 932 806 cum
963 768 1038 806 tuis
1059 767 1367 806 combibonibus
1393 767 1598 818 Epicuriis,

220 847 244 884 3
266 836 415 886 optima
449 848 567 886 opera
599 834 682 873 eius
715 834 769 872 uti
806 835 925 872 soleo.
988 834 1026 871 Is
1059 847 1148 872 cum
1181 834 1231 872 ad
1264 847 1327 872 me
1359 834 1598 873 Laudiceam
1623 853 1661 874 ιο

264 901 434 940 venisset
456 913 693 949 mecumque
715 912 787 949 ego
809 913 899 937 eum
922 912 1006 937 esse
1027 900 1180 945 vellem,
1203 906 1363 948 repente
1393 912 1599 949 percussus

262 974 320 1005 est
351 965 604 1004 atrocissimis
645 964 790 1010 litteris,
830 964 868 1001 in
909 963 1052 1014 quibus
1093 963 1280 1013 scriptum
1316 971 1396 1002 erat
1431 965 1597 1003 fundum

263 1033 604 1071 Herculanensem
640 1044 663 1068 a
685 1031 732 1079 Q.
778 1029 903 1068 Fadio
944 1030 1057 1067 fratre
1098 1029 1356 1079 proscriptum
1394 1043 1490 1078 esse,
1531 1031 1597 1081 qui

262 1099 407 1137 fundus
429 1111 518 1135 cum
541 1110 588 1134 eo
613 1095 837 1134 communis
866 1103 977 1133 esset.
1043 1096 1090 1133 Id
1115 1096 1168 1132 M.
1196 1094 1340 1133 Fadius
1365 1097 1599 1146 pergraviter

261 1164 348 1203 tulit
369 1162 683 1212 existimavitque
704 1163 859 1200 fratrem
884 1174 1008 1208 suum,
1035 1161 1237 1200 hominem
1265 1175 1344 1201 non
1367 1163 1595 1214 sapientem,
1623 1179 1656 1210 ¹5

261 1230 432 1280 impulsu
460 1228 709 1266 inimicorum
741 1240 901 1265 suorum
925 1240 973 1265 eo
1000 1241 1247 1278 progressum
1271 1242 1366 1268 esse.
1428 1230 1546 1267 Nunc
1567 1229 1596 1266 si

262 1309 324 1333 me
362 1307 481 1340 amas,
516 1293 568 1330 mi
611 1295 738 1339 Paete,
782 1292 984 1343 negotium
1027 1301 1153 1332 toturn
1195 1294 1377 1344 suscipe3
1420 1294 1599 1333 molestia

263 1360 428 1399 Fadium
454 1359 585 1398 libera.
648 1358 892 1397 Auctoritate
919 1367 985 1397 tua
1015 1359 1129 1398 nobis
1161 1373 1260 1410 opus
1286 1368 1343 1399 est
1370 1367 1414 1398 et'
1433 1360 1599 1399 consilio

260 1433 298 1464 et
319 1425 436 1464 etiam
457 1424 588 1474 gratia.
650 1424 741 1462 Noli
765 1424 844 1474 pati
868 1424 1015 1474 litigare
1038 1426 1171 1464 fratres
1193 1433 1230 1464 et
1252 1425 1406 1464 iudiciis
1420 1425 1598 1476 turpibus

261 1490 487 1529 conflictari.
550 1490 756 1528 Matonem
779 1498 816 1528 et
845 1490 1063 1528 Pollionem
1095 1490 1276 1529 inimicos
1297 1491 1416 1529 habet
1438 1490 1594 1529 Fadius.
1621 1503 1659 1524 20

263 1557 371 1605 Quid
394 1557 547 1593 multa?
577 1568 657 1593 non
680 1569 742 1593 me
760 1557 918 1594 hercule
941 1564 1018 1593 tam
1042 1555 1279 1605 perscribere
1301 1569 1461 1606 possum
1479 1569 1596 1605 quam

264 1622 358 1660 mihi
381 1629 531 1671 gratum
555 1620 702 1666 feceris,
726 1620 755 1657 si
780 1620 950 1659 otiosum
979 1620 1145 1659 Fadium
1175 1620 1401 1660 reddideris.
1464 1622 1512 1659 Id
1534 1620 1598 1659 ille

265 1688 303 1725 in
326 1696 363 1726 te
384 1687 556 1737 positum
579 1700 664 1725 esse
686 1694 797 1736 putat
819 1686 995 1736 mihique
1017 1687 1236 1736 persuadet.

310 1833 463 1868 XXVI
547 1836 615 1868 Ser.
637 1836 765 1868 Roman
780 1849 827 1870 ex.
847 1849 891 1868 m.
914 1838 1016 1869 iulerc.
1033 1843 1083 1879 pr.
1105 1841 1164 1868 aul
1180 1838 1225 1868 7'11.
1242 1841 1326 1878 post.

826 1903 855 1923 a.
879 1894 939 1932 708
958 1894 1043 1933 ¹⁸46).
1059 1932 1062 1935 Δ
1169 1916 1177 1926 ,
1622 1900 1659 1931 25

693 1967 868 1999 CICERO
897 1968 1048 1999 PAETO
1075 1968 1110 1999 S.
1138 1968 1176 2000 D.

233 2058 249 2085 1
324 2045 598 2084 Accubueram
635 2048 729 2085 hora
762 2061 876 2093 nona,
915 2061 1004 2086 cum
1040 2049 1089 2086 ad
1129 2055 1166 2085 te
1199 2047 1335 2084 harum
1376 2044 1598 2094 exemplum

269 2110 307 2148 in
341 2110 532 2148 codicillis
572 2112 733 2150 exaravi.
799 2114 939 2152 Dices:
986 2113 1131 2151 ‘ubi?’
1181 2112 1299 2162 Apud
1340 2108 1597 2148 Volumnium

270 2179 537 2228 Eutrapelum,
574 2187 612 2218 et
644 2181 803 2230 quidem
845 2194 959 2230 supra
995 2194 1057 2219 me
1092 2180 1258 2225 Atticus,
1292 2179 1389 2217 infra
1428 2177 1597 2223 Verrius,

269 2245 475 2285 familiares
515 2246 581 2284 tui.
645 2247 798 2285 Miraris
838 2257 916 2286 tarn
957 2248 1208 2287 exhilaratam
1249 2260 1334 2285 esse
1373 2245 1597 2284 servitutem
1621 2255 1661 2285 30

269 2315 471 2352 nostram?
512 2314 620 2362 Quid
642 2327 733 2364 ergo
754 2314 924 2352 faciam?
964 2315 1018 2358 (te
1039 2314 1213 2359 consulo,
1230 2312 1296 2362 qui
1318 2311 1597 2361 philosophum

344 2431 361 2457 4
388 2420 438 2449 vel
459 2444 465 2450 .
485 2444 492 2451 .
516 2443 521 2449 .
542 2420 653 2458 potius
671 2418 725 2448 dcl.
749 2417 860 2448 Cobet:
887 2417 938 2448 vel
958 2442 963 2447 .
985 2443 990 2448 .
1009 2442 1015 2448 .
1038 2416 1325 2457 loquebatursorl.
1346 2414 1521 2446 et'cr‘cndnm
