1791 2796
166 109 260 146 I.ix
593 107 649 144 M.
681 106 850 144 TVLLI
883 106 1189 145 CICERONIS

221 234 402 270 eumque,
443 232 562 270 quem
603 218 754 256 bonum
793 217 920 256 civem
960 230 1115 268 semper
1152 216 1364 264 habuisset,
1405 216 1556 256 bonum

221 286 345 324 virum
376 298 460 324 esse
490 291 697 336 pateretur.
760 284 807 322 In
838 282 912 321 illis
941 291 1073 321 autem
1102 282 1199 321 meis
1223 282 1445 321 actionibus
1473 294 1556 320 sen-

222 352 431 402 tentiisque
461 350 657 397 omnibus,
688 362 790 399 quae
819 348 1052 399 Pompeium
1080 348 1314 387 videbantur
1343 347 1553 394 offendere,

222 427 416 456 certorum
449 415 668 462 hominum,
706 427 806 465 quos
845 414 922 452 iam
962 413 1084 452 debes
1123 412 1322 463 suspicari,
1356 424 1556 451 sermones

223 483 488 522 referebantur
517 482 569 520 ad
601 494 674 528 me,
708 480 775 530 qui
805 493 896 518 cum
931 479 996 518 illa
1030 478 1218 517 sentirent
1247 478 1286 517 in
1316 491 1356 517 re
1386 477 1555 528 publica,
1576 491 1592 522 5

222 562 323 600 quae
357 561 430 597 ego
461 547 637 597 agebam,
673 559 907 596 semperque
946 544 1169 591 sensissent,
1204 557 1267 582 rne
1306 551 1437 582 tamen
1477 555 1557 581 non

222 614 314 653 satis
362 615 488 652 faeere
529 611 721 662 Pompeio
761 612 1052 660 Caesaremque
1100 608 1414 648 inimicissimum
1463 607 1557 646 mihi

224 674 395 718 futurum
416 678 587 728 gaudere
608 691 650 716 se
670 676 838 715 aiebant.
901 677 994 714 Erat
1015 676 1092 713 hoc
1120 674 1215 713 mihi
1236 674 1465 720 dolendum,
1489 673 1558 711 sed

224 746 348 783 multo
383 743 479 782 illud
512 742 645 792 magis,
676 743 785 792 quod
819 741 1024 780 inimicum
1057 754 1189 779 meum
1216 740 1365 791 (meum
1395 740 1560 777 autem?

224 811 346 848 immo
376 822 466 848 vero
496 810 638 858 legum,
677 807 926 854 iudiciorum,
964 806 1028 853 oti,
1063 806 1219 856 patriae,
1253 806 1449 843 bonorum
1478 817 1560 842 om-
1581 816 1620 838 10

224 875 350 925 nium)
373 874 427 913 sie
447 874 782 924 amplexabantur,
806 872 861 911 sic
883 873 921 910 in
943 871 1125 911 manibus
1147 871 1357 918 habebant,
1381 871 1437 909 sic
1458 872 1560 909 sove-

225 941 329 987 bant,
364 939 418 978 sic
454 952 516 978 me
548 947 753 989 praesente
787 938 1076 985 osculabantur,
1113 950 1193 975 non
1233 936 1287 975 illi
1321 935 1483 986 quidem
1517 943 1559 974 ut

226 1005 320 1043 mihi
351 1005 600 1043 stomachum
628 1005 810 1051 facerent,
835 1017 954 1054 quem
985 1015 1058 1053 ego
1088 1002 1265 1041 funditus
1294 1001 1459 1052 perdidi,
1490 1002 1560 1040 sed

225 1078 328 1110 certe
349 1078 391 1109 ut
412 1071 538 1109 facere
559 1083 600 1109 se
621 1069 908 1108 arbitrarentur.
966 1068 1047 1106 Hic
1068 1081 1152 1119 ego,
1171 1075 1362 1118 quantum
1384 1067 1560 1105 humano

225 1136 390 1176 consilio
421 1136 574 1175 efficere
609 1134 730 1186 potui,
765 1133 1060 1185 circumspectis
1094 1134 1209 1173 rebus
1245 1132 1341 1172 meis
1375 1131 1560 1171 omnibus
1583 1145 1618 1176 ¹5

225 1202 521 1252 rationibusque
542 1199 747 1239 subductis
769 1213 964 1238 summam
986 1199 1059 1238 feci
1081 1198 1363 1249 cogitationum
1384 1210 1561 1236 mearum

225 1267 403 1306 omnium
424 1281 432 1315 3
462 1280 582 1317 quam
604 1265 684 1313 tibi,
708 1265 740 1303 si
760 1273 909 1316 potero,
933 1264 1099 1304 breviter
1120 1277 1325 1314 exponam.

171 1346 208 1374 11
282 1335 367 1384 Ego
402 1332 434 1371 si
467 1333 518 1371 ab
558 1330 748 1382 improbis
788 1338 827 1369 et
860 1330 1021 1381 perditis
1060 1329 1210 1369 civibus
1245 1342 1326 1367 rem
1362 1328 1561 1379 publicam

227 1398 349 1438 teneri
373 1398 559 1444 viderem,
583 1397 684 1436 sicut
711 1404 749 1435 et
777 1395 940 1436 Cinneis
970 1395 1213 1446 temporibus
1243 1394 1388 1433 scimus
1418 1402 1456 1432 et
1480 1406 1560 1432 non

228 1464 343 1503 nullis
374 1463 458 1502 aliis
489 1462 691 1510 accidisse,
724 1475 805 1501 non
837 1462 959 1500 modo
994 1460 1186 1512 praemiis,
1225 1473 1326 1510 quae
1357 1460 1462 1510 apud
1498 1472 1561 1498 rne
1582 1472 1621 1494 20

228 1530 435 1568 minimum
460 1531 602 1576 valent,
631 1529 702 1567 sed
729 1542 779 1566 ne
806 1526 988 1578 periculis
1015 1526 1176 1577 quidem
1205 1527 1432 1575 compulsus
1460 1525 1558 1572 ullis,

228 1596 371 1646 quibus
411 1604 543 1633 tamen
583 1601 792 1633 moventur
830 1593 947 1646 etiam
987 1591 1185 1630 fortissimi
1219 1590 1298 1638 viri,
1336 1591 1386 1629 ad
1425 1604 1559 1629 eorum

228 1674 388 1700 causam
417 1674 478 1699 me
503 1659 769 1710 adiungerem,
794 1672 843 1697 ne
871 1658 901 1697 si
923 1671 1076 1696 summa
1097 1657 1258 1707 quidem
1281 1669 1415 1695 eorum
1438 1655 1476 1694 in
1499 1669 1561 1694 me

230 1726 366 1765 merita
386 1734 621 1764 constarent.
677 1726 780 1764 Cum
803 1732 935 1762 autem
957 1723 995 1762 in
1017 1737 1056 1763 re
1078 1722 1234 1774 publica
1256 1723 1328 1762 Cn.
1350 1721 1561 1772 Pompeius

230 1792 411 1842 princeps
432 1800 534 1830 esset
554 1791 620 1838 vir,
640 1791 670 1830 is
692 1790 758 1841 qui
780 1792 881 1829 hanc
903 1789 1118 1840 potentiam
1141 1796 1178 1827 et
1198 1787 1360 1838 gloriam
1383 1786 1561 1826 maximis
1582 1805 1619 1835 25

232 1858 270 1895 in
305 1870 386 1895 rem
422 1856 622 1907 publicam
658 1856 803 1894 meritis
838 1853 1260 1906 praestantissimisque
1298 1854 1414 1892 rebus
1445 1852 1561 1903 gestis

231 1931 334 1961 esset
367 1931 613 1968 consecutus,
649 1921 839 1971 cuiusque
874 1933 946 1971 ego
981 1906 1264 1971 dignitatis-ab
1295 1917 1563 1957 adulescentia

232 1989 368 2033 fautor,
404 1986 442 2024 in
482 1995 660 2036 praetura
697 1995 828 2024 autem
869 1994 907 2024 et
942 1985 979 2023 in
1020 1987 1225 2023 consulatu
1260 1984 1415 2022 adiutor
1445 1982 1561 2021 etiam

233 2051 477 2097 exstitissem,
507 2064 677 2100 cumque
710 2050 815 2089 idem
851 2050 1082 2088 auctoritate
1114 2058 1151 2088 et
1187 2048 1380 2088 sententia
1407 2062 1475 2098 per
1508 2061 1560 2094 se,

233 2116 406 2155 consiliis
431 2125 468 2154 ct
489 2116 626 2154 studiis
648 2125 777 2154 tecum
806 2129 867 2154 me
893 2115 1105 2154 adiuvisset
1127 2127 1339 2164 meumque
1360 2113 1562 2151 inimicum
1584 2130 1624 2160 30

235 2195 357 2221 unum
380 2181 418 2219 in
439 2181 594 2220 civitate
612 2181 772 2219 haberet
794 2180 1008 2227 inimicum,
1026 2193 1104 2218 non
1123 2179 1253 2230 putavi
1272 2180 1413 2217 famam
1432 2177 1562 2216 incon-

279 2297 297 2326 5
323 2287 581 2327 perferebantur
605 2286 656 2316 vrl
681 2285 920 2316 deserebantur
949 2284 1046 2315 Ordlr
1161 2294 1198 2313 12
1223 2283 1463 2313 osculabantur
1489 2282 1563 2313 M¹·:

234 2331 489 2362 occultabantur
508 2329 600 2359 MR:
626 2329 838 2360 occultabant
858 2329 886 2359 G
1034 2338 1070 2367 ¹9
1094 2327 1180 2357 sicut
1198 2332 1231 2357 et
1250 2325 1384 2358 GRM1‘:
1411 2327 1458 2357 Sic
1476 2331 1509 2356 et
1527 2324 1568 2356 M

233 2375 378 2406 Cinneis
400 2373 510 2405 codas:
546 2374 712 2404 Cinnanis
730 2373 816 2413 vulg.
1006 2383 1048 2412 29
1073 2380 1215 2410 cumque
1242 2370 1318 2401 M¹·:
1342 2380 1563 2410 quaecunque

233 2418 322 2450 codd.
