1791 2796
66 138 132 178 [X.
153 139 245 176 xvii
566 140 622 177 M.
654 139 822 177 TVLLI
856 139 1163 179 CICERONIS

153 980 177 1007 2

199 251 358 298 nesciat,
398 260 475 297 aut,
513 250 543 290 si
583 251 679 302 quid
713 251 928 302 aliquando
957 250 1050 298 scio,
1082 265 1162 290 non
1195 266 1241 290 ex
1275 251 1351 290 isto
1384 253 1531 292 soleam

198 317 306 356 scire.
368 319 499 356 Immo
529 331 631 364 vero,
664 317 695 356 si
727 331 789 356 me
817 331 937 364 amas,
965 325 1006 356 tu
1041 318 1101 356 fac
1135 325 1178 356 ut
1205 317 1338 365 sciam,
1361 318 1458 369 quid
1481 320 1532 358 de

197 382 313 422 nobis
343 384 517 421 futurum
548 382 621 431 sit:
650 383 823 422 habuisti
853 383 958 422 enim
990 382 1029 421 in
1061 390 1127 421 tua
1155 390 1362 434 potestate,
1385 398 1432 423 ex
1452 397 1533 434 quo

198 450 258 487 vel
280 463 326 487 ex
346 448 479 488 sobrio
500 451 559 488 vel
581 458 686 488 certe
707 464 753 488 ex
774 448 883 488 ebrio
904 448 1002 488 scire
1029 462 1175 500 posseS.
1235 450 1314 489 Sed
1344 463 1418 501 ego
1446 449 1530 496 ista,

198 513 250 552 mi
284 516 413 561 Paete,
448 528 529 553 non
561 528 719 565 quaero,
757 513 926 565 primum
959 513 1052 565 quia
1081 515 1131 554 de
1165 515 1274 553 lucro
1303 528 1425 565 prope
1455 514 1532 553 iarn
1553 529 1570 561 5

198 579 501 628 quadriennium
523 579 701 627 vivimus,
726 578 756 617 si
783 587 851 617 aut
877 580 955 618 hoc
980 580 1132 618 lucrum
1158 587 1216 618 est
1236 587 1303 618 aut
1323 581 1421 619 haec
1441 579 1529 626 vita,

198 645 446 695 superstitem
477 645 530 684 rei
561 659 596 696 p.
624 645 752 684 vivere
767 660 776 693 3
806 644 952 684 deinde
979 646 1088 695 quod
1120 645 1218 684 scire
1249 659 1408 696 quoque
1435 646 1531 684 mihi

197 710 342 758 videor,
375 711 471 762 quid
501 713 674 750 futurum
705 711 763 750 sit.
826 710 911 750 Fiet
937 710 1054 757 enim,
1082 711 1365 761 quodcumque
1385 713 1528 758 volent,
1556 707 1560 709 i

198 776 264 827 qui
299 778 486 816 valebunt
502 792 512 825 ,·
541 778 728 816 valebunt
758 784 889 816 autem
921 790 1076 827 semper
1104 789 1222 814 arma.
1282 775 1383 815 Satis
1417 775 1532 827 igitur

197 842 313 881 nobis
333 856 418 882 esse
439 843 569 890 debet,
592 841 783 893 quicquid
803 841 1043 881 conceditur.
1096 843 1189 881 Hoc
1209 840 1239 880 si
1261 840 1328 892 qui
1348 841 1428 893 pati
1449 855 1530 880 non
1553 857 1592 880 ιο

199 908 337 958 potuit,
361 908 458 946 mori
480 907 628 947 debuit.

251 973 461 1012 Veientem
489 973 650 1024 quidem
677 987 813 1024 agrum
843 981 881 1011 et
913 974 1156 1023 Capenatem
1188 971 1401 1012 metiuntur
1416 987 1425 1021 3
1454 973 1531 1012 hoc

150 1059 154 1065 ·
198 1052 278 1078 non
305 1040 421 1090 longe
447 1040 559 1078 abest
585 1053 607 1078 a
634 1040 888 1086 Tusculano:
932 1038 1029 1076 nihil
1057 1046 1188 1077 tamen
1217 1037 1347 1078 timeo.
1409 1040 1531 1078 Fruor

147 1439 171 1475 3

197 1104 292 1142 dum
323 1104 423 1151 licet,
457 1112 552 1155 opto
582 1112 624 1143 ut
654 1117 808 1155 semper
837 1103 950 1143 liceat
966 1118 975 1151 3
1019 1103 1050 1142 si
1081 1103 1121 1142 id
1152 1103 1281 1142 minus
1311 1103 1528 1155 contigerit,

197 1177 340 1217 tamen,
363 1170 551 1220 quoniam
583 1184 655 1220 ego
682 1169 738 1208 vir
768 1169 876 1209 fortis
906 1169 1093 1220 idemque
1120 1170 1381 1221 philosophus
1401 1170 1530 1210 vivere
1554 1185 1590 1218 15

195 1235 501 1286 pulcherrimum
536 1235 639 1282 duxi,
677 1250 757 1274 non
790 1249 951 1286 possum
982 1249 1072 1274 eum
1104 1249 1186 1274 non
1216 1236 1386 1286 diligere,
1419 1236 1529 1275 cuius

195 1302 389 1340 beneficio
418 1301 459 1341 id
489 1310 726 1341 consecutus
756 1315 854 1340 sum.
917 1301 995 1351 Qui
1027 1301 1057 1340 si
1089 1301 1221 1352 cupiat
1251 1315 1336 1340 esse
1365 1315 1446 1340 rem
1477 1315 1527 1352 p.,

191 1369 347 1417 qualem
369 1369 531 1406 fortasse
553 1376 591 1406 et
612 1367 676 1406 ille
697 1368 778 1406 vult
806 1375 844 1406 et
876 1380 1014 1406 omnes
1044 1375 1178 1418 optare
1206 1366 1414 1415 debemus‚‘
1433 1367 1529 1418 quid

192 1432 305 1471 faciat
326 1442 458 1472 tamen
481 1446 560 1471 non
583 1434 726 1480 habet;
757 1433 810 1471 ita
831 1447 871 1472 se
893 1446 983 1471 cum
1012 1432 1144 1471 multis
1174 1433 1395 1484 conligavit.
1451 1434 1529 1472 Sed

189 1498 342 1549 longius
369 1498 622 1549 progredior:
652 1498 781 1538 scribo
812 1498 917 1538 enim
945 1500 997 1537 ad
1022 1507 1070 1537 te.
1133 1500 1226 1537 Hoc
1254 1507 1386 1538 tamen
1416 1499 1526 1547 scito,
1551 1513 1590 1534 20

187 1577 266 1602 non
303 1565 423 1603 modo
458 1577 521 1603 me
552 1563 618 1614 qui
657 1563 830 1602 consiliis
874 1578 954 1603 non
998 1564 1186 1603 intersum
1219 1566 1289 1603 sed
1319 1578 1369 1603 ne
1399 1564 1527 1615 ipsum

185 1629 346 1679 quidem
386 1629 603 1680 principem
642 1629 739 1668 scire
775 1629 1080 1680 quidfuturum
1115 1629 1188 1677 sit;
1223 1643 1298 1668 nos
1337 1629 1442 1668 enim
1474 1629 1528 1668 illi

185 1694 384 1741 servimus,
426 1694 508 1745 ipse
550 1683 808 1746 temporibus]
888 1697 948 1734 Ita
987 1709 1060 1734 nec
1100 1695 1174 1742 ille,
1215 1695 1311 1746 quid
1351 1703 1528 1746 tempora

186 1762 427 1809 postulatura
447 1759 534 1807 sint,
554 1774 627 1799 nec
651 1774 734 1807 nos,
762 1761 857 1811 quid
881 1761 944 1800 ille
965 1760 1120 1811 cogitet,
1143 1760 1240 1799 scire
1262 1773 1482 1811 possumus.

241 1826 353 1864 Hace
387 1825 457 1864 tibi
491 1835 608 1865 antea
646 1840 725 1865 non
768 1826 956 1877 rescripsi,
993 1840 1073 1865 non
1113 1839 1193 1876 quo
1231 1834 1403 1865 cessator
1440 1839 1524 1865 esse
1547 1839 1583 1871 25

185 1892 360 1936 solerem,
402 1891 629 1941 praesertim
685 1892 723 1930 in
775 1891 921 1938 litteris,
963 1893 1176 1938 sed‚.cum·
1201 1890 1388 1941 explorati
1428 1890 1523 1929 nihi}

184 1955 380 2002 haberem,
412 1971 483 1995 nec
523 1957 594 1995 tibi
632 1957 937 1996 sollicitudinem
974 1971 1019 1996 ex
1052 1956 1299 1996 dubitatione
1331 1969 1419 1995 mea
1452 1970 1525 1995 nec

184 2033 292 2070 spem
315 2035 360 2059 ex
387 2022 662 2062 adfirmatione
687 2023 838 2061 adferre
854 2021 970 2061 volui.
1024 2023 1128 2061 Illud
1143 2030 1273 2060 tamen
1289 2020 1521 2066 adscribam,

183 2086 292 2135 quod
331 2095 389 2125 est
436 2087 692 2134 verissimum,
736 2102 798 2127 mc
838 2087 898 2126 his
938 2087 1182 2138 temporibus
1210 2088 1341 2126 adhuc
1370 2087 1421 2125 de
1450 2085 1525 2124 isto

184 2150 358 2201 periculo
386 2151 480 2189 nihil
503 2152 671 2191 audisse.
732 2154 794 2190 Tu
818 2161 948 2191 tamen
969 2166 1040 2203 pro
1062 2160 1127 2191 tua
1148 2151 1338 2203 sapientia
1358 2150 1523 2194 debebis
1544 2163 1584 2193 30

185 2225 320 2267 optare
373 2217 533 2267 optima,
595 2217 764 2267 cogitare
813 2217 1052 2264 difficillima,
1103 2219 1200 2256 serre
1248 2230 1522 2268 quaecumque

188 2291 310 2321 erunt.

258 2397 273 2426 7
299 2388 384 2418 scire
402 2398 466 2426 ego
484 2399 618 2427 quoquc
642 2386 827 2428 chscnlmg
970 2398 1010 2426 25
1035 2387 1219 2427 perscripsi
1238 2388 1315 2417 coni.
1338 2386 1456 2417 Aluller
