1791 2796
544 133 654 170 EPP.
687 133 764 169 AD
799 132 1143 168 FAMILIARES
1459 131 1576 167 VIII.
1598 128 1644 166 iv

181 244 272 284 inde
301 243 557 294 interrogatus
587 244 637 282 de
667 242 916 282 successione
948 244 991 282 C.
1017 241 1194 281 Caesaris
1211 256 1219 289 ς
1249 242 1298 280 de
1323 255 1409 292 qua,
1434 241 1510 279 hoc

179 318 238 349 est
263 311 313 349 de
344 309 563 360 provinciiS,
588 308 774 359 placitum
804 315 862 346 est
887 315 929 346 ut
957 321 1076 358 quam
1099 306 1268 357 primum
1297 307 1348 345 ad
1372 306 1510 345 urbem

180 383 432 414 reverteretur
453 376 524 413 Cn.
551 373 772 423 Pompeius,
797 381 839 412 ut
860 387 992 411 coram
1015 387 1062 412 eo
1084 373 1135 411 de
1157 373 1406 412 successione
1427 385 1512 424 pro-

180 439 392 478 vinciarum
406 446 582 489 ageretur
599 453 608 486 3
639 452 729 477 nam
751 438 975 476 Ariminum
993 439 1043 477 ad
1062 438 1275 477 exercitum
1298 437 1511 489 Pompeius

141 520 157 550 5
179 512 259 543 erat
280 504 401 543 iturus
422 512 459 543 et
480 503 610 542 statim
637 503 688 542 iit.
751 506 852 542 Puto
876 503 1015 543 Idibus
1042 507 1142 543 Sext.
1167 505 1216 543 de
1242 518 1288 543 ea
1314 518 1353 543 re
1378 511 1509 542 actum

179 569 232 608 iri.
305 571 485 608 Profecto
515 577 581 607 aut
612 568 843 620 transigetur
873 569 1023 620 aliquid
1063 577 1130 607 aut
1160 569 1321 620 turpiter
1351 569 1512 608 interce-

177 636 291 674 detur
306 650 314 683 ,-
340 649 429 673 nam
447 634 485 673 in
502 634 742 685 disputando
759 634 900 674 coiecit
916 634 1020 673 illam
1038 649 1175 674 vocem
1194 636 1265 675 Cn.
1284 634 1507 685 Pompeius,

178 700 306 739 omnis
336 708 515 751 oportere
545 700 697 739 senatui
729 699 836 739 dicto
866 699 1062 739 audientis
1092 714 1186 740 esse.
1262 702 1346 751 Ego
1377 708 1508 740 tamen

178 765 233 804 sic
263 765 359 804 nihil
383 774 567 817 exspecto
594 779 674 816 quo
702 767 823 805 modo
851 767 1029 813 Paulum,
1054 779 1131 805 cos.
1155 765 1414 816 designatum,
1438 765 1510 817 pri-

120 844 158 867 ιο
178 845 285 870 mum
307 831 541 871 sententiam
566 830 775 870 dicentem.

231 896 392 948 Saepius
414 905 451 936 te
471 898 670 936 admoneo
690 898 740 936 de
761 897 982 948 syngrapha
1002 896 1167 936 Sittiana
1188 896 1322 947 (cupio
1344 896 1447 936 enim
1471 904 1507 935 te
1526 904 1551 944 5

177 962 399 1013 intellegere
426 976 513 1001 eam
538 977 618 1001 rem
646 963 696 1001 ad
722 976 784 1002 me
804 963 919 1002 valde
946 962 1156 1012 pertinere)
1177 977 1185 1009 ς
1214 962 1307 1001 item
1338 963 1387 1001 de
1418 976 1509 1013 pan-

178 1029 305 1075 theris,
344 1036 385 1067 ut
425 1028 632 1069 Ciburatas
671 1042 847 1068 accersas
886 1042 1078 1079 curesque
1119 1036 1161 1066 ut
1202 1028 1253 1066 mi
1290 1029 1509 1075 vehantur5

177 1102 375 1144 praeterea
402 1093 620 1145 (nuntiatur
651 1095 749 1132 enim
778 1093 892 1133 nobis
923 1101 962 1132 et
993 1106 1064 1143 pro
1096 1101 1202 1132 certo
1236 1093 1311 1131 iam
1344 1093 1509 1132 babetur

121 1170 155 1203 15
177 1172 305 1209 regem
341 1158 651 1198 Alexandrinum
687 1159 914 1207 mortuum),
949 1158 1045 1208 quid
1085 1158 1180 1196 mihi
1215 1159 1391 1206 suadeas,
1428 1172 1508 1209 quo

178 1225 298 1263 modo
337 1238 499 1274 regnum
538 1223 635 1262 illud
674 1238 716 1262 se
754 1224 908 1271 habeat,
949 1223 1037 1274 quis
1076 1231 1267 1274 procuret,
1303 1223 1508 1274 diligenter

178 1288 273 1327 mihi
302 1289 530 1340 perscribas.
592 1290 641 1327 K.
665 1290 766 1327 Sext.

219 1452 259 1487 V
486 1456 555 1487 διν.
577 1455 704 1487 Romae
720 1459 793 1488 (mle
809 1454 858 1487 Id.
879 1455 968 1488 Sext.
990 1467 1019 1488 a.
1044 1466 1097 1498 705
1116 1457 1192 1498 (51).

582 1533 778 1564 CAELIVS
804 1534 1032 1565 CICERONI
1060 1536 1093 1565 5.

119 1623 158 1644 20
230 1614 320 1660 Qua
351 1619 391 1650 tu
421 1625 513 1651 cura
542 1611 603 1659 sis,
633 1613 742 1662 quod
771 1613 821 1651 ad
852 1625 989 1663 pacem
1021 1611 1244 1664 provinciae
1276 1620 1364 1652 tuae
1395 1613 1507 1652 finiti-
1528 1624 1545 1653 1

176 1688 407 1727 marumque
428 1676 631 1727 regionum
659 1676 808 1723 attinet,
833 1677 990 1725 nescio3
1022 1691 1094 1727 ego
1116 1676 1277 1728 quidem
1301 1679 1508 1718 vehemen-

177 1749 232 1780 ter
270 1741 391 1780 animi
430 1743 599 1792 pendeo.
678 1744 781 1780 Nam
821 1741 852 1780 si
892 1743 968 1781 hoc
1017 1743 1139 1781 modo
1186 1757 1266 1782 rem
1315 1745 1508 1784 moderari

174 1820 390 1857 possemus,
417 1820 469 1845 ·ut
503 1821 573 1857 pro
604 1807 750 1846 viribus
789 1807 989 1857 copiarum
1032 1815 1184 1846 tuarum
1222 1808 1313 1846 belli
1348 1824 1507 1861 quoque

175 1871 373 1911 exsisteret
395 1872 625 1922 magnitudo
653 1880 690 1911 et
718 1881 908 1922 quantum
930 1873 1074 1924 gloriae
1099 1873 1377 1925 triumphoque
1408 1890 1507 1927 opus

117 1948 155 1981 ²5
175 1946 277 1977 esset
314 1939 632 1989 adse-queremur,
663 1939 921 1989 periculosam
958 1948 995 1979 et
1024 1955 1180 1991 gravem
1214 1941 1317 1980 illam
1349 1941 1508 1982 dimica-

176 2003 323 2043 tionem
369 2004 613 2052 evitaremus,
649 2005 745 2044 nihil
787 2015 864 2045 tam
906 2015 1008 2046 esset
1049 2009 1293 2058 optandum3
1335 2022 1440 2047 nunc
1475 2007 1506 2046 si

176 2071 340 2109 Parthus
372 2078 503 2110 movet
536 2071 696 2122 aliquid,
733 2071 814 2111 scio
846 2086 925 2112 non
959 2072 1198 2112 mediocrem
1236 2075 1316 2113 sore
1347 2081 1507 2113 conten-

221 2183 233 2204 1
261 2174 322 2205 hoe
351 2179 402 2205 est
428 2175 470 2205 dc
496 2174 679 2214 provinciis
706 2173 764 2206 del.
793 2174 924 2206 Ernesti
1147 2186 1184 2215 13
1211 2176 1388 2216 Cibyratas
1416 2177 1503 2218 vulg.

175 2222 342 2248 vcnentur
361 2217 519 2249 Graevius
554 2247 557 2249 ,
656 2229 692 2257 14
719 2219 892 2251 nuntiatur
913 2219 1003 2251 enim
1024 2219 1167 2250 Miellcr:
1206 2221 1393 2251 nuntiatum
1414 2220 1503 2251 codd.

174 2261 262 2302 vulg.
288 2263 357 2292 sine
374 2263 577 2302 parmlltcst:
611 2262 667 2293 scd
688 2266 761 2293 tum
789 2273 906 2295 neccsse
926 2264 984 2293 crit
1009 2263 1127 2294 addcre
1153 2274 1232 2294 cura
1255 2269 1328 2304 post
1352 2269 1507 2303 procuret

175 2315 215 2335 22
239 2306 338 2336 modo
356 2316 425 2337 rem
445 2305 587 2346 Bcngcl:
614 2316 706 2337 more
723 2306 812 2338 codd.
834 2319 840 2337 :
865 2317 957 2337 more
976 2317 1045 2337 rem
1063 2307 1181 2338 Becher
1295 2318 1335 2346 24
1359 2308 1504 2347 gloriae]

174 2347 289 2380 loreae
310 2349 537 2380 Mendclssolm
558 2350 627 2380 coll.
648 2349 679 2381 ii.
704 2360 752 2381 10.
775 2362 817 2388 23
842 2360 894 2382 xv.
914 2351 944 2381 6.
969 2361 981 2380 1
1093 2361 1134 2390 25
1159 2351 1452 2391 periculosamque
1473 2356 1507 2382 et

173 2389 258 2423 Boot
388 2395 430 2423 26
454 2397 520 2424 tam
540 2393 600 2425 M:
625 2399 737 2425 tamen
758 2394 840 2425 GR:
867 2394 931 2425 iam
949 2393 1083 2426 Slarkcr
