1791 2796
145 125 174 161 1.
199 123 261 159 vii
582 122 636 158 M.
670 122 837 159 TVLLI
870 121 1178 161 CICERONIS

211 232 398 284 temporis
426 245 532 271 nunc
559 240 596 270 et
618 232 739 271 nostri
767 234 970 283 quondam
998 232 1116 272 fuisse
1143 231 1345 280 rationem,
1369 240 1420 280 ut,
1444 247 1545 284 quos

210 305 252 337 tu
273 297 326 336 rei
343 296 525 348 publicae
545 310 663 336 causa
679 299 855 345 laeserim,
872 299 1001 348 palam
1019 306 1056 336 te
1076 305 1360 349 oppugnarent,
1376 311 1543 349 quorum

208 362 494 410 auctoritatem,
535 363 766 414 dignitatern
809 365 1134 414 voluntatemque
1177 365 1421 411 defenderas,
1463 377 1543 402 non

209 435 288 466 tarn
311 441 505 468 memores
526 436 656 467 essent
673 428 823 466 virtutis
845 436 934 467 tuae
953 442 1072 479 quarn
1093 428 1220 468 laudis
1242 428 1400 467 inimici.
1451 430 1544 479 Quo

208 492 370 543 quidem
393 501 581 543 tempore,
605 500 647 531 ut
668 493 873 543 perscripsi
896 494 947 532 ad
969 501 1006 532 te
1035 502 1160 541 antea,
1184 493 1351 544 cognovi
1374 495 1544 532 Horten·
1563 506 1580 537 5

208 557 308 596 sium
331 557 591 608 percupidum
613 558 680 605 tui,
699 558 920 597 studiosum
943 560 1164 606 Lucullum,
1188 573 1234 598 ex
1255 559 1543 609 magistratibus

207 631 339 661 autem
364 625 405 661 L.
433 623 629 662 Racilium
656 631 694 662 et
720 625 798 662 fide
825 632 863 662 et
890 623 1025 663 animo
1052 624 1263 675 singulari3
1292 638 1383 663 nam
1411 632 1544 663 nostra

206 688 470 739 propugnatio
497 703 543 728 ac
570 689 750 728 defensio
779 689 979 740 dignitatis
1009 698 1098 728 tuae
1125 698 1284 741 propter
1309 689 1544 740 magnitudi-

205 768 297 793 nem
327 754 494 793 benefici
523 754 579 793 tui
608 756 770 794 fortasse
798 755 995 805 plerisque
1027 755 1129 794 offici
1163 755 1350 794 maiorem
1379 755 1543 794 auctori-

163 828 186 865 3
206 827 326 858 tatem
352 820 497 859 habere
518 819 696 859 videatur
717 834 834 870 quam
861 820 1090 860 sententiae.
1152 823 1357 859 Praeterea
1379 820 1539 870 quidem
1565 834 1602 855 10

205 885 256 923 de
281 884 553 923 consularibus
584 885 733 924 nemini
759 899 919 936 possum
945 895 1011 924 aut
1043 885 1147 924 studi
1172 899 1260 935 erga
1286 893 1323 924 te
1346 894 1413 923 aut
1438 885 1539 923 offici

204 957 271 988 aut
295 949 411 988 amici
439 949 560 988 animi
586 964 670 989 esse
692 950 826 999 testis3
855 950 999 989 etenim
1024 950 1271 1000 Pompeium,
1295 950 1360 1000 qui
1383 963 1540 988 mecum

161 1061 166 1067 ⁸
205 1015 433 1065 saepissime
451 1029 530 1055 non
548 1017 675 1055 solum
693 1031 716 1054 a
735 1030 797 1055 me
818 1024 1065 1067 provocatuS‚
1083 1017 1151 1055 sed
1169 1016 1286 1055 etiam
1309 1029 1378 1054 sua
1399 1023 1540 1065 sponte

205 1081 255 1119 de
277 1089 314 1119 te
335 1081 630 1120 communicare
652 1083 762 1129 solet,
786 1081 862 1120 scis
890 1081 1134 1132 temporibus
1160 1081 1234 1120 illis
1256 1094 1335 1120 non
1361 1094 1478 1131 saepe
1500 1079 1538 1118 in

204 1154 342 1184 senatu
357 1146 496 1193 fuisse;
526 1146 587 1185 cui
603 1146 764 1197 quidem
780 1146 930 1186 litterae
944 1155 1045 1194 tuae,
1062 1160 1159 1197 quas
1173 1146 1349 1197 proxime
1364 1145 1536 1193 miseras,
1562 1158 1595 1190 ¹5

204 1213 312 1261 quod
335 1211 447 1250 facile
470 1211 738 1259 intellexerim,
756 1211 1023 1262 periucundae
1040 1213 1207 1250 fuerunt.
1257 1211 1357 1250 Mihi
1375 1210 1538 1262 quidem

203 1276 428 1315 humanitas
464 1285 530 1315 tua
563 1278 623 1332 vel
659 1290 814 1315 summa
853 1276 984 1327 potius
1023 1276 1215 1327 sapientia
1250 1290 1330 1315 non
1366 1275 1540 1314 iucunda

202 1343 342 1388 solum,
375 1342 444 1380 sed
475 1341 593 1380 etiam
623 1341 864 1381 admirabilis
895 1341 975 1380 visa
1006 1350 1064 1380 est
1082 1356 1092 1389 3
1125 1341 1250 1380 virum
1281 1341 1386 1380 enim
1411 1342 1539 1392 *excel-

202 1407 348 1444 lentem
371 1413 408 1444 et
430 1405 500 1445 tibi
528 1415 593 1444 tua
621 1406 831 1457 praestanti
861 1406 900 1444 in
929 1420 1019 1445 eum
1050 1406 1282 1445 liberalitate
1308 1405 1537 1445 devinctum

203 1484 282 1509 non
315 1470 410 1509 nihil
441 1471 706 1521 suspicantem
738 1479 896 1522 propter
925 1471 1146 1522 aliquorum
1179 1470 1408 1522 opinionem
1444 1484 1537 1510 suae
1558 1486 1598 1507 20

202 1535 426 1585 cupiditatis
448 1544 485 1574 te
505 1536 556 1574 ab
577 1550 618 1575 se
643 1536 909 1575 abalienatum
937 1537 1002 1575 illa
1030 1536 1196 1587 epistula
1223 1535 1440 1584 retinuisti3
1469 1535 1537 1586 qui

202 1599 297 1637 mihi
328 1613 418 1638 curn
454 1614 608 1650 semper
643 1609 732 1639 tuae
766 1601 873 1640 laudi
899 1602 1036 1652 ‘favere
1066 1601 1170 1640 visus
1201 1609 1268 1648 est,
1301 1601 1419 1640 etiarn
1450 1600 1536 1651 ipso

201 1664 530 1715 suspiciosissimo
572 1674 748 1715 tempore
784 1665 1018 1713 Caniniano,
1056 1675 1139 1705 tum
1179 1680 1271 1705 vero
1310 1661 1420 1705 lectis
1460 1665 1535 1704 tuis

201 1729 335 1768 litteris
368 1738 595 1781 perspectus
628 1739 685 1769 est
716 1745 739 1769 a
771 1744 834 1769 me
870 1739 952 1770 toto
987 1731 1121 1771 animo
1151 1733 1201 1771 de
1231 1739 1269 1770 te
1297 1745 1344 1770 ac
1375 1732 1426 1770 de
1458 1730 1533 1769 tuis

154 1800 179 1837 4
200 1795 440 1834 ornamentis
462 1804 499 1834 et
520 1795 743 1835 commodis
760 1796 941 1847 cogitare.
994 1798 1084 1846 Qua
1100 1811 1140 1836 re
1156 1810 1211 1844 ea,
1232 1810 1332 1847 quae
1349 1796 1528 1843 scribam,
1553 1812 1590 1842 ²5

200 1859 255 1898 sic
283 1861 439 1906 habeto,
463 1875 525 1899 ine
550 1875 639 1899 cum
669 1861 734 1900 illo
762 1876 802 1900 re
829 1875 946 1912 saepe
974 1854 1267 1901 communicata
1287 1863 1338 1901 de
1358 1860 1460 1900 illius
1481 1861 1531 1900 ad

201 1931 237 1962 te
270 1925 463 1963 sententia
495 1934 613 1975 atque
647 1926 880 1965 auctoritate
915 1926 1106 1966 scribere:
1149 1916 1337 1977 quoniam
1372 1933 1532 1965 senatus

199 1991 422 2027 consultum
457 1991 608 2028 nullum
645 1999 778 2038 exstat,
815 2005 895 2041 quo
930 1992 1107 2030 reductio
1142 1991 1240 2042 regis
1275 1989 1531 2030 Alexandrini

200 2053 267 2090 tibi
299 2054 484 2104 adempta
515 2054 574 2101 sit,
603 2068 738 2105 eaque,
762 2070 863 2106 quae
892 2057 942 2094 de
973 2070 1018 2094 ea
1047 2056 1191 2107 scripta
1219 2064 1277 2094 est
1305 2055 1527 2102 auctoritas,

198 2117 259 2155 cui
296 2118 370 2156 scis
406 2118 660 2157 intercessum
701 2134 795 2166 esse,
829 2128 870 2158 ut
906 2134 954 2158 ne
989 2120 1075 2170 quis
1110 2120 1274 2159 omnino
1309 2134 1439 2170 regem
1474 2134 1528 2159 re-
1548 2133 1590 2165 30

199 2183 370 2230 duceret,
405 2192 551 2222 tantam
586 2184 662 2222 vim
699 2186 829 2231 habet,
862 2193 903 2223 ut
939 2185 1060 2236 magis
1096 2185 1280 2224 iratorum
1320 2185 1527 2224 hominum

247 2295 283 2323 ¹3
308 2297 326 2316 a
352 2297 402 2316 me
422 2291 490 2316 vell.
509 2298 514 2315 z
542 2297 591 2316 une
612 2286 666 2317 M:
692 2299 756 2318 nm.
781 2288 842 2318 (ile
936 2290 974 2319 16
999 2289 1134 2319 suerunt
1153 2292 1242 2321 reth:
1269 2289 1392 2319 suerint
1418 2289 1465 2319 ‘-it
1485 2289 1527 2317 Gr

199 2329 285 2359 codd.
421 2340 456 2360 21
490 2336 520 2359 te
540 2335 607 2360 vell.
625 2343 630 2360 :
659 2337 734 2361 tuae
754 2331 812 2361 All:
840 2337 873 2362 ct
890 2337 966 2363 tuae
987 2333 1032 2363 G:
1062 2344 1125 2363 om.
1149 2333 1180 2362 R
1313 2334 1354 2362 26
1378 2333 1425 2363 sic
1446 2332 1527 2362 GR:

199 2372 225 2402 si
253 2372 292 2403 M
423 2383 464 2413 29
489 2384 527 2404 ca
554 2384 588 2404 re
614 2374 842 2405 ,llcndclssolm
1043 2377 1169 2416 scripta
1194 2375 1306 2407 codd.:
1341 2377 1529 2416 perscripta

203 2415 392 2456 chscnbctg
