1791 2796
633 587 804 624 LIBER
834 586 1097 634 QVARTVS

224 706 325 754 AD
370 708 520 755 SER.
566 707 957 756 SVLPICIVM
1011 709 1105 755 ET
1159 708 1500 756 CETEROS

243 880 265 914 I
410 882 479 913 Ser.
499 883 531 913 in
552 882 677 913 Laterio
695 886 753 912 (ml
769 882 801 911 A
808 892 903 912 ramo
922 882 960 921 Q.
985 882 1140 914 Ciceronis
1157 882 1224 914 circ.
1245 882 1331 914 Non.

702 937 786 978 Apr.
807 947 836 968 a.
861 947 915 976 705
934 937 1021 978 (493.

482 1014 526 1045 M.
554 1014 728 1045 CICERO
754 1014 789 1045 S.
817 1014 856 1046 D.
885 1014 986 1045 SER.
1013 1015 1239 1047 SVLPICIO.

252 1094 296 1133 C.
327 1094 578 1140 TREBATIVS,
605 1092 802 1131 familiaris
837 1106 958 1140 meus,
989 1094 1039 1132 ad
1070 1108 1132 1132 me
1163 1095 1315 1145 scripsit
1346 1103 1382 1134 te
1413 1111 1458 1135 ex
1487 1111 1528 1136 se
1549 1107 1567 1134 1

161 1175 179 1207 5
198 1157 410 1208 quaesisse,
432 1157 574 1208 quibus
603 1157 641 1195 in
666 1157 761 1196 locis
789 1172 930 1206 essem,
952 1160 1197 1209 molesteque
1225 1168 1262 1199 te
1290 1163 1396 1208 ferre,
1420 1164 1529 1212 quod

199 1237 261 1261 me
286 1230 443 1273 propter
467 1223 733 1262 valetudinem
762 1232 879 1270 tuam,
904 1237 994 1262 cum
1019 1226 1069 1263 ad
1098 1225 1235 1264 urbem
1263 1227 1529 1275 accessissem,

198 1301 277 1326 non
307 1288 484 1335 vidisses,
515 1296 552 1326 et
587 1289 663 1326 hoc
698 1296 874 1338 tempore
904 1290 1003 1327 velle
1033 1296 1070 1327 te
1104 1303 1273 1337 mecum,
1304 1291 1335 1328 si
1369 1292 1528 1341 propius

197 1352 463 1397 accessissem,
503 1353 552 1391 de
592 1352 720 1391 officio
761 1353 962 1403 utriusque
1005 1361 1182 1392 nostrum
1222 1356 1524 1395 communicare.

198 1417 377 1464 Utinam,
408 1417 527 1465 Servi,
558 1417 671 1455 salvis
702 1418 817 1456 rebus
850 1418 921 1467 (sic
951 1418 1055 1456 enim
1088 1427 1144 1457 est
1175 1419 1407 1471 dicendum)
1439 1436 1529 1459 con-

142 1501 179 1522 10
198 1483 305 1533 loqui
327 1482 589 1532 potuissemus
612 1483 710 1521 inter
731 1497 802 1522 nos
820 1486 826 1521 ἕ
857 1485 1033 1532 profecto
1054 1483 1203 1533 aliquid
1224 1484 1309 1534 opis
1331 1486 1528 1525 occidenti

197 1548 250 1586 rei
284 1548 465 1598 publicae
501 1547 733 1586 tulissemus.
805 1549 1029 1598 Cognoram
1065 1548 1169 1587 enim
1203 1549 1279 1587 iam
1314 1551 1456 1589 absens
1491 1559 1528 1589 te

196 1614 293 1651 haec
315 1615 416 1650 mala
446 1614 570 1651 multo
597 1620 688 1651 ante
715 1612 987 1662 providentem
1016 1614 1264 1652 defensorem
1293 1615 1399 1664 pacis
1426 1623 1463 1653 et
1489 1615 1527 1653 in

196 1679 402 1716 consulatu
433 1686 501 1717 tuo
531 1686 569 1717 et
598 1686 686 1728 post
716 1679 964 1716 consulatum
995 1678 1138 1725 fuisse3
1168 1692 1241 1728 ego
1270 1687 1412 1727 autem,
1437 1695 1526 1718 cum

198 1743 405 1782 consilium
427 1752 537 1782 tuum
562 1744 768 1794 probarem
795 1752 831 1782 et
856 1743 961 1782 idem
990 1743 1072 1794 ipse
1100 1744 1298 1791 sentirem,
1320 1745 1415 1782 nihil
1443 1759 1527 1795 pro-

141 1824 154 1847 ι
162 1827 178 1858 5
199 1808 378 1847 ficiebam
396 1823 404 1856 ,·
426 1822 519 1848 ¹sero
541 1809 645 1847 enim
667 1822 861 1855 veneram,
878 1809 983 1846 solus
1005 1822 1124 1856 eram,
1139 1808 1245 1847 rudis
1266 1822 1350 1847 esse
1366 1809 1527 1847 videbar

197 1872 236 1911 in
266 1887 396 1921 causa,
423 1874 636 1912 incideram
666 1874 705 1912 in
736 1874 941 1913 hominum
975 1873 1176 1924 pugnandi
1209 1874 1441 1923 'cupidorum
1473 1875 1527 1912 in-

196 1938 333 1976 sanias.
395 1940 525 1985 Nunc,
547 1939 733 1989 quoniam
766 1939 861 1977 nihil
892 1939 968 1977 iam
996 1938 1176 1977 videmur
1202 1939 1382 1988 opitulari
1410 1953 1525 1989 posse

197 2003 250 2042 rei
280 2003 470 2053 publicae,
498 2004 529 2042 si
559 2004 654 2054 quid
685 2013 752 2051 est,
783 2004 821 2042 in
855 2018 934 2054 quo
966 2004 1164 2043 nobismet
1196 2004 1289 2054 ipsis
1321 2007 1525 2044 consulere

196 2068 404 2117 possimus,
421 2082 500 2107 non
518 2077 559 2107 ut
579 2069 728 2119 aliquid
749 2084 795 2108 ex
816 2069 979 2119 pristino
997 2077 1099 2108 statu
1120 2077 1254 2107 nostro
1275 2069 1525 2117 retineamus,

139 2149 180 2172 20
197 2135 266 2172 sed
298 2142 339 2172 ut
371 2148 489 2184 quam
529 2134 804 2173 honestissime
842 2136 1058 2185 lugeamus,
1088 2148 1208 2172 nemo
1243 2142 1300 2172 est
1332 2134 1524 2182 omnium,

195 2198 355 2248 quicum
376 2199 506 2249 potius
534 2199 628 2254 mihi
650 2213 767 2250 quarn
799 2208 929 2238 tecum
957 2200 1335 2239 communicandum
1364 2208 1524 2249 putem,-

194 2276 267 2301 nec
297 2262 401 2301 enim
432 2263 733 2302 clarissimorum
763 2264 946 2313 virorum,
968 2278 1136 2314 quorum
1169 2264 1315 2302 similes
1345 2277 1430 2302 esse
1459 2265 1524 2302 de-

193 2327 342 2375 bemus,
362 2330 540 2379 exempla
561 2343 689 2379 neque
710 2329 1043 2377 doctissimorum,
1058 2344 1157 2380 quos
1180 2343 1334 2379 semper
1355 2328 1524 2376 coluisti,

454 2426 670 2472 17⁷vide1nur·
689 2434 774 2466 Crat.
793 2446 798 2464 z
824 2434 946 2465 -bimur
962 2433 1052 2465 MG:
1081 2435 1213 2465 —bamur
1230 2433 1263 2464 R
