1791 2796
609 169 720 206 EPP.
754 169 831 205 AD
864 167 1211 205 FAMILIARES
1525 164 1618 201 XII.
1636 163 1666 199 ii

241 288 398 332 paratus
428 287 596 328 venerat,
628 293 718 318 cuni
750 279 789 317 in
819 279 908 317 villa
940 279 1090 317 Metelli
1122 277 1334 329 compluris
1355 277 1438 316 dies
1469 289 1574 315 com-

242 354 437 384 mentatus
459 354 570 384 esset.
632 346 746 394 Quae
766 352 897 383 autem
920 344 958 381 in
990 344 1117 381 lustris
1138 352 1175 381 et
1203 343 1241 380 in
1256 343 1354 380 *vino
1375 355 1573 380 commen-

241 411 337 449 tatio
358 411 484 461 potuit
506 424 590 449 esse
608 412 623 449 ?
672 412 812 460 Itaque
842 409 1028 447 omnibus
1050 417 1107 447 est
1128 408 1246 455 visus,
1267 416 1307 446 ut
1328 408 1378 446 ad
1400 415 1437 445 te
1458 414 1573 445 antea

242 476 387 527 scripsi,
411 489 568 514 vomere
590 488 660 513 suo
682 488 800 521 more,
825 488 903 512 non
926 474 1067 512 dicere.

201 553 219 586 5
297 544 387 590 Qua
403 555 453 588 re,
476 542 585 591 quod
606 540 742 580 scribis
757 548 795 578 te
816 540 1016 578 confidere
1037 538 1268 577 auctoritate
1289 545 1326 576 et
1347 536 1574 587 eloquentia
1591 548 1616 575 2

241 616 373 645 nostra
393 607 541 657 aliquid
563 605 698 656 profici
728 619 853 656 posse,
877 619 957 644 non
980 605 1075 643 nihil
1103 613 1143 643 ut
1169 604 1208 642 in
1238 604 1356 642 tantis
1384 603 1495 642 rnalis
1517 610 1575 642 est

242 673 472 723 profectum.
533 670 729 721 Intellegit
750 670 855 709 enim
877 672 1046 721 populus
1069 672 1115 707 R.
1148 669 1214 708 tris
1241 682 1326 708 esse
1347 668 1572 714 consularis,

243 738 321 787 qui,
345 737 436 787 quia
457 737 507 775 de
529 750 568 774 re
590 750 625 786 p.
649 737 751 774 bene
781 735 983 782 senserint,
1007 735 1127 773 libere
1154 734 1274 773 locuti
1305 734 1392 780 sint,
1420 741 1505 771 tuto
1536 733 1575 770 in

244 810 421 840 senatum
445 801 576 840 venire
602 815 682 840 non
713 800 875 851 possint.
936 801 1021 838 Nec
1042 808 1099 838 est
1121 807 1319 850 praeterea
1340 800 1448 849 quod
1472 797 1577 848 quic-

185 879 224 902 10
244 881 363 917 quam
399 875 610 917 exspectes.
670 868 781 904 Tuus
816 865 921 904 enim
957 865 1197 904 necessarius
1232 864 1435 903 adfinitate
1474 877 1576 901 nova

243 935 470 980 delectatur,
487 933 619 982 itaque
640 932 715 970 iam
739 945 819 970 non
840 939 897 969 est
919 931 1118 969 studiosus
1139 931 1321 968 ludorum
1343 928 1578 978 infinitoque

245 998 368 1036 fratris
398 998 453 1036 tui
485 999 622 1047 plausu
652 996 913 1046 diruinpitur3
942 998 1037 1034 alter
1065 996 1157 1034 item
1178 995 1319 1033 adfinis
1341 994 1453 1032 novis
1475 1007 1579 1032 com-

246 1063 444 1101 mentariis
485 1062 663 1102 Caesaris
702 1061 898 1100 delenitus
938 1070 1006 1099 est.
1085 1061 1163 1099 Sed
1209 1062 1306 1098 haec
1348 1059 1575 1105 tolerabilia,

246 1128 342 1166 illud
365 1142 445 1166 non
468 1129 684 1173 ferendum,
709 1128 817 1177 quod
845 1135 902 1165 est
933 1127 999 1176 qui
1021 1134 1149 1164 vestro
1175 1139 1281 1163 anno
1310 1125 1431 1162 filiurn
1462 1138 1576 1162 suum

188 1204 223 1237 15
246 1195 449 1231 consulem
471 1194 642 1230 futurum
671 1200 780 1242 putet
808 1193 860 1230 ob
887 1205 1054 1241 eamque
1084 1204 1242 1229 causam
1264 1204 1304 1228 se
1326 1190 1416 1227 huic
1437 1189 1576 1227 latroni

246 1258 440 1297 deservire
479 1271 570 1307 prae
609 1271 649 1295 se
684 1259 790 1295 ferat.
862 1259 965 1295 Nam
1002 1259 1043 1294 L.
1083 1257 1200 1295 Cotta
1234 1255 1430 1293 familiaris
1466 1268 1576 1292 meus
1595 1265 1619 1302 3

247 1324 351 1361 fatali
373 1324 544 1373 quadam
567 1322 852 1372 desperatione,
880 1330 920 1360 ut
948 1321 1011 1367 ait,
1037 1321 1164 1359 minus
1186 1321 1225 1358 in
1247 1328 1425 1358 senatum
1447 1320 1552 1358 venit
1570 1335 1577 1366 ;

249 1391 290 1427 L.
311 1390 466 1435 Caesar,
483 1387 656 1438 optimus
677 1396 715 1426 et
736 1388 969 1426 fortissimus
983 1387 1088 1433 civis,
1105 1386 1328 1425 valetudine
1342 1385 1580 1435 ixnpeditur3

249 1455 326 1492 Ser.
351 1453 546 1504 Sulpicius
568 1461 605 1492 et
626 1467 780 1491 sumnia
801 1453 1032 1491 auctoritate
1060 1460 1097 1491 et
1128 1451 1276 1502 optime
1301 1450 1473 1489 sentiens
1499 1463 1579 1488 non

189 1530 230 1554 20
248 1520 383 1565 adest:
431 1518 601 1568 reliquos
640 1518 812 1569 exceptis
851 1517 1064 1567 designatis
1104 1517 1263 1567 ignosce
1295 1515 1390 1554 mihi
1430 1515 1460 1553 si
1500 1528 1579 1552 non

250 1598 413 1622 numero
441 1583 664 1622 consularis.
728 1584 865 1622 Habes
897 1590 1076 1621 auctores
1110 1582 1248 1621 consili
1283 1580 1442 1632 publici.
1502 1580 1582 1629 Qui

250 1663 436 1688 numerus
475 1648 592 1687 etiam
632 1648 747 1687 bonis
787 1649 903 1687 rebus
943 1647 1104 1698 exiguus
1149 1654 1261 1694 esset,
1303 1646 1399 1696 quid
1444 1659 1582 1684 censes

251 1714 411 1764 perditis
425 1716 441 1752 ?

307 1780 396 1828 Qua
417 1793 456 1817 re
477 1792 565 1829 spes
586 1787 644 1818 est
665 1779 794 1817 omnis
819 1778 858 1816 in
880 1778 992 1816 vobis
1010 1793 1016 1818 ς
1047 1777 1114 1827 qui
1142 1777 1172 1815 si
1200 1776 1346 1815 idcirco
1373 1775 1518 1814 abestis
1540 1782 1581 1813 ut

193 1856 232 1887 25
253 1844 334 1882 sitis
356 1844 394 1881 in
416 1850 511 1890 tuto,
535 1858 584 1883 ne
605 1844 644 1882 in
665 1843 776 1882 vobis
797 1844 958 1893 quidem
976 1858 984 1890 3
1013 1843 1071 1881 sin
1098 1842 1247 1892 aliquid
1274 1841 1436 1891 dignum
1458 1848 1581 1878 vestra

252 1909 373 1958 gloria
393 1909 582 1958 cogitatis,
606 1909 721 1947 velim
743 1909 857 1947 salvis
878 1908 992 1946 nobis
1008 1923 1017 1956 3
1047 1908 1106 1945 sin
1128 1908 1168 1945 id
1198 1907 1338 1953 minus,
1362 1919 1421 1944 res
1451 1914 1583 1944 tamen

253 1973 410 2023 publica
436 1987 504 2024 per
524 1987 592 2011 vos
620 1973 726 2012 brevi
756 1981 933 2023 tempore
963 1973 1022 2011 ius
1052 1986 1166 2010 suum
1196 1971 1437 2022 reciperabit.
1499 1973 1584 2021 Ego

253 2038 329 2076 tuis
350 2052 478 2088 neque
498 2039 637 2076 desum
659 2052 788 2088 neque
809 2040 914 2077 dero.
975 2038 1054 2087 Qui
1077 2038 1106 2076 si
1128 2051 1229 2088 quae
1249 2038 1299 2075 ad
1321 2050 1384 2075 me
1404 2037 1580 2083 referent,

254 2117 341 2141 rnea
361 2103 431 2141 tibi
452 2103 727 2141 benevolentia
750 2104 927 2153 fidesque
949 2102 1217 2153 praestabitur.
1278 2103 1387 2140 Vale.

298 2208 317 2236 8
342 2207 412 2246 qui,
429 2208 505 2246 quia
519 2217 604 2246 quae
622 2207 664 2237 de
683 2206 767 2238 Crat.
795 2206 985 2247 lVeseubmg
1170 2206 1345 2245 libereque
1362 2206 1441 2236 coni.
1464 2203 1588 2235 Mmlsr

255 2251 296 2281 28
319 2251 374 2290 qui
391 2251 418 2280 si
435 2261 521 2289 quae
538 2251 586 2280 ad‘
602 2260 654 2280 me
678 2250 829 2281 referent
845 2250 936 2281 HD:
970 2250 1025 2290 qui
1048 2250 1118 2282 sive
1135 2251 1176 2281 ad
1200 2260 1252 2280 me
1277 2249 1426 2280 reserent
1443 2247 1504 2278 M:
1527 2249 1582 2287 qui

254 2295 326 2324 sive
351 2295 392 2324 ad
425 2304 478 2324 me
510 2294 657 2324 referent
687 2294 756 2324 sive
790 2304 857 2324 non
892 2293 1040 2325 reserent
1078 2293 1176 2325 Orelli
1206 2292 1432 2324 Mendelssolm
1465 2291 1588 2322 Miiller

256 2346 298 2376 29
321 2337 379 2368 tibi
397 2337 491 2368 HD:
517 2337 574 2367 tibi
593 2342 703 2368 tamen
723 2336 763 2367 M

302 2495 365 2517 Cle.
386 2495 433 2516 AD
451 2495 532 2517 FAM.

1457 2486 1476 2515 Ν)

1479 2485 1499 2515 02
