1791 2796
563 162 674 199 EPP.
706 161 785 198 AD
816 159 1162 197 FAMILIARES
1490 158 1582 195 VII.
1607 167 1668 194 xx

212 272 365 313 tenebis
405 271 558 324 (nescio
599 270 696 323 quid
738 269 843 310 enim
882 268 1088 308 Velienses
1127 267 1378 318 verebantur>
1417 281 1546 318 neque

214 341 411 386 Haletem,
448 337 623 377 nobilem
655 349 824 382 amnem,
861 334 1058 384 relinques
1092 348 1166 373 nec
1202 333 1447 384 Papirianam
1480 333 1548 372 do-

213 418 322 443 mum
343 405 526 452 deseres3
554 415 796 454 quamquam
827 400 892 440 illa
921 400 1084 452 quidem
1101 400 1233 438 -habet
1260 401 1395 446 lotum,
1417 413 1441 437 a
1467 412 1547 449 quo

214 469 332 509 etiam
370 470 548 508 advenae
582 467 706 507 teneri
744 468 873 506 Solent
887 481 898 515 3
944 479 1063 516 quem
1104 472 1236 504 tamen
1275 464 1307 503 si
1345 463 1544 509 excideris,

179 550 195 583 5
216 536 384 574 multum
411 533 665 585 prospexeris.
736 534 814 572 Sed
846 532 885 571 in
917 531 1052 583 primis
1083 538 1350 582 opportunum
1382 529 1544 577 videtur,
1568 540 1592 567 2

215 600 275 639 his
295 599 521 651 praesertim
543 598 796 650 temporibus,
816 598 961 637 habere
981 597 1200 648 perfugium
1221 596 1390 648 primum
1412 609 1547 635 corum

214 665 352 704 urbem
373 665 516 716 quibus
538 678 649 704 carus
670 664 730 711 sis,
754 663 900 703 deinde
920 671 1028 702 tuam
1049 664 1214 702 domum
1236 669 1403 712 tuosque
1423 675 1546 712 agros,

216 745 340 781 eaque
356 738 520 778 remoto,
540 729 695 776 salubri,
713 743 883 768 amoeno
905 730 993 768 loco
1010 744 1018 776 ;
1052 728 1173 779 idque
1194 727 1311 767 etiam
1328 741 1416 766 mea
1437 727 1549 765 inter-

217 810 312 843 esse,
329 796 383 835 mi
399 795 571 843 Trebati,
591 794 765 834 arbitror.
818 795 895 833 Sed
912 793 1059 832 valebis
1081 807 1248 844 meaque
1269 792 1427 844 negotia
1446 791 1550 831 vide-

161 877 198 900 10
217 861 278 900 bis
299 875 442 912 meque
464 861 524 900 dis
545 860 770 899 iuvantibus
791 867 882 898 ante
904 860 1084 898 brumam
1106 857 1361 909 exspectabis.
1423 859 1507 908 Ego
1527 872 1550 896 a
1573 864 1597 902 3

217 929 302 966 Sex.
328 926 461 974 Fadio,
486 925 652 965 Niconis
676 925 886 976 discipulo,
907 924 1050 963 librum
1074 924 1218 963 abstuli
1250 925 1440 965 *Νίκωνος
1469 924 1553 974 περὶ

217 989 478 1045 πολυφαγίας.”
535 992 571 1031 O
594 990 792 1030 medicum
814 1004 974 1029 suavem
999 1004 1143 1040 meque
1170 989 1339 1028 docilem
1367 990 1418 1028 ad
1448 990 1551 1028 hanc

217 1057 464 1109 disciplinam
482 1059 488 1095 !
546 1058 625 1096 Sed
647 1058 791 1095 Bassus
812 1063 944 1094 noster
968 1069 1031 1094 me
1051 1056 1102 1094 de
1122 1056 1199 1094 hoc
1219 1054 1319 1094 libro
1339 1054 1488 1102 celavit,
1512 1061 1551 1094 te

218 1123 379 1174 quidem
400 1136 481 1162 non
502 1122 666 1161 videtur.
717 1123 870 1160 Ventus
898 1119 1160 1160 increbrescit.
1213 1121 1319 1161 Cura
1343 1127 1386 1160 ut
1406 1121 1543 1161 valeas

162 1196 199 1229 15
219 1200 297 1227 x111
321 1191 370 1227 K.
393 1189 494 1227 Sext.
514 1186 638 1226 Velia.

262 1357 373 1394 XXI
482 1360 550 1393 Scr.
573 1360 607 1391 in
630 1359 813 1392 Tusculano
829 1370 874 1390 cx.
899 1369 942 1390 m.
963 1357 1039 1390 Iun.
1059 1369 1089 1390 a.
1114 1368 1170 1399 710
1188 1358 1277 1401 (44).

632 1443 808 1476 CICERO
833 1440 1074 1473 TREBATIO
1100 1442 1131 1473 S.

272 1528 340 1568 Sili
361 1542 519 1568 causam
541 1534 579 1566 te
600 1526 729 1567 docui.
791 1528 830 1565 Is
858 1534 994 1577 postea
1021 1525 1091 1564 fuit
1118 1525 1224 1576 apud
1252 1539 1324 1565 me.
1386 1527 1488 1565 Cum
1517 1524 1552 1565 ei

218 1593 390 1634 dicerem
412 1593 482 1632 tibi
498 1592 620 1632 videri
637 1592 891 1644 sponsionem
914 1590 1019 1630 illam
1041 1604 1114 1630 nos
1134 1590 1218 1630 sine
1238 1590 1412 1642 periculo
1427 1593 1553 1631 facere

163 1677 200 1699 20
219 1673 344 1711 posse,
383 1663 437 1698 ‘SI
471 1671 673 1698 BONORVM
703 1660 939 1696 TVRPILIAE
975 1668 1278 1696 POSSESSIONEM
1310 1658 1358 1705 Q.
1392 1658 1552 1697 CAEPIO

220 1737 411 1764 PRAETOR
459 1737 514 1763 Ex
563 1736 715 1763 EDICTO
764 1736 838 1762 SVO
887 1736 985 1761 MIHI
1036 1724 1189 1769 DEDIT,'
1238 1736 1380 1772 negare
1425 1721 1555 1760 aiebat

218 1790 395 1829 Servium
435 1791 587 1829 tabulas
622 1788 846 1828 testamenti
881 1802 966 1826 esse
1005 1800 1082 1834 eas,
1117 1801 1214 1837 quas
1255 1786 1485 1825 instituisset
1524 1787 1555 1825 is

218 1855 285 1905 qui
316 1846 528 1894 factionem
558 1854 783 1893 testamenti
808 1868 888 1892 non
917 1852 1122 1900 habuerit3
1153 1854 1228 1892 hoc
1261 1851 1366 1891 idem
1391 1852 1554 1891 Ofilium

219 1920 348 1959 dicere
364 1935 374 1968 3
403 1928 533 1959 tecum
562 1934 602 1958 se
632 1921 807 1958 locutum
841 1919 1009 1969 negabat
1031 1932 1174 1968 meque
1202 1917 1349 1968 rogavit
1381 1925 1421 1956 ut
1450 1932 1490 1955 se
1517 1924 1555 1956 ct

164 2003 198 2034 ²5
221 1999 378 2024 causam
418 1999 528 2024 suam
569 1985 638 2023 tibi
678 1986 1010 2024 commendarem.
1092 1986 1178 2024 Nec
1218 1983 1274 2022 vir
1313 1983 1459 2030 melior,
1502 1983 1554 2021 mi

220 2055 348 2100 Testa,
384 2067 457 2092 nec
492 2053 587 2091 mihi
616 2053 779 2092 amicior
811 2056 851 2091 P.
882 2053 977 2093 Silio
1002 2053 1211 2103 quisquam
1247 2059 1315 2097 est,
1350 2059 1387 2089 te
1423 2058 1552 2088 tamen

219 2126 393 2168 excepto.
454 2118 728 2157 Gratissimum
761 2118 855 2157 mihi
886 2118 999 2170 igitur
1027 2119 1164 2158 feceris
1197 2118 1227 2156 Si
1259 2118 1309 2156 ad
1335 2130 1424 2155 eum
1453 2116 1553 2153 ultro

219 2183 368 2223 veneris
390 2183 504 2234 eique
526 2184 721 2234 pollicitus
742 2184 824 2231 eris,
850 2185 929 2231 Sed,
953 2184 983 2223 si
1006 2198 1068 2223 me
1089 2198 1206 2231 amas,
1227 2196 1345 2234 quam
1369 2180 1549 2232 primum.

221 2249 314 2287 Hoc
335 2256 371 2287 te
392 2250 645 2288 vehementer
665 2249 781 2288 etiam
804 2257 921 2300 atque
943 2249 1059 2288 etiam
1082 2263 1185 2299 rogo.

265 2362 283 2381 2
309 2351 467 2383 Haletem
494 2353 553 2383 M:
596 2353 752 2384 Helctem
779 2353 864 2383 codd.
894 2353 940 2382 ml
962 2353 1030 2383 All.
1058 2353 1121 2382 xvi.
1146 2363 1171 2391 7.
1193 2362 1212 2390 5
1346 2363 1384 2373 m.
1412 2351 1549 2382 Ofilium

1346 2374 1385 2390 *O

214 2398 305 2432 vell„
324 2396 359 2434 ‘f
381 2396 494 2437 Drgcst
511 2397 529 2427 i.
552 2407 579 2427 Ω.
597 2408 626 2427 2.
648 2408 686 2435 44
704 2408 709 2426 ;
735 2397 876 2427 officium
897 2396 985 2426 11le
1012 2396 1151 2426 offitium
1170 2396 1222 2426 R:
1250 2395 1395 2425 Offilium
1418 2396 1501 2424 (dat.
