1791 2796
580 178 692 215 EPP.
724 177 802 213 AD
834 177 1182 214 FAMILIARES
1497 179 1616 216 XV.i

215 290 356 329 auxilia
386 297 543 340 propter
566 288 820 328 acerbitatem
845 295 963 338 atque
991 287 1148 326 iniurias
1176 288 1314 339 imperi
1340 288 1460 328 nostri
1480 296 1547 328 aut

216 355 268 394 ita
297 355 494 394 imbecilla
522 362 612 393 sunt
642 362 684 393 ut
714 367 794 392 non
825 355 993 392 multum
1024 367 1096 392 nos
1126 354 1257 393 iuvare
1286 354 1449 404 possint,
1481 362 1548 393 aut

216 420 268 458 ita
297 420 464 458 alienata
493 433 516 458 a
544 418 659 458 nobis
687 427 729 457 ut
756 432 886 469 neque
918 420 1227 469 exspectandum
1257 421 1307 458 ab
1340 420 1385 458 iis
1419 434 1549 470 neque

216 484 546 523 committendum
571 484 615 522 iis
637 483 848 534 quicquam
877 497 962 522 esse
982 483 1169 522 videatur.
1231 484 1350 534 Regis
1373 484 1547 523 Deiotari
1568 492 1596 529 6

179 561 195 592 5
217 558 254 588 et
284 552 526 588 voluntatem
554 557 592 588 et
618 549 762 600 copias,
786 557 1131 599 quantaecumque
1159 557 1258 597 sunt,
1283 557 1434 588 nostras
1463 563 1548 589 esse

216 616 320 654 duco
336 630 344 662 ;
366 614 620 666 Cappadocia
641 623 698 654 est
718 614 856 662 inanis,
879 614 1017 664 reliqui
1038 628 1146 664 reges
1167 615 1399 665 tyrannique
1420 629 1549 665 neque

216 680 358 729 opibus
379 680 470 718 satis
492 680 590 718 firmi
612 693 685 719 nec
705 681 906 718 voluntate
927 689 1028 718 sunt.
1080 680 1183 718 Mihi
1203 680 1242 718 in
1264 682 1336 719 hac
1353 681 1549 731 paucitate

216 745 381 783 militum
404 745 559 783 animus
580 753 684 784 certe
700 759 781 783 non
797 745 930 792 deerit,
948 758 1061 795 spero
1075 759 1124 784 ne
1138 745 1345 784 consilium
1363 746 1523 795 quidem
1539 761 1550 793 5

215 809 311 859 quid
350 823 530 848 casurum
576 810 624 848 sit
667 810 859 849 incertum
899 818 966 849 est.
1036 810 1201 850 Utinam
1241 810 1354 849 saluti
1394 819 1549 850 nostrae

160 890 197 913 10
215 876 419 914 consulere
448 875 668 926 possimus!
709 875 889 926 dignitati
919 883 1023 915 certe
1053 877 1316 915 consulemus,

249 1063 297 1097 II
342 1065 412 1097 Scr.
434 1066 467 1096 in
484 1066 597 1096 castris
612 1065 659 1096 ad
675 1065 817 1106 Cybistra
835 1065 885 1097 vel
897 1065 935 1097 ,τί
947 1065 996 1097 vel
1010 1077 1033 1097 x
1048 1065 1092 1097 K.
1117 1065 1184 1097 Oct.
1206 1077 1237 1097 a.
1261 1076 1315 1106 705
1336 1068 1412 1106 (51‘.

214 1154 258 1185 M.
287 1154 484 1185 TVLLIVS
510 1154 555 1185 M.
585 1155 619 1186 F.
649 1154 825 1186 CICERO
852 1154 1051 1185 PROCOS.
1078 1154 1112 1186 S.
1145 1154 1185 1186 D.
1214 1154 1328 1193 COS.,
1359 1155 1441 1189 PR..
1468 1155 1542 1188 TR.

724 1215 805 1254 PL.,
834 1213 1034 1245 SENATVI

266 1304 302 1342 S.
325 1317 358 1341 v.
381 1317 414 1341 v.
440 1303 478 1342 b.
505 1317 537 1342 e.
564 1317 595 1342 e.
619 1317 654 1354 q.
678 1318 711 1342 v.
785 1304 888 1342 Cum
922 1316 977 1353 pr.
1015 1304 1065 1341 K.
1090 1304 1190 1341 Sext.
1228 1303 1267 1341 in
1302 1303 1542 1354 provinciam
1563 1318 1581 1346 1

154 1379 192 1411 15
212 1367 406 1406 venissem
427 1381 556 1419 neque
577 1368 764 1406 maturius
789 1375 947 1418 propter
973 1367 1155 1406 itinerum
1183 1376 1221 1406 et
1250 1368 1543 1417 navigationum

211 1431 482 1471 difficultatem
520 1432 651 1471 venire
690 1433 918 1483 potuissem,
960 1432 1129 1470 maxime
1168 1433 1378 1472 convenire
1416 1435 1545 1473 officio

211 1510 302 1535 meo
336 1497 469 1548 reique
498 1511 534 1548 p.
567 1499 790 1537 conducere
820 1497 954 1548 putavi
983 1511 1118 1547 parare
1148 1511 1193 1535 ea
1225 1512 1326 1547 quae
1359 1500 1410 1537 ad
1445 1514 1547 1539 exer-

211 1561 332 1600 citum
364 1576 546 1613 quaeque
573 1564 625 1601 ad
654 1576 736 1601 rem
767 1562 973 1601 militarem
1003 1562 1251 1612 pertinerent.
1313 1564 1426 1612 Quae
1455 1579 1545 1603 cum

212 1636 342 1666 essent
361 1642 385 1667 a
405 1642 468 1667 me
488 1641 581 1667 cura
605 1628 727 1679 magis
749 1636 786 1666 et
808 1627 1009 1678 diligentia
1030 1641 1147 1677 quam
1171 1629 1354 1667 facultate
1375 1637 1412 1668 et
1433 1631 1548 1681 copia

155 1709 194 1730 20
213 1693 434 1740 constituta,
462 1693 670 1744 nuntiique
700 1702 737 1732 et
767 1693 917 1731 litterae
947 1694 996 1731 de
1026 1693 1131 1730 bello
1160 1706 1183 1730 a
1213 1693 1364 1732 Parthis
1394 1694 1433 1732 in
1462 1708 1548 1745 pro-

211 1759 380 1798 vinciam
415 1760 564 1809 Syriam
604 1759 725 1797 inlato
765 1758 910 1797 cotidie
945 1759 1023 1796 fere
1057 1759 1309 1805 adferrentur,
1346 1758 1416 1798 iter
1451 1760 1546 1798 mihi

212 1824 436 1863 faciendum
454 1839 522 1875 per
536 1824 776 1874 Lycaoniam
794 1832 831 1862 et
848 1837 916 1873 per
931 1825 1087 1861 Isauros
1109 1831 1147 1861 et
1167 1837 1236 1873 per
1251 1824 1544 1874 Cappadociam

211 1890 416 1929 arbitratus
449 1904 546 1929 sum.
608 1892 701 1928 Erat
728 1889 832 1928 enim
862 1903 1003 1939 magna
1037 1888 1207 1939 suspicio
1240 1890 1413 1936 Parthos,
1442 1890 1473 1928 si
1500 1905 1546 1929 ex

210 1955 318 2005 Syria
350 1956 481 2006 egredi
512 1963 630 2006 atque
662 1955 884 2005 inrumpere
920 1955 958 1992 in
994 1968 1123 1992 meam
1153 1953 1396 2003 provinciam
1431 1969 1546 1994 cona—

151 2031 189 2064 25
210 2029 351 2069 rentur,
374 2021 446 2060 iter
465 2035 532 2060 eos
554 2035 622 2071 per
643 2020 949 2071 Cappadociam,
973 2021 1083 2069 quod
1113 2032 1157 2057 ea
1188 2019 1355 2058 maxime
1382 2028 1541 2070 pateret,

209 2100 294 2125 esse
313 2088 492 2125 facturos.
545 2088 684 2136 Itaque
705 2100 795 2124 cum
817 2085 986 2136 exercitu
1007 2098 1076 2134 per
1096 2084 1374 2135 Cappadociae
1394 2094 1542 2135 partem
1563 2099 1587 2125 2

207 2166 294 2191 eam
325 2166 425 2202 quae
452 2166 543 2190 cum
569 2151 707 2191 Cilicia
733 2150 941 2189 continens
969 2158 1026 2188 est
1057 2149 1128 2187 iter
1154 2149 1229 2188 feci
1260 2158 1464 2200 castraque
1493 2152 1543 2189 ad

208 2217 398 2268 Cybistra,
435 2220 543 2268 quod
575 2217 766 2268 oppidum
799 2225 856 2255 est
890 2217 941 2254 ad
974 2223 1150 2253 montem
1184 2217 1370 2262 Taurum,
1405 2215 1540 2262 locavi,

206 2291 249 2323 ut
269 2285 496 2330 ArtuasdeS‚
519 2297 584 2322 rex
609 2283 830 2329 Armenius,
854 2295 1108 2332 quocumque
1135 2280 1268 2319 animo
1294 2288 1405 2328 esset,
1429 2280 1543 2319 sciret

251 2397 269 2416 2
295 2391 404 2417 tutare
421 2385 528 2416 HDF
609 2396 651 2424 29
675 2385 863 2417 Artuasdes
882 2386 1091 2417 *Arduasdes
1106 2386 1137 2416 F
1166 2385 1273 2422 codd.;
1296 2386 1334 2425 cf
1354 2385 1541 2414 Illommsen

207 2430 254 2460 ml
276 2429 340 2459 Res
357 2434 440 2469 gest.
463 2430 494 2461 d.
513 2429 625 2471 Aug.²
644 2435 679 2471 p.
704 2440 774 2461 110.
800 2440 812 2460 1
832 2433 861 2461 et
882 2429 964 2460 Ellis
986 2430 1032 2461 ad
1049 2430 1123 2461 Vell.
1143 2429 1173 2460 ii.
1195 2441 1246 2470 94.
1268 2441 1309 2468 4:
1334 2429 1543 2460 Artavasdes

211 2472 398 2515 lVesenbetg
