1791 2796
136 130 213 168 III.
232 130 294 166 vii
614 130 670 167 M.
702 130 870 167 TVLLI
901 129 1207 168 CICERONIS

244 254 376 291 pono:
415 249 456 278 tu
493 239 523 277 si
557 240 667 278 aliter
701 239 912 288 existimas,
944 240 1039 278 nihil
1079 240 1233 287 errabis,
1270 240 1302 278 si
1340 241 1460 290 paulo
1497 239 1580 279 dili-

243 305 411 355 gentius,
441 314 494 353 ut,
527 305 623 356 quid
654 304 702 343 sit
729 306 903 357 εὐγένεια,
927 305 1024 355 quid
1057 304 1104 343 sit
1139 304 1333 351 nobilitas,
1363 304 1580 356 intellegas,

243 372 539 418 Athenodorus,
574 370 770 409 Sandonis
802 371 914 418 filius,
942 370 1037 420 quid
1067 371 1117 409 de
1147 370 1206 409 his
1236 371 1352 409 rebus
1381 369 1501 418 dicat,
1526 377 1581 408 at-

244 436 426 475 tenderis.

198 504 226 541 6
299 502 377 539 Sed
399 510 440 539 ut
460 503 510 540 ad
532 515 613 540 rem
636 503 806 548 redeam,
826 516 889 541 me
910 501 981 540 tibi
1001 516 1079 540 non
1102 502 1274 541 amicum
1296 504 1579 550 modo,verum
1599 514 1616 545 5

245 566 362 605 etiam
401 567 684 605 amicissimum
732 567 929 606 existimes
967 568 1095 606 velim.
1175 569 1356 607 Profecto
1395 568 1579 607 omnibus

245 632 382 671 officiis
413 632 509 671 meis
540 633 718 680 efficiam,
745 641 787 671 ut
815 633 868 671 ita
895 647 979 672 esse
1003 647 1092 672 vere
1122 633 1248 683 possis
1275 633 1457 672 iudicare.
1517 636 1580 672 Tu

243 706 375 736 autem
411 697 442 735 si
476 697 515 736 id
548 697 640 748 agis,
675 706 717 736 ut
756 698 885 737 minus
920 712 1008 737 mea
1038 712 1166 746 causa,
1203 699 1298 737 dum
1334 713 1406 750 ego
1439 699 1578 747 absim,

245 764 389 803 debere
403 763 583 811 videaris,
600 778 719 814 quam
741 778 814 814 ego
836 772 902 803 tua
921 764 1140 812 laborarim,
1159 764 1282 803 libero
1299 772 1336 804 te
1357 764 1430 804 ista
1445 778 1562 814 cura;

676 831 761 880 πάρ’
791 831 915 883 ἔμοιγε
944 830 1003 868 καὶ
1032 832 1154 875 ἄλλοι,
1601 840 1639 862 10

424 897 462 934 οἵ
487 898 528 935 κέ
554 914 600 947 με
628 897 845 947 τιμήσουσι,
873 897 1041 946 μάλιστα
1070 896 1107 934 δὲ
1134 897 1287 946 μητίετα
1315 897 1414 938 Ζεύς.

244 961 283 1000 si
322 970 453 1001 autem
501 971 639 1001 natura
677 976 718 1000 es
765 963 961 1012 φιλαίτιος,
1002 962 1098 1001 illud
1144 975 1223 1001 non
1267 961 1457 1012 perficies,
1495 975 1576 1011 quo

244 1027 373 1065 minus
396 1037 461 1066 tua
485 1041 603 1066 causa
624 1027 738 1066 velim
758 1043 765 1073 3
794 1029 872 1066 hoc
897 1029 1124 1078 adsequere,
1148 1035 1201 1074 ut,
1225 1041 1342 1077 quam
1365 1026 1403 1065 in
1425 1035 1574 1077 partem

243 1100 283 1131 tu
317 1093 498 1143 accipias,
533 1093 662 1132 minus
695 1095 881 1132 laborem.
943 1095 1057 1132 Haec
1095 1094 1145 1132 ad
1180 1101 1217 1132 te
1248 1093 1384 1143 scripsi
1417 1092 1575 1132 liberius

243 1160 361 1197 fretus
392 1158 632 1198 conscientia
664 1158 768 1198 offici
799 1158 876 1198 mei
906 1158 1296 1209 benevolentiaeque,
1319 1172 1439 1208 quam
1465 1172 1489 1196 a
1512 1172 1576 1198 me
1599 1174 1636 1205 15

243 1232 350 1263 certo
372 1223 518 1263 iudicio
540 1232 776 1275 susceptam,
800 1224 934 1275 quoad
954 1231 996 1262 tu
1016 1225 1138 1272 voles,
1158 1223 1411 1263 conservabo.

285 1403 402 1439 VIII
468 1407 538 1440 Scr.
556 1407 589 1438 in
607 1408 720 1438 castris·
736 1407 769 1438 in
786 1418 867 1448 agro
883 1406 1122 1448 Mopsuhestiae
1138 1417 1169 1439 α.
1185 1405 1216 1438 d.
1235 1407 1292 1438 viii
1304 1405 1353 1438 Id.

767 1462 834 1493 Oct.
855 1473 884 1494 (ι.
908 1473 962 1502 703
980 1462 1058 1503 (μ).

563 1545 737 1577 CICERO
764 1546 799 1578 S.
828 1545 867 1577 D.
895 1545 1034 1576 APPIO
1063 1544 1299 1577 PVLCHRO.

207 1642 222 1668 1
299 1629 394 1678 Etsi,
422 1638 612 1680 quantum
645 1645 690 1669 ex
720 1629 795 1668 tuis
825 1629 960 1668 litteris
989 1629 1213 1680 intellegere
1242 1629 1366 1680 potui,
1391 1629 1573 1669 videbam
1597 1643 1637 1665 20

242 1704 278 1733 tc
303 1696 405 1734 hanc
433 1683 652 1746 epistulam,
676 1710 765 1734 cum
796 1697 846 1734 ad
876 1696 1013 1734 urbem
1044 1709 1162 1743 esses,
1185 1709 1271 1734 esse
1300 1697 1491 1734 lecturum
1522 1710 1575 1735 rc-

241 1760 421 1810 srigerato
454 1761 531 1799 iam
567 1761 764 1799 levissimo
799 1774 980 1800 sermone
1018 1760 1224 1799 bominum
1264 1760 1572 1810 provincialium,

241 1833 384 1873 tamen,
421 1839 511 1864 cum
544 1835 585 1864 tu
620 1835 698 1864 tam
735 1826 866 1864 multis
896 1825 1022 1865 verbis
1051 1827 1101 1865 ad
1133 1840 1195 1864 me
1224 1827 1275 1865 de
1304 1826 1573 1876 improborum

241 1890 416 1929 oratione
451 1891 682 1941 scripsisses,
715 1891 940 1930 faciendum
971 1891 1079 1931 mihi.
1099 1890 1229 1942 putavi
1261 1898 1303 1930 ut
1332 1891 1406 1930 tuis
1439 1891 1573 1930 litteris

198 1966 221 1992 2
241 1956 346 1994 brevi
377 1957 667 2006 responderem.
728 1957 806 1995 Sed
837 1956 961 2006 prima
990 1958 1070 1996 duo
1102 1957 1228 2007 capita
1263 1956 1451 2007 epistulae
1484 1964 1572 1995 tuae
1594 1968 1631 1999 25

239 2020 355 2058 tacita
390 2021 483 2059 mihi
519 2022 693 2070 quodam
734 2022 856 2060 modo
887 2022 1145 2072 relinquenda
1176 2030 1293 2070 sunt,
1332 2021 1426 2060 nihil
1466 2022 1570 2061 cnim

239 2087 398 2126 liabent.
429 2088 537 2136 quod
572 2086 778 2125 definitum
816 2087 863 2125 sit
897 2096 963 2126 aut
996 2097 1156 2135 certum,
1189 2088 1261 2126 nisi
1297 2102 1360 2127 me
1390 2089 1497 2126 vultu
1533 2096 1570 2127 et

238 2151 499 2190 taciturnitate
530 2152 767 2203 significasse
799 2153 867 2191 tibi
900 2167 979 2192 non
1010 2168 1095 2193 csse
1125 2153 1307 2201 amicum,
1337 2154 1466 2205 idque,
1500 2168 1570 2204 pro

238 2216 418 2255 tribunali
453 2230 542 2255 cum
577 2217 724 2268 aliquid
757 2227 946 2269 ageretur,
976 2227 1013 2257 ct
1049 2233 1127 2258 non
1161 2219 1275 2258 nullis
1306 2219 1344 2257 in
1380 2219 1568 2258 conviviis

237 2280 407 2332 intellegi
443 2282 626 2333 potuisse.
689 2285 781 2321 Hoc
816 2291 941 2321 totum
977 2283 1071 2322 nibil
1108 2298 1191 2323 csse
1226 2298 1385 2334 possum
1422 2283 1566 2324 intelle·
1587 2293 1629 2325 30

330 2397 360 2417 ιι
390 2385 531 2424 μάλιστα
548 2411 554 2418 .
575 2409 584 2418 .
602 2410 608 2417 .
631 2385 701 2417 Ζεύς
717 2387 972 2428 susj›ccl‹1tl“1·qy
1119 2399 1158 2427 27
1184 2394 1218 2419 ct
1238 2388 1322 2420 GR:
1347 2399 1411 2420 om.
1433 2388 1474 2419 M
