1791 2796
192 144 264 184 XI.
285 155 314 180 x
634 144 688 181 M.
722 144 889 181 TVLLI
924 144 1231 183 CICERONIS

223 266 247 303 3
324 256 513 294 Revertor
534 267 639 293 nunc
660 255 712 294 ad
732 254 963 294 Antonium.
1016 255 1095 305 Qui
1117 269 1163 294 ex
1184 256 1274 307 fuga
1294 268 1385 295 cum
1401 257 1602 307 parvulam

268 333 429 358 manum
476 319 656 369 peditum
703 320 865 359 haberet
911 319 1131 368 inermium,
1173 322 1366 371 ergastula
1410 323 1602 362 solvendo

266 399 466 435 omneque
500 399 624 436 genus
656 385 865 424 hominum
905 385 1139 437 abripiendo
1179 386 1270 425 satis
1310 400 1496 438 magnum
1534 401 1604 427 nu-

267 464 418 489 merum
435 450 589 490 videtur
609 450 796 490 effecisse.
849 453 941 490 Hoc
963 451 1127 490 accessit
1148 465 1288 491 manus
1309 452 1483 500 Ventidi,
1503 467 1603 503 quae

267 524 370 556 trans
392 516 677 568 Appenninum
701 516 838 556 itinere
861 519 963 556 facto
980 517 1211 557 difficillimo
1226 519 1277 557 ad
1294 519 1407 557 Vada
1428 518 1604 569 pervenit
1623 532 1640 565 5

265 590 384 632 atque
405 582 458 622 ibi
475 596 516 621 se
537 596 627 622 cum
642 583 820 622 Antonio
841 583 1054 622 coniunxit.
1116 585 1186 622 Est
1202 597 1388 623 numerus
1404 591 1604 623 veterano-

220 657 245 694 4
266 662 350 687 rum
387 656 424 688 et
450 657 689 688 armatorum
715 649 807 687 satis
838 651 1020 700 frequens
1048 663 1139 689 cum
1167 649 1367 689 Ventidio.
1428 650 1605 691 Consilia

265 714 416 753 Antoni
437 716 534 754 haec
555 714 632 753 sint
653 728 814 754 necesse
835 722 906 763 est,
922 723 989 754 aut
1009 716 1059 755 ad
1081 714 1279 766 Lepidum
1296 723 1338 754 ut
1354 729 1395 754 se
1415 718 1601 764 conferat,

264 779 295 817 si
317 779 510 831 recipitur,
548 788 615 819 aut
650 780 893 831 Appennino
929 781 1179 832 Alpibusque
1219 795 1259 820 se
1300 788 1431 820 teneat
1466 789 1505 820 et
1539 782 1603 820 de-

264 845 512 884 cursionibus
545 860 614 896 per
642 846 806 896 equites,
830 860 930 897 quos
958 847 1078 886 habet
1109 848 1266 895 multos,
1292 854 1416 885 vastet
1441 861 1486 885 ea
1516 849 1603 886 loca
1626 862 1663 884 ιο

265 910 303 948 in
326 925 427 961 quae
449 911 662 960 incurrerit,
685 920 752 951 aut
774 926 885 952 rusus
906 926 947 951 se
968 911 1006 950 in
1031 912 1226 951 Etruriam
1255 913 1403 961 referat,
1427 914 1535 963 quod
1557 928 1603 952 ea

263 990 350 1027 pars
379 977 517 1017 Italiae
546 977 630 1017 sine
658 977 828 1017 exercitu
850 986 918 1016 est.
980 979 1100 1028 Quod
1122 977 1153 1016 si
1179 992 1242 1017 me
1264 979 1408 1018 Caesar
1428 978 1602 1017 audisset

263 1050 381 1093 atque
402 1043 689 1094 Appenninum
713 1042 923 1091 transisset,
949 1043 988 1081 in
1010 1051 1137 1082 tantas
1160 1043 1358 1095 angustias
1381 1043 1601 1083 Antonium

262 1108 553 1159 compulissem,
574 1117 615 1147 ut
636 1108 769 1159 inopia
790 1108 921 1159 potius
943 1122 1060 1159 quam
1083 1110 1182 1148 ferro
1204 1109 1471 1148 conficeretur.
1523 1110 1601 1148 Sed

262 1187 391 1224 neque
425 1174 583 1214 Caesari
620 1173 800 1224 imperari
840 1182 969 1225 potest
1008 1188 1081 1213 nec
1118 1176 1262 1214 Caesar
1296 1173 1482 1213 exercitui
1516 1188 1598 1222 suo,
1624 1191 1661 1223 15

262 1241 372 1290 quod
405 1247 616 1290 utrumque
648 1240 865 1291 pessimum
898 1248 966 1279 est.
1027 1241 1130 1279 Cum
1159 1241 1256 1279 haec
1282 1240 1373 1279 talia
1405 1239 1491 1288 sint,
1521 1254 1601 1291 quo

264 1304 404 1353 minus,
423 1307 532 1355 quod
553 1307 604 1345 ad
626 1319 688 1344 me
709 1304 931 1356 pertinebit,
951 1305 1131 1344 homines
1153 1305 1411 1356 interpellent,
1428 1314 1469 1344 ut
1486 1320 1602 1356 supra

263 1369 409 1421 scripsi,
451 1385 530 1409 non
571 1370 757 1421 impedio.
819 1373 933 1409 Haec
972 1384 1089 1421 quem
1129 1372 1180 1410 ad
1219 1373 1383 1410 modum
1410 1370 1600 1422 'explicari

263 1435 414 1485 possint
442 1444 519 1483 aut,
543 1450 565 1474 a
587 1444 624 1475 te
645 1450 734 1474 cum
763 1435 1076 1486 explicabuntur,
1098 1450 1147 1475 ne
1175 1436 1439 1487 impediantur
1467 1435 1596 1475 timeo.

220 1508 244 1546 5
264 1503 379 1541 Alere
401 1501 477 1540 iam
500 1502 641 1541 milites
663 1516 743 1541 non
765 1516 937 1552 possum.
998 1504 1101 1542 Cum
1121 1503 1173 1541 ad
1198 1517 1278 1541 rem
1301 1516 1335 1553 p.
1354 1502 1599 1541 liberandam
1621 1518 1660 1540 20

261 1567 419 1613 accessi,
463 1560 534 1607 HS
574 1567 668 1608 mihi
709 1567 779 1605 fuit
819 1567 1009 1618 pecuniae
1041 1564 1158 1621 [ccccl
1185 1568 1364 1618 amplius.
1424 1570 1598 1606 Tantum

261 1634 372 1672 abest
393 1642 435 1672 ut
456 1647 567 1673 meae
589 1633 641 1672 rei
663 1632 861 1672 familiaris
885 1633 1053 1673 liberum
1083 1633 1131 1672 sit
1159 1633 1382 1684 quicquam,
1407 1641 1448 1671 ut
1469 1633 1598 1671 omnis

262 1698 338 1736 iam
380 1712 489 1738 meos
528 1698 678 1738 amieos
707 1712 796 1737 aere
829 1698 958 1737 alieno
993 1698 1277 1738 obstrinxerim.
1339 1700 1497 1749 Septem
1531 1712 1598 1737 nu-

262 1778 412 1804 merum
453 1779 559 1804 nunc
600 1765 799 1816 legionum
832 1766 905 1813 alo,
944 1780 1020 1816 qua
1053 1766 1282 1805 difficultate
1316 1774 1355 1804 tu
1388 1765 1596 1812 arbitrare;

261 1845 351 1877 non,
389 1831 419 1869 si
455 1831 642 1869 Varronis
676 1832 906 1869 thensauros
943 1832 1141 1880 haberem,
1177 1831 1388 1871 subsistere
1423 1831 1595 1882 sumptui
1617 1847 1654 1879 25

260 1910 428 1946 possem.
489 1898 592 1937 Cum
628 1896 798 1948 primum
832 1899 881 1936 de
918 1897 1094 1937 Antonio
1130 1899 1372 1948 exploratum
1407 1898 1592 1945 habuero,

260 1961 399 2000 faciam
422 1970 458 2001 te
479 1962 696 2001 certiorem.
757 1965 818 2001 Tu
847 1977 908 2001 me
933 1963 1085 2002 amabis
1107 1963 1169 2010 ita,
1194 1962 1222 2002 si
1245 1964 1321 2002 hoc
1343 1962 1448 2002 idem
1471 1977 1533 2002 me
1555 1962 1594 2001 in

260 2035 297 2065 te
319 2029 444 2066 facere
465 2027 641 2067 senseris.
703 2041 747 2067 111
772 2030 876 2067 Non.
903 2029 995 2067 Mai.
1020 2044 1065 2067 ex
1086 2028 1220 2068 castris
1244 2030 1429 2067 Dertona.

304 2155 321 2181 4
350 2143 426 2174 Huc
446 2144 530 2184 vulg.
672 2154 703 2173 11
734 2154 832 2174 rusus
851 2144 910 2174 M:
937 2154 1051 2175 rursus
1068 2143 1141 2174 HD
1267 2154 1303 2173 21
1335 2139 1429 2185 '30'OE
1450 2158 1497 2181 r:
1516 2142 1589 2174 HS.

260 2198 473 2225 40.000.000,÷
497 2187 744 2218 Menddssolm:
769 2198 848 2218 cccc
869 2188 952 2228 vulg.
1105 2197 1146 2226 23
1170 2192 1300 2227 septem
1327 2187 1480 2218 nimirum
1503 2197 1592 2218 nunc

260 2232 412 2270 legiones
425 2231 527 2262 Boot:
544 2233 625 2270 fort.
645 2236 774 2270 septem
796 2232 990 2272 [numerum
1003 2231 1185 2274 glossema]
1206 2242 1295 2262 nunc
1312 2231 1466 2271 legiones
1551 2240 1592 2270 25

260 2276 466 2306 thensauros
484 2275 539 2305 M:
567 2275 745 2306 thesauros
762 2275 835 2305 HD
