<?xml version="1.0" encoding="UTF-8"?>
<!DOCTYPE html PUBLIC "-//W3C//DTD XHTML 1.0 Transitional//EN"
    "http://www.w3.org/TR/xhtml1/DTD/xhtml1-transitional.dtd">
<html xmlns="http://www.w3.org/1999/xhtml" xml:lang="en" lang="en">
 <head>
  <title>
</title>
<meta http-equiv="Content-Type" content="text/html;charset=utf-8" />
  <meta name='ocr-system' content='tesseract 3.04.00' />
  <meta name='ocr-capabilities' content='ocr_page ocr_carea ocr_par ocr_line ocrx_word'/>
</head>
<body>
  <div class='ocr_page' id='page_1' title='image "./epistulaerecogno01ciceuoft_0401.png"; bbox 0 0 1791 2796; ppageno 0'>
   <div class='ocr_carea' id='block_1_1' title="bbox 568 165 1687 205">
    <p class='ocr_par' dir='ltr' id='par_1_1' title="bbox 568 165 1687 205">
     <span class='ocr_line' id='line_1_1' title="bbox 568 165 1687 205; baseline 0.003 -3"><span class='ocrx_word' id='word_1_1' title='bbox 568 165 680 202; x_wconf 83' lang='lat' dir='ltr'><strong>EPP.</strong></span> <span class='ocrx_word' id='word_1_2' title='bbox 714 165 790 201; x_wconf 79' lang='lat' dir='ltr'>AD</span> <span class='ocrx_word' id='word_1_3' title='bbox 824 165 1171 203; x_wconf 79' lang='lat' dir='ltr'><strong>FAMILIARES</strong></span> <span class='ocrx_word' id='word_1_4' title='bbox 1479 167 1573 205; x_wconf 92' lang='lat' dir='ltr'>XII.</span> <span class='ocrx_word' id='word_1_5' title='bbox 1593 175 1687 205; x_wconf 84' lang='lat' dir='ltr'>xxx</span> 
     </span>
    </p>
   </div>
   <div class='ocr_carea' id='block_1_2' title="bbox 143 273 1578 2281">
    <p class='ocr_par' dir='ltr' id='par_1_2' title="bbox 143 273 1578 2281">
     <span class='ocr_line' id='line_1_2' title="bbox 199 273 1534 325; baseline 0.002 -12"><span class='ocrx_word' id='word_1_6' title='bbox 199 275 322 313; x_wconf 90' lang='lat' dir='ltr'>detur.</span> <span class='ocrx_word' id='word_1_7' title='bbox 384 276 477 314; x_wconf 89' lang='lat' dir='ltr'>Non</span> <span class='ocrx_word' id='word_1_8' title='bbox 504 274 610 313; x_wconf 88' lang='lat' dir='ltr'>enim</span> <span class='ocrx_word' id='word_1_9' title='bbox 632 282 668 314; x_wconf 87' lang='lat' dir='ltr'>te</span> <span class='ocrx_word' id='word_1_10' title='bbox 691 273 867 325; x_wconf 84' lang='lat' dir='ltr'>epistulis</span> <span class='ocrx_word' id='word_1_11' title='bbox 896 276 966 313; x_wconf 88' lang='lat' dir='ltr'>sed</span> <span class='ocrx_word' id='word_1_12' title='bbox 988 276 1255 314; x_wconf 86' lang='lat' dir='ltr'>voluminibus</span> <span class='ocrx_word' id='word_1_13' title='bbox 1277 277 1508 316; x_wconf 77' lang='lat' dir='ltr'>lacesserem</span> <span class='ocrx_word' id='word_1_14' title='bbox 1524 293 1534 325; x_wconf 81' lang='lat'>,-</span> 
     </span>
     <span class='ocr_line' id='line_1_3' title="bbox 199 339 1532 391; baseline 0.002 -13"><span class='ocrx_word' id='word_1_15' title='bbox 199 339 343 390; x_wconf 89' lang='lat' dir='ltr'>quibus</span> <span class='ocrx_word' id='word_1_16' title='bbox 378 340 540 391; x_wconf 90' lang='lat' dir='ltr'>quidem</span> <span class='ocrx_word' id='word_1_17' title='bbox 582 354 644 379; x_wconf 90' lang='lat' dir='ltr'>me</span> <span class='ocrx_word' id='word_1_18' title='bbox 683 354 706 378; x_wconf 80' lang='lat' dir='ltr'>a</span> <span class='ocrx_word' id='word_1_19' title='bbox 746 348 783 379; x_wconf 90' lang='lat' dir='ltr'>te</span> <span class='ocrx_word' id='word_1_20' title='bbox 822 340 1025 390; x_wconf 85' lang='lat' dir='ltr'>provocari</span> <span class='ocrx_word' id='word_1_21' title='bbox 1047 341 1278 391; x_wconf 58' lang='lat' dir='ltr'>„oportebat</span> <span class='ocrx_word' id='word_1_22' title='bbox 1341 341 1532 391; x_wconf 82' lang='lat' dir='ltr'>Quamvis</span> 
     </span>
     <span class='ocr_line' id='line_1_4' title="bbox 199 405 1532 456; baseline 0.001 -12"><span class='ocrx_word' id='word_1_23' title='bbox 199 405 305 444; x_wconf 91' lang='lat' dir='ltr'>enim</span> <span class='ocrx_word' id='word_1_24' title='bbox 337 414 552 456; x_wconf 84' lang='lat' dir='ltr'>occupatus</span> <span class='ocrx_word' id='word_1_25' title='bbox 587 405 647 451; x_wconf 88' lang='lat' dir='ltr'>sis,</span> <span class='ocrx_word' id='word_1_26' title='bbox 682 405 735 443; x_wconf 91' lang='lat' dir='ltr'>oti</span> <span class='ocrx_word' id='word_1_27' title='bbox 767 413 898 444; x_wconf 87' lang='lat' dir='ltr'>tamen</span> <span class='ocrx_word' id='word_1_28' title='bbox 930 407 1016 455; x_wconf 89' lang='lat' dir='ltr'>plus</span> <span class='ocrx_word' id='word_1_29' title='bbox 1047 406 1197 453; x_wconf 76' lang='lat' dir='ltr'>habes3</span> <span class='ocrx_word' id='word_1_30' title='bbox 1244 414 1320 453; x_wconf 87' lang='lat' dir='ltr'>aut,</span> <span class='ocrx_word' id='word_1_31' title='bbox 1355 407 1385 445; x_wconf 89' lang='lat' dir='ltr'>si</span> <span class='ocrx_word' id='word_1_32' title='bbox 1414 421 1463 446; x_wconf 88' lang='lat' dir='ltr'>ne</span> <span class='ocrx_word' id='word_1_33' title='bbox 1491 415 1532 445; x_wconf 91' lang='lat' dir='ltr'>tu</span> 
     </span>
     <span class='ocr_line' id='line_1_5' title="bbox 199 470 1532 521; baseline 0.001 -12"><span class='ocrx_word' id='word_1_34' title='bbox 199 470 362 521; x_wconf 90' lang='lat' dir='ltr'>quidem</span> <span class='ocrx_word' id='word_1_35' title='bbox 403 484 527 518; x_wconf 85' lang='lat' dir='ltr'>vacas,</span> <span class='ocrx_word' id='word_1_36' title='bbox 570 470 650 509; x_wconf 85' lang='lat' dir='ltr'>noli</span> <span class='ocrx_word' id='word_1_37' title='bbox 690 470 901 521; x_wconf 89' lang='lat' dir='ltr'>impudens</span> <span class='ocrx_word' id='word_1_38' title='bbox 934 484 1018 508; x_wconf 88' lang='lat' dir='ltr'>esse</span> <span class='ocrx_word' id='word_1_39' title='bbox 1059 484 1132 509; x_wconf 91' lang='lat' dir='ltr'>nec</span> <span class='ocrx_word' id='word_1_40' title='bbox 1172 471 1268 509; x_wconf 82' lang='lat' dir='ltr'>mihi</span> <span class='ocrx_word' id='word_1_41' title='bbox 1310 472 1532 511; x_wconf 78' lang='lat' dir='ltr'>molestiam</span> 
     </span>
     <span class='ocr_line' id='line_1_6' title="bbox 163 535 1529 585; baseline 0.001 -11"><span class='ocrx_word' id='word_1_42' title='bbox 163 546 179 577; x_wconf 82' lang='grc'><strong><em>5</em></strong></span> <span class='ocrx_word' id='word_1_43' title='bbox 199 536 383 575; x_wconf 85' lang='lat' dir='ltr'>exhibere</span> <span class='ocrx_word' id='word_1_44' title='bbox 404 544 442 575; x_wconf 91' lang='lat' dir='ltr'>et</span> <span class='ocrx_word' id='word_1_45' title='bbox 463 550 485 574; x_wconf 89' lang='lat' dir='ltr'>a</span> <span class='ocrx_word' id='word_1_46' title='bbox 499 549 562 574; x_wconf 90' lang='lat' dir='ltr'>me</span> <span class='ocrx_word' id='word_1_47' title='bbox 583 535 727 574; x_wconf 81' lang='lat' dir='ltr'>litteras</span> <span class='ocrx_word' id='word_1_48' title='bbox 745 535 969 582; x_wconf 77' lang='lat' dir='ltr'>crebriores,</span> <span class='ocrx_word' id='word_1_49' title='bbox 989 549 1078 574; x_wconf 88' lang='lat' dir='ltr'>cum</span> <span class='ocrx_word' id='word_1_50' title='bbox 1101 544 1141 574; x_wconf 89' lang='lat' dir='ltr'>tu</span> <span class='ocrx_word' id='word_1_51' title='bbox 1164 536 1260 574; x_wconf 87' lang='lat' dir='ltr'>mihi</span> <span class='ocrx_word' id='word_1_52' title='bbox 1281 550 1365 575; x_wconf 80' lang='lat' dir='ltr'>raro</span> <span class='ocrx_word' id='word_1_53' title='bbox 1388 537 1529 585; x_wconf 81' lang='lat' dir='ltr'>mittas,</span> 
     </span>
     <span class='ocr_line' id='line_1_7' title="bbox 200 600 1576 652; baseline 0.001 -13"><span class='ocrx_word' id='word_1_54' title='bbox 200 600 380 650; x_wconf 84' lang='lat' dir='ltr'>flagitare.</span> <span class='ocrx_word' id='word_1_55' title='bbox 443 602 547 639; x_wconf 85' lang='lat' dir='ltr'>Nam</span> <span class='ocrx_word' id='word_1_56' title='bbox 572 614 662 639; x_wconf 91' lang='lat' dir='ltr'>cum</span> <span class='ocrx_word' id='word_1_57' title='bbox 690 608 805 639; x_wconf 77' lang='lat' dir='ltr'>antea</span> <span class='ocrx_word' id='word_1_58' title='bbox 826 600 1042 639; x_wconf 81' lang='lat' dir='ltr'>distinebar</span> <span class='ocrx_word' id='word_1_59' title='bbox 1063 600 1241 639; x_wconf 79' lang='lat' dir='ltr'>maximis</span> <span class='ocrx_word' id='word_1_60' title='bbox 1266 602 1532 652; x_wconf 80' lang='lat' dir='ltr'>occupationi-</span> <span class='ocrx_word' id='word_1_61' title='bbox 1552 615 1576 642; x_wconf 88' lang='lat'>2</span> 
     </span>
     <span class='ocr_line' id='line_1_8' title="bbox 200 665 1531 716; baseline 0.002 -12"><span class='ocrx_word' id='word_1_62' title='bbox 200 667 283 712; x_wconf 88' lang='lat' dir='ltr'>bus,</span> <span class='ocrx_word' id='word_1_63' title='bbox 318 674 523 716; x_wconf 87' lang='lat' dir='ltr'>propterea</span> <span class='ocrx_word' id='word_1_64' title='bbox 557 667 665 716; x_wconf 89' lang='lat' dir='ltr'>quod</span> <span class='ocrx_word' id='word_1_65' title='bbox 695 665 880 704; x_wconf 87' lang='lat' dir='ltr'>omnibus</span> <span class='ocrx_word' id='word_1_66' title='bbox 911 665 1012 704; x_wconf 89' lang='lat' dir='ltr'>curis</span> <span class='ocrx_word' id='word_1_67' title='bbox 1042 679 1120 703; x_wconf 80' lang='lat' dir='ltr'>rem</span> <span class='ocrx_word' id='word_1_68' title='bbox 1143 673 1185 716; x_wconf 70' lang='lat' dir='ltr'>jv.</span> <span class='ocrx_word' id='word_1_69' title='bbox 1218 666 1314 704; x_wconf 90' lang='lat' dir='ltr'>mihi</span> <span class='ocrx_word' id='word_1_70' title='bbox 1342 668 1531 706; x_wconf 87' lang='lat' dir='ltr'>tuendam</span> 
     </span>
     <span class='ocr_line' id='line_1_9' title="bbox 199 730 1533 782; baseline 0.001 -13"><span class='ocrx_word' id='word_1_71' title='bbox 199 731 397 782; x_wconf 89' lang='lat' dir='ltr'>putabam,</span> <span class='ocrx_word' id='word_1_72' title='bbox 415 740 499 770; x_wconf 91' lang='lat' dir='ltr'>tum</span> <span class='ocrx_word' id='word_1_73' title='bbox 516 733 592 770; x_wconf 84' lang='lat' dir='ltr'>hoc</span> <span class='ocrx_word' id='word_1_74' title='bbox 607 739 782 782; x_wconf 89' lang='lat' dir='ltr'>tempore</span> <span class='ocrx_word' id='word_1_75' title='bbox 801 732 924 769; x_wconf 90' lang='lat' dir='ltr'>multo</span> <span class='ocrx_word' id='word_1_76' title='bbox 941 730 1130 770; x_wconf 87' lang='lat' dir='ltr'>distineor</span> <span class='ocrx_word' id='word_1_77' title='bbox 1144 731 1427 770; x_wconf 74' lang='lat' dir='ltr'>vehementius.</span> <span class='ocrx_word' id='word_1_78' title='bbox 1477 734 1533 772; x_wconf 92' lang='lat' dir='ltr'>Ut</span> 
     </span>
     <span class='ocr_line' id='line_1_10' title="bbox 199 796 1532 846; baseline 0.002 -13"><span class='ocrx_word' id='word_1_79' title='bbox 199 796 305 834; x_wconf 88' lang='lat' dir='ltr'>enim</span> <span class='ocrx_word' id='word_1_80' title='bbox 325 796 477 846; x_wconf 82' lang='lat' dir='ltr'>gravius</span> <span class='ocrx_word' id='word_1_81' title='bbox 499 803 701 846; x_wconf 83' lang='lat' dir='ltr'>aegrotant</span> <span class='ocrx_word' id='word_1_82' title='bbox 726 796 750 833; x_wconf 90' lang='lat' dir='ltr'>ii</span> <span class='ocrx_word' id='word_1_83' title='bbox 772 796 850 846; x_wconf 88' lang='lat' dir='ltr'>qui,</span> <span class='ocrx_word' id='word_1_84' title='bbox 869 809 959 834; x_wconf 91' lang='lat' dir='ltr'>cum</span> <span class='ocrx_word' id='word_1_85' title='bbox 981 796 1096 834; x_wconf 88' lang='lat' dir='ltr'>levati</span> <span class='ocrx_word' id='word_1_86' title='bbox 1118 796 1257 835; x_wconf 87' lang='lat' dir='ltr'>morbo</span> <span class='ocrx_word' id='word_1_87' title='bbox 1278 796 1469 844; x_wconf 82' lang='lat' dir='ltr'>videntur,</span> <span class='ocrx_word' id='word_1_88' title='bbox 1494 797 1532 835; x_wconf 88' lang='lat' dir='ltr'>in</span> 
     </span>
     <span class='ocr_line' id='line_1_11' title="bbox 143 861 1530 911; baseline 0.003 -15"><span class='ocrx_word' id='word_1_89' title='bbox 143 874 180 896; x_wconf 95' lang='lat'>10</span> <span class='ocrx_word' id='word_1_90' title='bbox 199 874 290 899; x_wconf 89' lang='lat' dir='ltr'>eum</span> <span class='ocrx_word' id='word_1_91' title='bbox 311 862 360 899; x_wconf 91' lang='lat' dir='ltr'>de</span> <span class='ocrx_word' id='word_1_92' title='bbox 388 861 538 911; x_wconf 83' lang='lat' dir='ltr'>integro</span> <span class='ocrx_word' id='word_1_93' title='bbox 566 861 799 908; x_wconf 84' lang='lat' dir='ltr'>inciderunt,</span> <span class='ocrx_word' id='word_1_94' title='bbox 823 861 877 899; x_wconf 86' lang='lat' dir='ltr'>sic</span> <span class='ocrx_word' id='word_1_95' title='bbox 899 861 1170 900; x_wconf 86' lang='lat' dir='ltr'>vehementius</span> <span class='ocrx_word' id='word_1_96' title='bbox 1197 875 1269 899; x_wconf 89' lang='lat' dir='ltr'>nos</span> <span class='ocrx_word' id='word_1_97' title='bbox 1297 862 1530 909; x_wconf 80' lang='lat' dir='ltr'>laboramus,</span> 
     </span>
     <span class='ocr_line' id='line_1_12' title="bbox 200 926 1531 980; baseline 0.001 -16"><span class='ocrx_word' id='word_1_98' title='bbox 200 927 266 976; x_wconf 90' lang='lat' dir='ltr'>qui</span> <span class='ocrx_word' id='word_1_99' title='bbox 301 926 506 976; x_wconf 81' lang='lat' dir='ltr'>profligato</span> <span class='ocrx_word' id='word_1_100' title='bbox 542 927 651 980; x_wconf 16' lang='lat' dir='ltr'>‘bello</span> <span class='ocrx_word' id='word_1_101' title='bbox 691 940 736 964; x_wconf 82' lang='lat' dir='ltr'>ac</span> <span class='ocrx_word' id='word_1_102' title='bbox 771 940 896 976; x_wconf 86' lang='lat' dir='ltr'>paene</span> <span class='ocrx_word' id='word_1_103' title='bbox 932 927 1087 965; x_wconf 87' lang='lat' dir='ltr'>sublato</span> <span class='ocrx_word' id='word_1_104' title='bbox 1120 934 1351 965; x_wconf 80' lang='lat' dir='ltr'>renovatum</span> <span class='ocrx_word' id='word_1_105' title='bbox 1385 928 1531 965; x_wconf 91' lang='lat' dir='ltr'>bellum</span> 
     </span>
     <span class='ocr_line' id='line_1_13' title="bbox 199 993 1026 1042; baseline 0 -12"><span class='ocrx_word' id='word_1_106' title='bbox 199 1005 329 1042; x_wconf 83' lang='lat' dir='ltr'>gerere</span> <span class='ocrx_word' id='word_1_107' title='bbox 351 1005 549 1030; x_wconf 85' lang='lat' dir='ltr'>conamur.</span> <span class='ocrx_word' id='word_1_108' title='bbox 610 993 687 1030; x_wconf 86' lang='lat' dir='ltr'>Sed</span> <span class='ocrx_word' id='word_1_109' title='bbox 709 993 805 1030; x_wconf 86' lang='lat' dir='ltr'>haec</span> <span class='ocrx_word' id='word_1_110' title='bbox 826 993 1026 1030; x_wconf 72' lang='lat' dir='ltr'>hactenus</span> 
     </span>
     <span class='ocr_line' id='line_1_14' title="bbox 254 1056 1576 1107; baseline 0.002 -12"><span class='ocrx_word' id='word_1_111' title='bbox 254 1059 316 1095; x_wconf 91' lang='lat' dir='ltr'>Tu</span> <span class='ocrx_word' id='word_1_112' title='bbox 338 1056 418 1103; x_wconf 88' lang='lat' dir='ltr'>tibi,</span> <span class='ocrx_word' id='word_1_113' title='bbox 444 1057 496 1094; x_wconf 88' lang='lat' dir='ltr'>mi</span> <span class='ocrx_word' id='word_1_114' title='bbox 518 1057 715 1104; x_wconf 87' lang='lat' dir='ltr'>Cornifici,</span> <span class='ocrx_word' id='word_1_115' title='bbox 741 1058 800 1095; x_wconf 90' lang='lat' dir='ltr'>fac</span> <span class='ocrx_word' id='word_1_116' title='bbox 831 1065 887 1095; x_wconf 85' lang='lat' dir='ltr'>ut.</span> <span class='ocrx_word' id='word_1_117' title='bbox 898 1060 1135 1107; x_wconf 85' lang='lat' dir='ltr'>persuadeas</span> <span class='ocrx_word' id='word_1_118' title='bbox 1157 1073 1237 1098; x_wconf 87' lang='lat' dir='ltr'>non</span> <span class='ocrx_word' id='word_1_119' title='bbox 1261 1072 1345 1098; x_wconf 88' lang='lat' dir='ltr'>esse</span> <span class='ocrx_word' id='word_1_120' title='bbox 1367 1073 1430 1097; x_wconf 90' lang='lat' dir='ltr'>me</span> <span class='ocrx_word' id='word_1_121' title='bbox 1452 1067 1530 1097; x_wconf 90' lang='lat' dir='ltr'>tam</span> <span class='ocrx_word' id='word_1_122' title='bbox 1552 1069 1576 1106; x_wconf 89' lang='lat'>3</span> 
     </span>
     <span class='ocr_line' id='line_1_15' title="bbox 202 1121 1532 1175; baseline 0.002 -15"><span class='ocrx_word' id='word_1_123' title='bbox 202 1121 400 1161; x_wconf 87' lang='lat' dir='ltr'>imbecillo</span> <span class='ocrx_word' id='word_1_124' title='bbox 420 1122 564 1170; x_wconf 87' lang='lat' dir='ltr'>animo,</span> <span class='ocrx_word' id='word_1_125' title='bbox 588 1136 637 1161; x_wconf 91' lang='lat' dir='ltr'>ne</span> <span class='ocrx_word' id='word_1_126' title='bbox 666 1122 795 1161; x_wconf 91' lang='lat' dir='ltr'>dicam</span> <span class='ocrx_word' id='word_1_127' title='bbox 824 1122 1052 1170; x_wconf 77' lang='lat' dir='ltr'>inhumano,</span> <span class='ocrx_word' id='word_1_128' title='bbox 1076 1132 1118 1162; x_wconf 93' lang='lat' dir='ltr'>ut</span> <span class='ocrx_word' id='word_1_129' title='bbox 1145 1138 1167 1163; x_wconf 87' lang='lat' dir='ltr'>a</span> <span class='ocrx_word' id='word_1_130' title='bbox 1197 1133 1235 1164; x_wconf 90' lang='lat' dir='ltr'>te</span> <span class='ocrx_word' id='word_1_131' title='bbox 1260 1125 1363 1163; x_wconf 78' lang='lat' dir='ltr'>vinci</span> <span class='ocrx_word' id='word_1_132' title='bbox 1384 1124 1532 1175; x_wconf 87' lang='lat' dir='ltr'>possim</span> 
     </span>
     <span class='ocr_line' id='line_1_16' title="bbox 146 1187 1532 1240; baseline 0.002 -15"><span class='ocrx_word' id='word_1_133' title='bbox 146 1204 182 1235; x_wconf 80' lang='lat'>15</span> <span class='ocrx_word' id='word_1_134' title='bbox 202 1196 267 1226; x_wconf 85' lang='lat' dir='ltr'>aut</span> <span class='ocrx_word' id='word_1_135' title='bbox 300 1187 435 1226; x_wconf 88' lang='lat' dir='ltr'>officiis</span> <span class='ocrx_word' id='word_1_136' title='bbox 467 1196 533 1226; x_wconf 90' lang='lat' dir='ltr'>aut</span> <span class='ocrx_word' id='word_1_137' title='bbox 566 1201 709 1226; x_wconf 86' lang='lat' dir='ltr'>amore.</span> <span class='ocrx_word' id='word_1_138' title='bbox 770 1188 864 1226; x_wconf 88' lang='lat' dir='ltr'>Non</span> <span class='ocrx_word' id='word_1_139' title='bbox 901 1188 1132 1227; x_wconf 85' lang='lat' dir='ltr'>dubitabam</span> <span class='ocrx_word' id='word_1_140' title='bbox 1166 1190 1363 1240; x_wconf 84' lang='lat' dir='ltr'>equidem,</span> <span class='ocrx_word' id='word_1_141' title='bbox 1398 1203 1532 1228; x_wconf 84' lang='lat' dir='ltr'>verum</span> 
     </span>
     <span class='ocr_line' id='line_1_17' title="bbox 203 1253 1532 1305; baseline 0.002 -14"><span class='ocrx_word' id='word_1_142' title='bbox 203 1262 335 1292; x_wconf 90' lang='lat' dir='ltr'>tamen</span> <span class='ocrx_word' id='word_1_143' title='bbox 353 1255 476 1291; x_wconf 88' lang='lat' dir='ltr'>multo</span> <span class='ocrx_word' id='word_1_144' title='bbox 493 1253 589 1291; x_wconf 89' lang='lat' dir='ltr'>mihi</span> <span class='ocrx_word' id='word_1_145' title='bbox 606 1253 799 1291; x_wconf 89' lang='lat' dir='ltr'>notiorem</span> <span class='ocrx_word' id='word_1_146' title='bbox 813 1266 988 1291; x_wconf 86' lang='lat' dir='ltr'>amorem</span> <span class='ocrx_word' id='word_1_147' title='bbox 1003 1261 1114 1292; x_wconf 90' lang='lat' dir='ltr'>tuum</span> <span class='ocrx_word' id='word_1_148' title='bbox 1131 1255 1258 1293; x_wconf 87' lang='lat' dir='ltr'>effecit</span> <span class='ocrx_word' id='word_1_149' title='bbox 1276 1255 1532 1305; x_wconf 86' lang='lat' dir='ltr'>Chaerippus.</span> 
     </span>
     <span class='ocr_line' id='line_1_18' title="bbox 207 1317 1535 1370; baseline 0.002 -13"><span class='ocrx_word' id='word_1_150' title='bbox 207 1319 242 1357; x_wconf 93' lang='lat' dir='ltr'>O</span> <span class='ocrx_word' id='word_1_151' title='bbox 263 1318 465 1358; x_wconf 87' lang='lat' dir='ltr'>hominem</span> <span class='ocrx_word' id='word_1_152' title='bbox 497 1332 650 1369; x_wconf 86' lang='lat' dir='ltr'>semper</span> <span class='ocrx_word' id='word_1_153' title='bbox 676 1318 785 1355; x_wconf 87' lang='lat' dir='ltr'>illum</span> <span class='ocrx_word' id='word_1_154' title='bbox 817 1317 977 1368; x_wconf 90' lang='lat' dir='ltr'>quidem</span> <span class='ocrx_word' id='word_1_155' title='bbox 1010 1319 1106 1357; x_wconf 83' lang='lat' dir='ltr'>mihi</span> <span class='ocrx_word' id='word_1_156' title='bbox 1136 1328 1283 1370; x_wconf 79' lang='lat' dir='ltr'>aptum,</span> <span class='ocrx_word' id='word_1_157' title='bbox 1317 1333 1423 1358; x_wconf 87' lang='lat' dir='ltr'>nunc</span> <span class='ocrx_word' id='word_1_158' title='bbox 1443 1334 1535 1360; x_wconf 87' lang='lat' dir='ltr'>vero</span> 
     </span>
     <span class='ocr_line' id='line_1_19' title="bbox 206 1383 1535 1436; baseline 0.002 -15"><span class='ocrx_word' id='word_1_159' title='bbox 206 1383 322 1422; x_wconf 85' lang='lat' dir='ltr'>etiam</span> <span class='ocrx_word' id='word_1_160' title='bbox 359 1388 542 1423; x_wconf 79' lang='lat' dir='ltr'>suavem!</span> <span class='ocrx_word' id='word_1_161' title='bbox 602 1384 744 1420; x_wconf 84' lang='lat' dir='ltr'>Vultus</span> <span class='ocrx_word' id='word_1_162' title='bbox 785 1396 847 1421; x_wconf 88' lang='lat' dir='ltr'>me</span> <span class='ocrx_word' id='word_1_163' title='bbox 883 1384 1041 1422; x_wconf 86' lang='lat' dir='ltr'>hercule</span> <span class='ocrx_word' id='word_1_164' title='bbox 1082 1392 1169 1422; x_wconf 89' lang='lat' dir='ltr'>tuos</span> <span class='ocrx_word' id='word_1_165' title='bbox 1210 1384 1305 1422; x_wconf 85' lang='lat' dir='ltr'>mihi</span> <span class='ocrx_word' id='word_1_166' title='bbox 1346 1386 1535 1436; x_wconf 79' lang='lat' dir='ltr'>expressit</span> 
     </span>
     <span class='ocr_line' id='line_1_20' title="bbox 206 1448 1535 1500; baseline 0.002 -14"><span class='ocrx_word' id='word_1_167' title='bbox 206 1449 344 1495; x_wconf 79' lang='lat' dir='ltr'>omnis,</span> <span class='ocrx_word' id='word_1_168' title='bbox 371 1463 451 1487; x_wconf 88' lang='lat' dir='ltr'>non</span> <span class='ocrx_word' id='word_1_169' title='bbox 482 1451 610 1488; x_wconf 88' lang='lat' dir='ltr'>solum</span> <span class='ocrx_word' id='word_1_170' title='bbox 642 1448 817 1486; x_wconf 85' lang='lat' dir='ltr'>animum</span> <span class='ocrx_word' id='word_1_171' title='bbox 846 1462 890 1486; x_wconf 87' lang='lat' dir='ltr'>ac</span> <span class='ocrx_word' id='word_1_172' title='bbox 918 1450 1038 1488; x_wconf 75' lang='lat' dir='ltr'>verba</span> <span class='ocrx_word' id='word_1_173' title='bbox 1063 1449 1231 1499; x_wconf 86' lang='lat' dir='ltr'>pertulit.</span> <span class='ocrx_word' id='word_1_174' title='bbox 1293 1452 1433 1500; x_wconf 87' lang='lat' dir='ltr'>Itaque</span> <span class='ocrx_word' id='word_1_175' title='bbox 1453 1451 1535 1489; x_wconf 88' lang='lat' dir='ltr'>noli</span> 
     </span>
     <span class='ocr_line' id='line_1_21' title="bbox 146 1512 1535 1565; baseline 0.003 -16"><span class='ocrx_word' id='word_1_176' title='bbox 146 1529 185 1549; x_wconf 87' lang='lat'>20</span> <span class='ocrx_word' id='word_1_177' title='bbox 205 1514 326 1552; x_wconf 76' lang='lat' dir='ltr'>vereri</span> <span class='ocrx_word' id='word_1_178' title='bbox 357 1528 406 1553; x_wconf 87' lang='lat' dir='ltr'>ne</span> <span class='ocrx_word' id='word_1_179' title='bbox 437 1514 507 1553; x_wconf 90' lang='lat' dir='ltr'>tibi</span> <span class='ocrx_word' id='word_1_180' title='bbox 539 1512 837 1559; x_wconf 88' lang='lat' dir='ltr'>suscensuerim,</span> <span class='ocrx_word' id='word_1_181' title='bbox 866 1514 975 1563; x_wconf 91' lang='lat' dir='ltr'>quod</span> <span class='ocrx_word' id='word_1_182' title='bbox 1006 1515 1149 1552; x_wconf 85' lang='lat' dir='ltr'>eodem</span> <span class='ocrx_word' id='word_1_183' title='bbox 1179 1516 1360 1565; x_wconf 77' lang='lat' dir='ltr'>exemplo</span> <span class='ocrx_word' id='word_1_184' title='bbox 1391 1516 1441 1554; x_wconf 92' lang='lat' dir='ltr'>ad</span> <span class='ocrx_word' id='word_1_185' title='bbox 1472 1529 1535 1554; x_wconf 84' lang='lat' dir='ltr'>me</span> 
     </span>
     <span class='ocr_line' id='line_1_22' title="bbox 204 1577 1534 1630; baseline 0 -12"><span class='ocrx_word' id='word_1_186' title='bbox 204 1593 283 1629; x_wconf 87' lang='lat' dir='ltr'>quo</span> <span class='ocrx_word' id='word_1_187' title='bbox 304 1580 354 1618; x_wconf 86' lang='lat' dir='ltr'>ad</span> <span class='ocrx_word' id='word_1_188' title='bbox 383 1587 543 1618; x_wconf 87' lang='lat' dir='ltr'>ceteros.</span> <span class='ocrx_word' id='word_1_189' title='bbox 609 1577 811 1628; x_wconf 79' lang='lat' dir='ltr'>Requisivi</span> <span class='ocrx_word' id='word_1_190' title='bbox 834 1578 1020 1628; x_wconf 80' lang='lat' dir='ltr'>equidem</span> <span class='ocrx_word' id='word_1_191' title='bbox 1050 1579 1224 1630; x_wconf 87' lang='lat' dir='ltr'>proprias</span> <span class='ocrx_word' id='word_1_192' title='bbox 1255 1581 1305 1618; x_wconf 90' lang='lat' dir='ltr'>ad</span> <span class='ocrx_word' id='word_1_193' title='bbox 1327 1593 1389 1619; x_wconf 90' lang='lat' dir='ltr'>me</span> <span class='ocrx_word' id='word_1_194' title='bbox 1410 1593 1534 1619; x_wconf 88' lang='lat' dir='ltr'>unum</span> 
     </span>
     <span class='ocr_line' id='line_1_23' title="bbox 203 1645 1148 1695; baseline 0.002 -13"><span class='ocrx_word' id='word_1_195' title='bbox 203 1645 358 1691; x_wconf 90' lang='lat' dir='ltr'>litteras,</span> <span class='ocrx_word' id='word_1_196' title='bbox 383 1646 452 1684; x_wconf 88' lang='lat' dir='ltr'>sed</span> <span class='ocrx_word' id='word_1_197' title='bbox 475 1658 604 1695; x_wconf 88' lang='lat' dir='ltr'>neque</span> <span class='ocrx_word' id='word_1_198' title='bbox 626 1645 880 1683; x_wconf 87' lang='lat' dir='ltr'>vehementer</span> <span class='ocrx_word' id='word_1_199' title='bbox 902 1652 940 1683; x_wconf 90' lang='lat' dir='ltr'>et</span> <span class='ocrx_word' id='word_1_200' title='bbox 961 1652 1148 1684; x_wconf 84' lang='lat' dir='ltr'>amanter.</span> 
     </span>
     <span class='ocr_line' id='line_1_24' title="bbox 259 1708 1578 1761; baseline 0.002 -13"><span class='ocrx_word' id='word_1_201' title='bbox 259 1712 320 1749; x_wconf 85' lang='lat' dir='ltr'>De</span> <span class='ocrx_word' id='word_1_202' title='bbox 350 1718 520 1761; x_wconf 79' lang='lat' dir='ltr'>sumptu,</span> <span class='ocrx_word' id='word_1_203' title='bbox 545 1723 663 1761; x_wconf 90' lang='lat' dir='ltr'>quem</span> <span class='ocrx_word' id='word_1_204' title='bbox 691 1717 729 1747; x_wconf 87' lang='lat' dir='ltr'>te</span> <span class='ocrx_word' id='word_1_205' title='bbox 760 1708 798 1746; x_wconf 89' lang='lat' dir='ltr'>in</span> <span class='ocrx_word' id='word_1_206' title='bbox 830 1722 910 1747; x_wconf 88' lang='lat' dir='ltr'>rem</span> <span class='ocrx_word' id='word_1_207' title='bbox 943 1709 1149 1749; x_wconf 88' lang='lat' dir='ltr'>militarem</span> <span class='ocrx_word' id='word_1_208' title='bbox 1181 1712 1307 1750; x_wconf 89' lang='lat' dir='ltr'>facere</span> <span class='ocrx_word' id='word_1_209' title='bbox 1338 1718 1375 1749; x_wconf 92' lang='lat' dir='ltr'>et</span> <span class='ocrx_word' id='word_1_210' title='bbox 1397 1711 1534 1751; x_wconf 85' lang='lat' dir='ltr'>fecisse</span> <span class='ocrx_word' id='word_1_211' title='bbox 1552 1721 1578 1759; x_wconf 92' lang='lat'>4</span> 
     </span>
     <span class='ocr_line' id='line_1_25' title="bbox 203 1773 1534 1826; baseline 0.002 -13"><span class='ocrx_word' id='word_1_212' title='bbox 203 1775 313 1822; x_wconf 85' lang='lat' dir='ltr'>dicis,</span> <span class='ocrx_word' id='word_1_213' title='bbox 347 1775 443 1813; x_wconf 82' lang='lat' dir='ltr'>nihil</span> <span class='ocrx_word' id='word_1_214' title='bbox 478 1789 571 1814; x_wconf 88' lang='lat' dir='ltr'>sane</span> <span class='ocrx_word' id='word_1_215' title='bbox 601 1789 761 1826; x_wconf 87' lang='lat' dir='ltr'>possum</span> <span class='ocrx_word' id='word_1_216' title='bbox 797 1773 867 1812; x_wconf 86' lang='lat' dir='ltr'>tibi</span> <span class='ocrx_word' id='word_1_217' title='bbox 898 1774 1089 1825; x_wconf 87' lang='lat' dir='ltr'>opitulari,</span> <span class='ocrx_word' id='word_1_218' title='bbox 1122 1783 1327 1826; x_wconf 89' lang='lat' dir='ltr'>propterea</span> <span class='ocrx_word' id='word_1_219' title='bbox 1357 1777 1466 1825; x_wconf 88' lang='lat' dir='ltr'>quod</span> <span class='ocrx_word' id='word_1_220' title='bbox 1497 1784 1534 1815; x_wconf 88' lang='lat' dir='ltr'>et</span> 
     </span>
     <span class='ocr_line' id='line_1_26' title="bbox 146 1839 1533 1891; baseline 0.001 -12"><span class='ocrx_word' id='word_1_221' title='bbox 146 1854 183 1884; x_wconf 79' lang='lat'>25</span> <span class='ocrx_word' id='word_1_222' title='bbox 205 1841 322 1879; x_wconf 90' lang='lat' dir='ltr'>orbus</span> <span class='ocrx_word' id='word_1_223' title='bbox 354 1846 511 1880; x_wconf 75' lang='lat' dir='ltr'>senatus</span> <span class='ocrx_word' id='word_1_224' title='bbox 543 1841 771 1880; x_wconf 88' lang='lat' dir='ltr'>consulibus</span> <span class='ocrx_word' id='word_1_225' title='bbox 804 1839 957 1879; x_wconf 87' lang='lat' dir='ltr'>amissis</span> <span class='ocrx_word' id='word_1_226' title='bbox 987 1847 1025 1891; x_wconf 85' lang='lat' dir='ltr'>et</span> <span class='ocrx_word' id='word_1_227' title='bbox 1056 1840 1306 1886; x_wconf 87' lang='lat' dir='ltr'>incredibiles</span> <span class='ocrx_word' id='word_1_228' title='bbox 1333 1841 1533 1891; x_wconf 85' lang='lat' dir='ltr'>angustiae</span> 
     </span>
     <span class='ocr_line' id='line_1_27' title="bbox 204 1905 1533 1957; baseline 0.002 -13"><span class='ocrx_word' id='word_1_229' title='bbox 204 1906 394 1956; x_wconf 85' lang='lat' dir='ltr'>pecuniae</span> <span class='ocrx_word' id='word_1_230' title='bbox 426 1906 607 1956; x_wconf 88' lang='lat' dir='ltr'>publicae</span> <span class='ocrx_word' id='word_1_231' title='bbox 626 1921 636 1954; x_wconf 88' lang='grc'>,·</span> <span class='ocrx_word' id='word_1_232' title='bbox 677 1920 778 1956; x_wconf 84' lang='lat' dir='ltr'>quae</span> <span class='ocrx_word' id='word_1_233' title='bbox 812 1905 1055 1955; x_wconf 86' lang='lat' dir='ltr'>conquiritur</span> <span class='ocrx_word' id='word_1_234' title='bbox 1090 1906 1276 1956; x_wconf 85' lang='lat' dir='ltr'>undique,</span> <span class='ocrx_word' id='word_1_235' title='bbox 1311 1914 1352 1945; x_wconf 89' lang='lat' dir='ltr'>ut</span> <span class='ocrx_word' id='word_1_236' title='bbox 1384 1907 1533 1957; x_wconf 89' lang='lat' dir='ltr'>optime</span> 
     </span>
     <span class='ocr_line' id='line_1_28' title="bbox 204 1971 1533 2021; baseline 0.002 -13"><span class='ocrx_word' id='word_1_237' title='bbox 204 1971 349 2009; x_wconf 88' lang='lat' dir='ltr'>meritis</span> <span class='ocrx_word' id='word_1_238' title='bbox 389 1971 577 2010; x_wconf 87' lang='lat' dir='ltr'>militibus</span> <span class='ocrx_word' id='word_1_239' title='bbox 617 1971 808 2021; x_wconf 88' lang='lat' dir='ltr'>promissa</span> <span class='ocrx_word' id='word_1_240' title='bbox 847 1972 1047 2009; x_wconf 84' lang='lat' dir='ltr'>solvantur</span> <span class='ocrx_word' id='word_1_241' title='bbox 1065 1985 1074 2018; x_wconf 78' lang='lat'>3</span> <span class='ocrx_word' id='word_1_242' title='bbox 1111 1972 1219 2021; x_wconf 90' lang='lat' dir='ltr'>quod</span> <span class='ocrx_word' id='word_1_243' title='bbox 1254 1971 1416 2021; x_wconf 86' lang='lat' dir='ltr'>quidem</span> <span class='ocrx_word' id='word_1_244' title='bbox 1452 1972 1533 2011; x_wconf 91' lang='lat' dir='ltr'>fieri</span> 
     </span>
     <span class='ocr_line' id='line_1_29' title="bbox 204 2035 890 2086; baseline 0 -13"><span class='ocrx_word' id='word_1_245' title='bbox 204 2035 287 2074; x_wconf 90' lang='lat' dir='ltr'>sine</span> <span class='ocrx_word' id='word_1_246' title='bbox 309 2036 456 2075; x_wconf 88' lang='lat' dir='ltr'>tributo</span> <span class='ocrx_word' id='word_1_247' title='bbox 477 2049 592 2086; x_wconf 86' lang='lat' dir='ltr'>posse</span> <span class='ocrx_word' id='word_1_248' title='bbox 615 2049 694 2074; x_wconf 91' lang='lat' dir='ltr'>non</span> <span class='ocrx_word' id='word_1_249' title='bbox 717 2036 890 2074; x_wconf 89' lang='lat' dir='ltr'>arbitror.</span> 
     </span>
     <span class='ocr_line' id='line_1_30' title="bbox 259 2101 1574 2151; baseline 0 -12"><span class='ocrx_word' id='word_1_250' title='bbox 259 2103 321 2140; x_wconf 91' lang='lat' dir='ltr'>De</span> <span class='ocrx_word' id='word_1_251' title='bbox 352 2102 462 2139; x_wconf 82' lang='lat' dir='ltr'>Attio</span> <span class='ocrx_word' id='word_1_252' title='bbox 496 2101 688 2151; x_wconf 82' lang='lat' dir='ltr'>Dionysio</span> <span class='ocrx_word' id='word_1_253' title='bbox 720 2101 815 2139; x_wconf 88' lang='lat' dir='ltr'>nihil</span> <span class='ocrx_word' id='word_1_254' title='bbox 847 2108 943 2151; x_wconf 90' lang='lat' dir='ltr'>puto</span> <span class='ocrx_word' id='word_1_255' title='bbox 975 2114 1070 2148; x_wconf 90' lang='lat' dir='ltr'>esse,</span> <span class='ocrx_word' id='word_1_256' title='bbox 1096 2101 1284 2151; x_wconf 89' lang='lat' dir='ltr'>quoniam</span> <span class='ocrx_word' id='word_1_257' title='bbox 1310 2101 1405 2139; x_wconf 86' lang='lat' dir='ltr'>mihi</span> <span class='ocrx_word' id='word_1_258' title='bbox 1435 2101 1574 2145; x_wconf 89' lang='lat' dir='ltr'>nihi15</span> 
     </span>
     <span class='ocr_line' id='line_1_31' title="bbox 148 2166 1532 2216; baseline -0.001 -10"><span class='ocrx_word' id='word_1_259' title='bbox 148 2178 187 2207; x_wconf 69' lang='lat'>30</span> <span class='ocrx_word' id='word_1_260' title='bbox 205 2166 301 2205; x_wconf 80' lang='lat' dir='ltr'>dixit</span> <span class='ocrx_word' id='word_1_261' title='bbox 332 2166 543 2205; x_wconf 92' lang='lat' dir='ltr'>Tratorius.</span> <span class='ocrx_word' id='word_1_262' title='bbox 602 2168 664 2204; x_wconf 90' lang='lat' dir='ltr'>De</span> <span class='ocrx_word' id='word_1_263' title='bbox 698 2167 737 2204; x_wconf 92' lang='lat' dir='ltr'>P.</span> <span class='ocrx_word' id='word_1_264' title='bbox 777 2166 949 2205; x_wconf 86' lang='lat' dir='ltr'>Lucceio</span> <span class='ocrx_word' id='word_1_265' title='bbox 988 2167 1085 2204; x_wconf 84' lang='lat' dir='ltr'>nibil</span> <span class='ocrx_word' id='word_1_266' title='bbox 1121 2167 1191 2206; x_wconf 86' lang='lat' dir='ltr'>tibi</span> <span class='ocrx_word' id='word_1_267' title='bbox 1225 2168 1415 2213; x_wconf 84' lang='lat' dir='ltr'>concedo,</span> <span class='ocrx_word' id='word_1_268' title='bbox 1452 2180 1532 2216; x_wconf 89' lang='lat' dir='ltr'>quo</span> 
     </span>
     <span class='ocr_line' id='line_1_32' title="bbox 205 2232 1528 2281; baseline 0.001 -12"><span class='ocrx_word' id='word_1_269' title='bbox 205 2232 415 2271; x_wconf 87' lang='lat' dir='ltr'>studiosior</span> <span class='ocrx_word' id='word_1_270' title='bbox 432 2240 472 2270; x_wconf 89' lang='lat' dir='ltr'>tu</span> <span class='ocrx_word' id='word_1_271' title='bbox 489 2232 540 2270; x_wconf 85' lang='lat' dir='ltr'>sis</span> <span class='ocrx_word' id='word_1_272' title='bbox 561 2245 680 2281; x_wconf 83' lang='lat' dir='ltr'>quam</span> <span class='ocrx_word' id='word_1_273' title='bbox 702 2244 774 2281; x_wconf 79' lang='lat' dir='ltr'>ego</span> <span class='ocrx_word' id='word_1_274' title='bbox 796 2245 881 2270; x_wconf 91' lang='lat' dir='ltr'>sum</span> <span class='ocrx_word' id='word_1_275' title='bbox 901 2247 910 2279; x_wconf 77' lang='lat'><em>3</em></span> <span class='ocrx_word' id='word_1_276' title='bbox 941 2240 998 2270; x_wconf 86' lang='lat' dir='ltr'>est</span> <span class='ocrx_word' id='word_1_277' title='bbox 1014 2232 1120 2270; x_wconf 89' lang='lat' dir='ltr'>enim</span> <span class='ocrx_word' id='word_1_278' title='bbox 1141 2232 1255 2270; x_wconf 89' lang='lat' dir='ltr'>nobis</span> <span class='ocrx_word' id='word_1_279' title='bbox 1277 2232 1528 2271; x_wconf 89' lang='lat' dir='ltr'>necessarius.</span> 
     </span>
    </p>
   </div>
   <div class='ocr_carea' id='block_1_3' title="bbox 205 2334 1527 2462">
    <p class='ocr_par' dir='ltr' id='par_1_3' title="bbox 205 2334 1527 2462">
     <span class='ocr_line' id='line_1_33' title="bbox 249 2334 1527 2374; baseline 0.001 -9"><span class='ocrx_word' id='word_1_280' title='bbox 249 2345 266 2374; x_wconf 83' lang='lat'><strong>7</strong></span> <span class='ocrx_word' id='word_1_281' title='bbox 290 2345 396 2374; x_wconf 81' lang='lat' dir='ltr'>remp.</span> <span class='ocrx_word' id='word_1_282' title='bbox 418 2334 495 2365; x_wconf 78' lang='lat' dir='ltr'>add.</span> <span class='ocrx_word' id='word_1_283' title='bbox 517 2338 586 2364; x_wconf 77' lang='lat' dir='ltr'>vett.</span> <span class='ocrx_word' id='word_1_284' title='bbox 723 2344 743 2373; x_wconf 90' lang='lat'><strong>9</strong></span> <span class='ocrx_word' id='word_1_285' title='bbox 766 2334 961 2365; x_wconf 82' lang='lat' dir='ltr'>viderentur</span> <span class='ocrx_word' id='word_1_286' title='bbox 978 2334 1074 2366; x_wconf 82' lang='lat' dir='ltr'>Man.</span> <span class='ocrx_word' id='word_1_287' title='bbox 1196 2345 1233 2365; x_wconf 88' lang='lat'>12</span> <span class='ocrx_word' id='word_1_288' title='bbox 1257 2345 1416 2374; x_wconf 81' lang='lat' dir='ltr'>cogamur</span> <span class='ocrx_word' id='word_1_289' title='bbox 1432 2334 1527 2366; x_wconf 77' lang='lat' dir='ltr'>Mem.</span> 
     </span>
     <span class='ocr_line' id='line_1_34' title="bbox 205 2376 1527 2417; baseline 0.001 -9"><span class='ocrx_word' id='word_1_290' title='bbox 205 2389 246 2409; x_wconf 85' lang='lat'>22</span> <span class='ocrx_word' id='word_1_291' title='bbox 270 2378 398 2409; x_wconf 83' lang='lat' dir='ltr'>litteras</span> <span class='ocrx_word' id='word_1_292' title='bbox 415 2378 508 2408; x_wconf 88' lang='lat' dir='ltr'>HD:</span> <span class='ocrx_word' id='word_1_293' title='bbox 533 2378 574 2408; x_wconf 93' lang='lat' dir='ltr'>ad</span> <span class='ocrx_word' id='word_1_294' title='bbox 591 2377 656 2407; x_wconf 91' lang='lat' dir='ltr'>litt.</span> <span class='ocrx_word' id='word_1_295' title='bbox 679 2376 741 2408; x_wconf 91' lang='lat' dir='ltr'>M:</span> <span class='ocrx_word' id='word_1_296' title='bbox 764 2388 783 2407; x_wconf 88' lang='lat' dir='ltr'>a</span> <span class='ocrx_word' id='word_1_297' title='bbox 800 2382 833 2408; x_wconf 86' lang='lat' dir='ltr'>te</span> <span class='ocrx_word' id='word_1_298' title='bbox 850 2377 912 2408; x_wconf 87' lang='lat' dir='ltr'>litt.</span> <span class='ocrx_word' id='word_1_299' title='bbox 935 2377 1023 2409; x_wconf 72' lang='lat' dir='ltr'>Crat.</span> <span class='ocrx_word' id='word_1_300' title='bbox 1156 2388 1197 2417; x_wconf 87' lang='lat'>25</span> <span class='ocrx_word' id='word_1_301' title='bbox 1221 2379 1323 2409; x_wconf 83' lang='lat' dir='ltr'>orbus</span> <span class='ocrx_word' id='word_1_302' title='bbox 1341 2383 1393 2409; x_wconf 83' lang='lat' dir='ltr'>est</span> <span class='ocrx_word' id='word_1_303' title='bbox 1410 2377 1527 2409; x_wconf 80' lang='lat' dir='ltr'>Lamb.</span> 
     </span>
     <span class='ocr_line' id='line_1_35' title="bbox 206 2420 946 2462; baseline 0 -10"><span class='ocrx_word' id='word_1_304' title='bbox 206 2432 244 2461; x_wconf 77' lang='lat'>31</span> <span class='ocrx_word' id='word_1_305' title='bbox 270 2427 304 2452; x_wconf 92' lang='lat' dir='ltr'>tu</span> <span class='ocrx_word' id='word_1_306' title='bbox 323 2422 369 2451; x_wconf 81' lang='lat' dir='ltr'>sis</span> <span class='ocrx_word' id='word_1_307' title='bbox 385 2421 459 2451; x_wconf 81' lang='lat' dir='ltr'>HD</span> <span class='ocrx_word' id='word_1_308' title='bbox 474 2434 481 2452; x_wconf 88' lang='grc'>;</span> <span class='ocrx_word' id='word_1_309' title='bbox 505 2420 604 2452; x_wconf 86' lang='lat' dir='ltr'>iussis</span> <span class='ocrx_word' id='word_1_310' title='bbox 622 2420 682 2450; x_wconf 89' lang='lat' dir='ltr'>M:</span> <span class='ocrx_word' id='word_1_311' title='bbox 708 2421 780 2451; x_wconf 87' lang='lat' dir='ltr'>eius</span> <span class='ocrx_word' id='word_1_312' title='bbox 797 2421 843 2451; x_wconf 89' lang='lat' dir='ltr'>sis</span> <span class='ocrx_word' id='word_1_313' title='bbox 859 2420 946 2462; x_wconf 81' lang='lat' dir='ltr'>vulg.</span> 
     </span>
    </p>
   </div>
   <div class='ocr_carea' id='block_1_4' title="bbox 249 2476 1447 2507">
    <p class='ocr_par' dir='ltr' id='par_1_4' title="bbox 249 2476 1447 2507">
     <span class='ocr_line' id='line_1_36' title="bbox 249 2476 1447 2507; baseline 0.004 -1"><span class='ocrx_word' id='word_1_314' title='bbox 249 2486 312 2507; x_wconf 84' lang='lat' dir='ltr'>C1c.</span> <span class='ocrx_word' id='word_1_315' title='bbox 333 2486 381 2507; x_wconf 80' lang='lat' dir='ltr'>AD</span> <span class='ocrx_word' id='word_1_316' title='bbox 399 2485 479 2507; x_wconf 75' lang='lat' dir='ltr'><strong>FAM.</strong></span> <span class='ocrx_word' id='word_1_317' title='bbox 1405 2476 1447 2506; x_wconf 82' lang='lat'>25</span> 
     </span>
    </p>
   </div>
  </div>
 </body>
</html>
