1791 2796
547 160 657 195 EPP.
690 159 768 195 Al)
800 158 1147 195 FAMILIARES
1435 159 1480 194 X.
1500 157 1608 194 xviii

183 270 376 310 necessari
411 284 475 310 me
508 269 771 310 removissem.
833 271 973 320 Itaque
1003 269 1132 320 potius
1162 269 1368 320 periclitari
1392 269 1508 316 volui,
1529 279 1554 316 3

183 335 214 373 si
249 349 405 386 possem
438 349 526 374 mea
556 334 776 386 praesentia
804 342 842 374 et
875 334 1070 384 Lepidum
1103 335 1201 374 tueri
1233 342 1271 374 et
1300 335 1511 374 exercitum

184 401 310 439 facere
345 400 547 439 meliorem
576 414 695 451 quarn
729 399 846 438 nimis
878 407 1015 438 cautus
1046 399 1179 438 videri.
1240 400 1513 439 Sollicitiorem

185 473 290 504 certe
320 465 525 505 hominem
558 479 640 504 non
670 464 749 503 suis
779 465 989 503 contractis
1023 465 1223 503 neminem
1255 473 1352 515 puto
1383 464 1512 503 fuisse.

149 540 166 572 5
187 532 291 570 Nam
321 544 422 581 quae
454 545 513 570 res
547 532 695 569 nullam
726 530 898 569 habebat
927 530 1228 577 dubitationem,
1260 530 1291 568 si
1326 529 1516 569 exercitus

187 596 327 647 Lepidi
361 596 471 643 absit,
509 610 556 635 ea
589 610 694 634 nunc
725 609 907 646 magnam
942 597 1067 634 adfert
1101 595 1406 634 sollicitudinem
1439 609 1517 633 ma-

184 674 385 711 gnumque
414 662 533 700 habet
559 674 705 699 casum.
766 661 867 698 Mihi
896 661 1000 700 enim
1031 660 1062 699 si
1093 660 1319 711 contigisset
1343 668 1385 698 ut
1413 660 1518 711 prior

185 740 430 765 occurrerem
455 726 644 773 Antonio,
672 739 752 764 non
783 739 846 764 me
876 727 1054 765 hercules
1086 727 1222 764 horam
1255 725 1517 773 constitisset;

186 799 339 830 tantum
372 805 444 841 ego
476 799 514 830 et
549 790 646 829 mihi
677 791 838 830 confido
873 799 910 829 et
940 790 994 829 sic
1025 792 1223 841 perculsas
1253 790 1354 828 illius
1384 789 1518 840 copias

129 868 168 890 10
187 857 430 907 Ventidique
451 856 637 895 mulionis
661 864 786 895 castra
806 856 983 907 despicio
1001 871 1011 904 ;
1051 857 1120 895 sed
1146 870 1226 895 non
1253 869 1415 906 possum
1436 869 1517 894 non

186 924 469 969 exhorrescere,
510 922 542 960 si
581 922 677 972 quid
716 922 816 960 intra
854 930 985 961 cutem
1024 923 1158 960 subest
1192 921 1372 969 vulneris,
1410 923 1518 971 quod

186 988 292 1038 prius
319 988 610 1037 nocere'potest
632 1000 750 1037 quam
778 986 865 1025 sciri
887 986 1089 1036 curarique
1109 986 1242 1037 possit.
1303 987 1380 1025 Sed
1402 994 1517 1032 certe,

188 1053 262 1091 nisi
282 1067 362 1092 uno
383 1054 472 1092 loco
493 1066 557 1092 me
578 1060 763 1099 tenerem,
781 1066 966 1102 magnum
988 1052 1204 1102 periculum
1226 1051 1309 1102 ipse
1331 1051 1517 1102 LepiduS‚

189 1132 374 1168 magnum
396 1132 442 1157 ea
462 1132 549 1168 pars
571 1118 762 1157 exercitus
783 1118 917 1165 adiret,
942 1132 1042 1168 quae
1069 1118 1172 1156 bene
1196 1119 1246 1157 de
1267 1132 1307 1156 re
1328 1131 1363 1168 p.
1389 1117 1519 1156 sentit.

132 1194 168 1225 15
191 1186 379 1234 Magnam
412 1184 529 1222 etiam
568 1183 709 1234 perditi
749 1185 881 1222 hostes
921 1183 1188 1222 accessionem
1222 1183 1295 1221 sibi
1323 1183 1520 1229 fecissent,

189 1249 220 1287 si
250 1263 347 1299 quas
376 1248 510 1299 copias
539 1262 562 1287 a
592 1248 745 1299 Lepido
775 1248 1063 1287 abstraxissent.
1124 1250 1237 1297 Quae
1268 1248 1298 1285 si
1329 1249 1522 1287 adventus

190 1328 300 1354 meus
349 1313 585 1365 represserit,
635 1327 747 1364 agam
796 1314 936 1364 gratias
977 1315 1155 1352 fortunae
1199 1313 1523 1364 constantiaeque

190 1394 313 1428 meae,
347 1394 448 1431 quae
481 1394 543 1418 me
582 1380 633 1418 ad
669 1381 772 1418 hanc
811 1379 1090 1430 experientiam
1131 1379 1321 1418 excitavit.
1384 1381 1568 1430 Itaque4

189 1460 222 1484 a.
245 1447 281 1485 d.
316 1457 372 1483 xv
404 1447 453 1483 K.
492 1446 578 1484 Iun.
615 1446 665 1483 ab
699 1446 806 1483 Isara
843 1453 968 1483 castra
999 1445 1128 1491 movi,
1182 1452 1344 1495 pontem
1377 1453 1521 1492 tamen,

132 1528 169 1549 20
190 1525 308 1562 quem
340 1511 379 1549 in
412 1513 518 1549 Isara
548 1512 728 1557 feceram,
763 1510 932 1549 castellis
962 1510 1119 1549 duobus
1148 1511 1198 1549 ad
1229 1510 1357 1561 capita
1387 1510 1523 1561 positis

190 1577 329 1628 reliqui
370 1577 643 1628 praesidiaque
686 1576 739 1614 ibi
784 1577 894 1614 firma
937 1576 1060 1626 posui,
1108 1584 1149 1614 ut
1188 1576 1361 1615 venienti
1401 1578 1523 1615 Bruto

190 1643 455 1694 exercituique
485 1642 567 1682 eius
598 1642 682 1680 sine
710 1656 819 1680 mora
848 1641 1031 1679 transitus
1061 1649 1162 1680 esset
1192 1649 1357 1691 paratus.
1419 1644 1521 1692 Ipse,

189 1716 233 1747 ut
254 1722 378 1760 spero,
402 1708 543 1748 diebus
566 1720 652 1754 vm,
676 1707 819 1758 quibus
840 1708 910 1746 has
930 1707 1075 1745 litteras
1097 1707 1253 1754 dabam,
1269 1721 1359 1745 cum
1382 1707 1523 1757 Lepidi

190 1774 314 1825 copiis
335 1788 398 1813 me
419 1773 667 1824 coniungam.

135 1921 171 1952 25
235 1910 345 1946 XIX
479 1913 549 1945 Ser.
572 1914 699 1944 Romae
713 1914 784 1943 circ.
803 1913 848 1943 vii
862 1912 903 1943 K.
924 1912 998 1943 Iun.
1020 1923 1049 1943 a.
1072 1923 1126 1952 711
1145 1913 1226 1954 (43).

656 1990 829 2021 CICERO
856 1989 1054 2020 PLANCO.

246 2071 499 2120 Quamquam
530 2069 737 2120 gratiarum
769 2069 966 2107 actionem
998 2083 1020 2106 a
1054 2076 1090 2106 te
1121 2082 1200 2106 non
1231 2067 1516 2114 desiderabam,
1538 2078 1556 2105 1

191 2148 282 2173 cum
303 2143 340 2174 te
362 2149 400 2173 re
422 2135 506 2185 ipsa
525 2143 643 2185 atque
663 2134 796 2173 animo
817 2134 955 2172 scirem
977 2147 1062 2172 esse
1091 2132 1363 2183 gratissimum,
1388 2141 1519 2171 tamen

192 2201 412 2251 (fatendum
433 2209 491 2239 est
512 2200 635 2251 enim)
656 2200 727 2238 fuit
748 2214 793 2238 ea
814 2200 909 2238 mihi
930 2199 1196 2250 periucunda,
1227 2198 1281 2237 sic
1302 2198 1406 2237 enim
1428 2198 1519 2244 vidi,

234 2310 254 2329 2
279 2310 413 2339 possem
431 2299 470 2329 H
484 2299 568 2330 Crat.
587 2310 593 2328 τ
620 2303 735 2339 posset
754 2299 795 2328 M
912 2309 930 2337 5
952 2299 1097 2329 habebat
1114 2322 1120 2328 .
1142 2321 1149 2328 .
1170 2321 1176 2327 .
1198 2297 1298 2337 absit]
1318 2297 1439 2326 habeat
1458 2319 1465 2326 .
1486 2320 1492 2326 .
1510 2319 1518 2326 .

191 2343 279 2373 absit
295 2343 427 2373 Baiter:
451 2343 594 2373 habebat
615 2366 644 2374 ..
666 2366 672 2372 .
693 2343 826 2373 abesset
849 2341 1037 2382 lVesenbwg
1154 2352 1186 2371 11
1214 2340 1378 2381 vulneris]
1400 2340 1522 2370 ulceris

191 2386 361 2416 Puteanus
473 2397 511 2425 13
536 2386 600 2416 nisi
618 2386 705 2416 codd.
724 2397 730 2415 t
755 2386 783 2417 si
802 2386 895 2416 Man.
916 2385 1062 2426 Madvzjg.
1084 2385 1121 2424 cf
1142 2396 1192 2424 23.
1218 2396 1253 2423 13
1278 2395 1327 2423 32.
1349 2395 1366 2422 4
1469 2393 1520 2413 mc

192 2430 362 2468 tenerem]
381 2435 584 2460 metaremur
602 2429 750 2460 Rulilt‘ns
902 2431 939 2459 18
965 2440 1017 2459 inc
1036 2440 1100 2459 om.
1123 2429 1164 2459 Μ
1298 2438 1335 2467 19
1360 2438 1404 2457 xv
1423 2426 1520 2457 Mll:

192 2483 240 2503 ΧΠ
258 2477 327 2504 vett.
353 2472 539 2514 l‘Vcscnberg
