1791 2796
82 135 128 172 X.
150 135 290 171 xxxiv
601 133 657 171 M.
689 133 858 171 TVLLI
891 132 1198 172 CICERONIS

189 256 213 282 2
233 245 370 295 copiae
401 244 641 284 minuuntur.
702 245 856 284 Silanus
886 252 923 284 et
953 246 1093 284 Culleo
1122 246 1172 284 ab
1207 259 1255 284 eo
1289 244 1562 286 discesserunt.

232 312 318 349 Nos
347 310 419 350 etsi
446 310 611 361 graviter
634 311 684 349 ab
712 311 758 349 iis
786 311 878 350 laesi
906 324 1070 358 eramus,
1095 312 1204 361 quod
1228 319 1364 350 contra
1391 320 1564 351 nostram

231 378 474 415 voluntatem
495 378 546 415 ad
567 376 787 415 Antonium
814 377 947 423 ierant,
972 385 1104 415 tamen
1132 384 1287 416 nostrae
1309 377 1564 416 humanitatis

230 450 267 480 et
302 441 604 481 necessitudinis
639 455 757 480 causa
789 455 924 481 eorum
957 442 1092 481 salutis
1127 442 1318 481 rationem
1353 442 1564 482 habuimus

230 521 304 546 nec
334 516 466 545 tamen
496 520 631 545 eorum
662 520 782 558 opera
811 507 957 546 utimur
983 521 1114 558 neque
1140 507 1180 546 in
1207 507 1344 547 castris
1371 509 1564 548 habemus
1585 518 1601 549 5

229 586 359 623 neque
398 573 465 610 ulli
511 572 671 622 negotio
710 572 979 623 praefecimus.
1051 573 1172 623 Quod
1211 575 1261 612 ad
1301 574 1448 612 bellum
1488 575 1564 613 hoc

229 638 377 685 attinet,
411 652 484 677 nec
512 638 664 677 senatui
690 652 763 677 nec
788 638 841 678 rei
866 652 902 690 p.
926 638 1109 678 derimus.
1172 640 1285 688 Quae
1315 647 1451 690 postea
1480 653 1564 691 ege-

230 705 350 744 rimus
371 704 511 744 faciam
533 712 570 744 te
591 703 808 744 certiorem.

272 889 470 925 XXXIV
484 902 508 925 a
576 893 645 925 Scr.
667 893 782 925 ibidem
798 895 838 925 ‚ri
849 894 891 926 K.
912 893 988 925 Iun.
1010 904 1039 925 a.
1062 904 1117 934 711
1136 893 1216 936 (4j).

665 982 871 1014 LEPIDVS
894 981 1125 1015 CICERONI.
1584 990 1624 1016 10

150 1062 154 1068 ⁸
182 1085 206 1122 3
283 1071 366 1110 Etsi
395 1072 503 1111 omni
532 1080 709 1123 ternpore
731 1086 885 1111 summa
911 1073 1041 1112 studia
1068 1072 1169 1112 offici
1195 1080 1334 1112 mutuo
1363 1072 1462 1112 inter
1488 1086 1561 1112 nos

225 1137 402 1176 certatim
436 1138 697 1178 constiterunt
729 1152 800 1189 pro
835 1147 967 1177 nostra
998 1139 1098 1177 inter
1130 1152 1202 1177 nos
1233 1138 1493 1178 familiaritate
1522 1147 1561 1178 et

225 1203 391 1254 proinde
421 1204 628 1254 diligenter
657 1205 708 1243 ab
733 1212 900 1254 utroque
930 1212 1160 1243 conservata
1189 1213 1290 1251 sunt,
1320 1213 1451 1243 tamen
1480 1219 1559 1243 non

224 1269 366 1307 dubito
387 1269 426 1307 in
443 1278 554 1308 tanto
575 1278 612 1308 et
634 1279 713 1308 tam
742 1270 948 1321 repentino
971 1278 1082 1308 motu
1101 1270 1154 1309 rei
1176 1284 1210 1321 p.
1235 1270 1331 1321 quin
1352 1284 1432 1310 non
1454 1272 1560 1309 nulla

225 1336 275 1373 dc
304 1348 366 1373 me
396 1335 502 1373 salsis
527 1335 750 1374 rumoribus
777 1349 799 1373 a
828 1335 924 1374 meis
952 1335 1281 1374 obtrectatoribus
1309 1349 1371 1375 me
1399 1335 1560 1386 indigna
1587 1352 1618 1383 ¹5

221 1401 272 1438 ad
289 1408 326 1438 te
348 1401 478 1439 delata
500 1400 586 1446 sint,
603 1413 704 1450 quae
726 1408 837 1439 tuum
858 1400 1035 1438 animum
1058 1414 1202 1451 magno
1218 1414 1336 1452 opere
1358 1410 1559 1440 moverent

223 1479 294 1515 pro
318 1474 387 1504 tuo
407 1480 541 1504 amore
569 1466 607 1504 in
635 1479 716 1505 rem
738 1480 773 1517 p.
836 1468 894 1504 Ea
915 1474 952 1505 te
974 1467 1176 1505 moderate
1203 1467 1402 1518 accepisse
1429 1481 1559 1517 neque

224 1539 370 1570 temere
400 1533 643 1571 credendum
675 1531 868 1571 iudicasse
897 1545 920 1570 a
950 1532 1047 1571 meis
1076 1532 1392 1583 procuratoribus
1420 1533 1559 1572 certior

223 1610 309 1634 sum
344 1598 478 1635 factus.
542 1598 655 1646 Quae
686 1597 792 1643 milii,
827 1606 867 1635 ut
891 1597 1057 1649 debent,
1087 1597 1305 1651 gratissima
1336 1606 1451 1646 sunt3
1482 1612 1558 1637 me-

223 1662 316 1700 mini
339 1662 444 1701 enirn
466 1670 505 1702 et
525 1662 590 1701 illa
611 1662 820 1713 superiora,
843 1676 944 1713 quae
971 1663 1041 1701 abs
1069 1671 1134 1701 tua
1155 1665 1356 1702 voluntate
1383 1666 1556 1714 profecta
1579 1677 1618 1699 20

221 1737 311 1766 sunt
345 1730 395 1766 ad
432 1742 560 1767 meam
594 1728 824 1779 dignitatem
860 1730 1081 1779 augendam
1117 1737 1154 1767 et
1189 1731 1418 1776 ornandam,
1455 1744 1556 1780 quac

175 1813 200 1849 4
221 1803 412 1844 perpetuo
445 1794 580 1833 animo
612 1808 701 1833 meo
734 1795 808 1832 fixa
835 1795 1063 1833 manebunt.
1123 1795 1208 1833 Abs
1240 1804 1288 1842 te,
1319 1795 1370 1833 mi
1402 1795 1552 1843 Cicero,

222 1872 366 1908 magno
392 1872 513 1908 opere
544 1867 646 1909 peto,
674 1859 705 1897 si
736 1873 863 1898 meam
892 1859 1021 1906 vitam,
1049 1859 1226 1898 studium
1257 1860 1554 1911 diligentissime

219 1925 484 1974 superioribus
502 1925 745 1975 temporibus
768 1925 805 1963 in
829 1940 867 1964 re
889 1940 923 1977 p.
943 1911 1264 1973 administranda,
1282 1940 1382 1977 quac
1402 1927 1553 1977 Lepido

219 1990 338 2039 digna
359 1999 458 2035 sunt,
479 1999 682 2041 perspecta
699 1991 832 2037 habes,
850 2000 890 2029 ut
911 1991 1017 2042 paria
1036 1999 1103 2030 aut
1124 2005 1172 2031 co
1192 1991 1381 2043 ampliora
1403 1992 1552 2042 reliquo
1575 2009 1611 2041 25

220 2063 396 2105 tempore
426 2064 628 2106 exspectes
656 2066 692 2095 et
721 2057 886 2107 proinde
915 2066 980 2095 tua
1009 2058 1241 2096 auctoritate
1271 2072 1331 2097 me
1359 2059 1551 2097 tuendum

219 2120 426 2161 existimes.
458 2134 538 2169 quo
566 2121 635 2158 tibi
664 2123 773 2171 plura
801 2130 869 2159 tuo
895 2122 1034 2160 merito
1064 2123 1204 2161 debeo.
1265 2124 1372 2161 Vale.
1437 2126 1483 2162 Ι).
1507 2135 1550 2161 xl

224 2187 270 2222 K.
308 2186 391 2222 Iun.
417 2199 462 2223 ex
483 2184 617 2223 castris
639 2199 684 2223 ex
708 2187 833 2224 I’onte
854 2188 1063 2235 Argenteo.
1443 2185 1445 2187 ’

268 2299 278 2319 1
291 2300 301 2320 1
323 2289 435 2319 Nova?
451 2295 495 2329 sp.
517 2290 649 2319 initium
662 2289 737 2328 feci!
752 2289 827 2319 Vict.
992 2292 1076 2322 offici
1099 2291 1228 2332 mutuo]
1247 2293 1422 2331 officiaque
1438 2296 1551 2323 mutua

220 2333 338 2363 Lamb.
358 2346 363 2363 z
390 2335 474 2363 offici
495 2334 599 2363 mutui
617 2336 687 2364 wll.
835 2343 877 2363 22
903 2334 935 2363 in
959 2335 1073 2366 animo
1095 2333 1284 2376 ll'esenbmg
1414 2345 1454 2374 23
1479 2335 1550 2366 dili-

219 2378 367 2414 gentiam
388 2376 505 2407 Lmnh.
640 2385 680 2414 25
704 2376 772 2407 sint
794 2375 981 2417 lVesenbmg
