1791 2796
521 151 633 188 EPP.
667 151 743 188 AD
776 151 1123 188 FAMILIARES
1432 151 1498 189 I.i

145 261 371 301 domesticis
398 261 562 312 Pompei
583 262 682 300 clam
706 261 944 309 exulceratis,
969 262 1115 300 deinde
1144 262 1273 311 palam
1295 275 1316 300 a
1337 275 1476 301 consu-

145 327 288 366 laribus
310 326 508 377 exagitatis
529 335 566 365 et
588 327 626 365 in
648 340 842 366 summam
871 326 1057 365 invidiam
1078 327 1260 365 adductis
1282 327 1332 365 ita
1354 338 1476 367 versa-

145 406 240 431 mur.
302 393 485 431 Nostram
502 393 620 430 fidem
635 406 783 439 omnes,
800 406 973 430 amorem
991 392 1044 430 tui
1062 392 1235 430 absentis
1252 400 1475 442 praesentes

145 458 200 496 tui
221 466 471 508 cognoscent.
531 457 569 496 Si
591 466 691 496 esset
723 457 761 495 in
792 457 836 495 iis
858 458 965 505 fides,
991 457 1029 495 in
1051 457 1193 508 quibus
1216 471 1369 496 summa
1389 471 1475 496 esse

107 536 124 569 5
145 523 326 571 debebat,
350 536 430 562 non
452 523 725 562 laboraremus

188 692 236 727 ῙῙ
408 694 477 727 Scr.
498 695 625 726 Romae
641 706 669 727 a.
689 694 718 728 d.
738 695 796 727 xm*
809 695 884 728 Kal.
904 695 994 728 Febr.
1015 706 1045 729 a.
1066 696 1130 737 698
1147 697 1225 737 (56).

350 771 396 804 M.
427 771 598 803 CICERO
620 772 656 803 S.
680 772 723 803 D.
750 773 787 804 P.
818 772 1041 803 LENTVLO
1065 773 1262 805 PROCOS·

200 851 339 890 Idibus
362 849 551 888 Ianuariis
582 849 621 888 in
651 858 788 889 senatu
816 850 911 889 nihil
933 858 990 889 est
1011 852 1247 899 confectum,
1271 859 1475 903 propterea
1495 864 1511 891 1

145 918 253 967 quod
292 915 375 954 dies
415 926 555 965 magna
593 928 640 954 ex
678 923 786 966 parte
829 924 1086 967 consumptus
1127 924 1184 955 cst
1224 917 1476 956 altercatione

89 999 128 1022 10
147 980 303 1021 Lentuli
324 979 495 1019 consulis
517 987 553 1019 et
576 979 717 1020 Canini
738 988 780 1019 tr.
804 982 854 1032 pl.
914 983 975 1020 Eo
995 981 1060 1021 die
1081 995 1152 1021 nos
1173 995 1333 1032 quoque
1354 984 1475 1021 multa

144 1046 262 1085 verba
283 1045 446 1084 fecimus
468 1044 715 1096 maximeque
736 1045 805 1084 visi
828 1058 962 1085 sumus
992 1054 1171 1086 senatum
1194 1060 1476 1086 commemora-

145 1111 252 1150 tione
273 1118 362 1149 tuae
376 1110 586 1148 voluntatis
611 1124 700 1160 erga
720 1111 829 1149 illum
851 1111 1029 1151 ordinem
1051 1125 1289 1162 permovere.
1336 1114 1475 1162 Itaque

145 1175 332 1227 postridie
353 1174 499 1226 placuit
520 1183 561 1214 ut
583 1175 749 1215 breviter
769 1176 981 1215 sententias
1002 1177 1222 1216 diceremus
1237 1193 1247 1225 ,·
1270 1177 1477 1217 videbatur

146 1241 250 1281 enim
283 1240 531 1280 reconciliata
562 1240 677 1280 nobis
708 1242 888 1280 voluntas
922 1255 1007 1280 esse
1041 1251 1209 1290 senatus,
1242 1244 1350 1293 quod
1385 1256 1475 1282 cum

89 1324 124 1356 15
146 1307 318 1346 dicendo
339 1316 422 1345 tum
443 1306 603 1356 singulis
631 1307 877 1356 appellandis
907 1307 1170 1357 rogandisque
1190 1321 1472 1359 perspexeram.

147 1374 297 1423 Itaque,
314 1386 404 1410 cum
426 1371 618 1410 sententia
639 1371 762 1422 prima
784 1372 915 1411 Bibuli
935 1372 1186 1423 pronuntiata
1207 1381 1319 1421 esset,
1338 1382 1379 1412 ut
1400 1382 1476 1412 tres

145 1437 260 1487 legati
280 1451 410 1488 regem
432 1438 672 1484 reducerent,
697 1438 871 1476 secunda
902 1437 1103 1485 Hortensi,
1127 1446 1168 1476 ut
1199 1447 1240 1477 tu
1270 1438 1353 1477 sine
1374 1452 1476 1477 exer-

145 1502 224 1541 citu
245 1504 460 1549 reduceres,
485 1502 596 1541 tertia
615 1502 789 1550 Volcaci‚
813 1510 854 1541 ut
877 1502 1088 1553 Pompeius
1109 1504 1322 1551 reduceret,
1346 1512 1477 1554 postu-

145 1570 267 1608 latum
301 1577 369 1616 est,
403 1577 445 1607 ut
478 1568 608 1607 Bibuli
641 1568 834 1608 sententia
868 1568 1114 1608 divideretur.
1189 1570 1395 1618 Quatenus
1425 1571 1476 1608 de

87 1650 127 1672 20
146 1635 331 1686 religione
361 1635 528 1683 dicebat,
560 1635 623 1674 cui
653 1635 812 1685 quidem
844 1634 898 1674 rei
927 1635 1004 1673 iarn
1035 1635 1172 1674 obsisti
1201 1649 1282 1674 non
1312 1644 1474 1686 poterat,

147 1700 290 1739 Bibulo
310 1702 523 1740 adsensum
545 1708 628 1747 est3
657 1701 707 1739 de
728 1700 850 1738 tribus
871 1700 1005 1750 legatis
1026 1701 1249 1750 frequentes
1279 1700 1406 1739 ierunt
1436 1700 1475 1738 in

143 1765 220 1804 alia
247 1765 390 1804 omnia.
451 1766 631 1805 Proxima
660 1773 740 1804 erat
772 1765 962 1804 Hortensi
991 1765 1194 1812 sententia,
1218 1779 1307 1804 cum
1341 1767 1475 1816 Lupus
1494 1774 1518 1801 2

144 1838 186 1869 tr.
216 1832 278 1881 p1.‚
311 1832 419 1882 quod
453 1831 536 1882 ipse
567 1832 618 1870 de
650 1830 841 1880 Pompeio
874 1829 1077 1877 retulisset,
1109 1829 1313 1869 intendere
1346 1830 1477 1880 coepit

144 1904 235 1934 ante
256 1909 296 1934 se
317 1904 496 1946 oportere
523 1896 805 1935 discessionem
836 1897 961 1934 facere
988 1908 1107 1945 quam
1128 1896 1319 1933 consules.
1380 1894 1475 1933 Eius

87 1973 126 2007 25
147 1960 312 2000 orationi
333 1962 585 2000 vehementer
604 1961 655 2000 ab
676 1960 860 1999 omnibus
890 1962 1144 1999 reclamatum
1169 1967 1236 2007 est,
1261 1967 1340 1998 erat
1370 1959 1475 1998 enim

146 2034 183 2064 et
217 2025 351 2077 iniqua
388 2034 427 2065 et
464 2040 575 2065 nova.
645 2027 839 2065 Consules
874 2039 1004 2076 neque
1034 2025 1307 2064 concedebant
1346 2038 1476 2075 neque

145 2092 259 2129 valde
297 2091 578 2141 repugnabant,
615 2090 721 2130 diem
753 2090 934 2129 consumi
968 2090 1164 2137 volebant,
1198 2089 1238 2129 id
1270 2091 1378 2140 quod
1417 2098 1474 2128 est

190 2205 210 2234 3
234 2199 435 2234 praesentes
451 2194 499 2225 tui
517 2193 574 2224 M:
601 2194 833 2233 praesentisve
853 2194 916 2224 GR
1029 2204 1067 2223 10
1091 2197 1129 2223 tr.
1151 2190 1212 2231 pl.']
1234 2190 1344 2222 tiranii
1362 2190 1475 2229 publio

145 2237 272 2269 lentulo
290 2237 331 2267 M
341 2250 346 2269 :
370 2237 492 2268 similia
508 2238 549 2273 in-
562 2237 624 2268 GR
738 2247 775 2268 12
801 2246 1002 2276 permovere
1020 2235 1138 2266 Lamb.
1158 2246 1164 2265 ι
1191 2243 1369 2265 removere
1385 2233 1471 2265 codd.

149 2291 186 2320 14
211 2292 285 2312 cum
303 2282 336 2311 in
354 2281 497 2312 dicendo
515 2280 655 2321 Madwgr
776 2292 818 2311 20
842 2281 893 2310 cui
910 2280 1045 2319 quidem
1065 2279 1205 2310 Lamb.:
1243 2278 1364 2316 cuique
1383 2275 1470 2308 codd.

146 2335 188 2363 23
205 2330 243 2356 tr.
258 2324 320 2366 pL]
335 2325 489 2356 tirannus
503 2325 618 2364 publio
630 2323 778 2355 lentulus
790 2322 845 2354 M:
870 2323 991 2354 similia
1008 2323 1042 2353 in
1061 2322 1124 2352 GR
1212 2332 1253 2360 24
1278 2320 1474 2352 consulares

147 2368 280 2399 Krauss
368 2379 407 2407 27
433 2369 466 2399 id
481 2368 570 2410 quod
585 2373 636 2401 cst
655 2367 860 2408 Wesenberg:
885 2367 918 2397 id
932 2372 983 2398 est
997 2366 1088 2406 quod
1104 2364 1162 2396 M:
1187 2366 1341 2404 idemque
1355 2369 1405 2394 est
1426 2362 1471 2392 G:

147 2412 248 2451 idque
266 2416 318 2442 est
335 2411 368 2441 R

1349 2464 1386 2493 l*
