<?xml version="1.0" encoding="UTF-8"?>
<!DOCTYPE html PUBLIC "-//W3C//DTD XHTML 1.0 Transitional//EN"
    "http://www.w3.org/TR/xhtml1/DTD/xhtml1-transitional.dtd">
<html xmlns="http://www.w3.org/1999/xhtml" xml:lang="en" lang="en">
 <head>
  <title>
</title>
<meta http-equiv="Content-Type" content="text/html;charset=utf-8" />
  <meta name='ocr-system' content='tesseract 3.04.00' />
  <meta name='ocr-capabilities' content='ocr_page ocr_carea ocr_par ocr_line ocrx_word'/>
</head>
<body>
  <div class='ocr_page' id='page_1' title='image "./epistulaerecogno01ciceuoft_0084.png"; bbox 0 0 1791 2796; ppageno 0'>
   <div class='ocr_carea' id='block_1_1' title="bbox 123 116 1201 159">
    <p class='ocr_par' dir='ltr' id='par_1_1' title="bbox 123 116 1201 159">
     <span class='ocr_line' id='line_1_1' title="bbox 123 116 1201 159; baseline 0.003 -5"><span class='ocrx_word' id='word_1_1' title='bbox 123 116 200 155; x_wconf 93' lang='lat' dir='ltr'>III.</span> <span class='ocrx_word' id='word_1_2' title='bbox 220 117 282 155; x_wconf 88' lang='lat' dir='ltr'>vii</span> <span class='ocrx_word' id='word_1_3' title='bbox 606 119 661 157; x_wconf 88' lang='lat' dir='ltr'>M.</span> <span class='ocrx_word' id='word_1_4' title='bbox 693 119 862 157; x_wconf 76' lang='lat' dir='ltr'>TVLLI</span> <span class='ocrx_word' id='word_1_5' title='bbox 895 120 1201 159; x_wconf 70' lang='lat' dir='ltr'>CICERONIS</span> 
     </span>
    </p>
   </div>
   <div class='ocr_carea' id='block_1_2' title="bbox 193 462 210 489">
    <p class='ocr_par' dir='ltr' id='par_1_2' title="bbox 193 462 210 489">
     <span class='ocr_line' id='line_1_2' title="bbox 193 462 210 489; baseline 0 0"><span class='ocrx_word' id='word_1_6' title='bbox 193 462 210 489; x_wconf 92' lang='lat'>1</span> 
     </span>
    </p>
   </div>
   <div class='ocr_carea' id='block_1_3' title="bbox 185 1234 209 1271">
    <p class='ocr_par' dir='ltr' id='par_1_3' title="bbox 185 1234 209 1271">
     <span class='ocr_line' id='line_1_3' title="bbox 185 1234 209 1271; baseline 0 0"><span class='ocrx_word' id='word_1_7' title='bbox 185 1234 209 1271; x_wconf 89' lang='lat'><strong>3</strong></span> 
     </span>
    </p>
   </div>
   <div class='ocr_carea' id='block_1_4' title="bbox 274 269 1307 391">
    <p class='ocr_par' dir='ltr' id='par_1_4' title="bbox 274 269 1307 391">
     <span class='ocr_line' id='line_1_4' title="bbox 274 269 1307 317; baseline 0.003 -13"><span class='ocrx_word' id='word_1_8' title='bbox 274 269 363 305; x_wconf 89' lang='lat' dir='ltr'>VII</span> <span class='ocrx_word' id='word_1_9' title='bbox 496 274 566 306; x_wconf 74' lang='lat' dir='ltr'>Ser.</span> <span class='ocrx_word' id='word_1_10' title='bbox 589 274 771 306; x_wconf 77' lang='lat' dir='ltr'><em>Laudiceae</em></span> <span class='ocrx_word' id='word_1_11' title='bbox 786 275 905 306; x_wconf 66' lang='lat' dir='ltr'>ct&#39;rcr&#39;tae’r</span> <span class='ocrx_word' id='word_1_12' title='bbox 918 275 966 307; x_wconf 84' lang='lat' dir='ltr'>Jd.</span> <span class='ocrx_word' id='word_1_13' title='bbox 989 275 1074 307; x_wconf 68' lang='lat' dir='ltr'>Febr.</span> <span class='ocrx_word' id='word_1_14' title='bbox 1096 287 1124 307; x_wconf 85' lang='lat' dir='ltr'>a.</span> <span class='ocrx_word' id='word_1_15' title='bbox 1148 286 1208 315; x_wconf 77' lang='lat'>704</span> <span class='ocrx_word' id='word_1_16' title='bbox 1226 275 1307 317; x_wconf 35' lang='lat'>(505.</span> 
     </span>
     <span class='ocr_line' id='line_1_5' title="bbox 525 358 1274 391; baseline 0.003 -2"><span class='ocrx_word' id='word_1_17' title='bbox 525 358 701 390; x_wconf 79' lang='lat' dir='ltr'>CICERO</span> <span class='ocrx_word' id='word_1_18' title='bbox 729 359 761 390; x_wconf 94' lang='lat' dir='ltr'>S.</span> <span class='ocrx_word' id='word_1_19' title='bbox 793 359 831 390; x_wconf 91' lang='lat' dir='ltr'>D.</span> <span class='ocrx_word' id='word_1_20' title='bbox 859 359 1003 390; x_wconf 75' lang='lat' dir='ltr'>APPIO</span> <span class='ocrx_word' id='word_1_21' title='bbox 1031 359 1274 391; x_wconf 83' lang='lat' dir='ltr'><strong>PVLCHRO.</strong></span> 
     </span>
    </p>
   </div>
   <div class='ocr_carea' id='block_1_5' title="bbox 228 447 1627 2201">
    <p class='ocr_par' dir='ltr' id='par_1_5' title="bbox 230 447 1606 694">
     <span class='ocr_line' id='line_1_6' title="bbox 286 447 1569 498; baseline 0.001 -12"><span class='ocrx_word' id='word_1_22' title='bbox 286 447 467 486; x_wconf 85' lang='lat' dir='ltr'><strong>Pluribus</strong></span> <span class='ocrx_word' id='word_1_23' title='bbox 491 448 618 486; x_wconf 86' lang='lat' dir='ltr'>verbis</span> <span class='ocrx_word' id='word_1_24' title='bbox 649 449 700 486; x_wconf 87' lang='lat' dir='ltr'>ad</span> <span class='ocrx_word' id='word_1_25' title='bbox 728 455 766 486; x_wconf 89' lang='lat' dir='ltr'>te</span> <span class='ocrx_word' id='word_1_26' title='bbox 796 447 975 493; x_wconf 88' lang='lat' dir='ltr'>scribam,</span> <span class='ocrx_word' id='word_1_27' title='bbox 1000 460 1090 485; x_wconf 91' lang='lat' dir='ltr'>cum</span> <span class='ocrx_word' id='word_1_28' title='bbox 1122 448 1208 497; x_wconf 88' lang='lat' dir='ltr'>plus</span> <span class='ocrx_word' id='word_1_29' title='bbox 1234 447 1287 486; x_wconf 86' lang='lat' dir='ltr'>oti</span> <span class='ocrx_word' id='word_1_30' title='bbox 1316 455 1453 487; x_wconf 92' lang='lat' dir='ltr'>nactus</span> <span class='ocrx_word' id='word_1_31' title='bbox 1475 461 1569 498; x_wconf 64' lang='lat' dir='ltr'>ero,</span> 
     </span>
     <span class='ocr_line' id='line_1_7' title="bbox 231 513 1570 563; baseline 0.001 -12"><span class='ocrx_word' id='word_1_32' title='bbox 231 514 328 551; x_wconf 87' lang='lat' dir='ltr'>haec</span> <span class='ocrx_word' id='word_1_33' title='bbox 363 513 497 563; x_wconf 82' lang='lat' dir='ltr'>scripsi</span> <span class='ocrx_word' id='word_1_34' title='bbox 533 513 679 560; x_wconf 86' lang='lat' dir='ltr'>subito,</span> <span class='ocrx_word' id='word_1_35' title='bbox 711 527 801 551; x_wconf 94' lang='lat' dir='ltr'>cum</span> <span class='ocrx_word' id='word_1_36' title='bbox 839 513 947 551; x_wconf 81' lang='lat' dir='ltr'>Bruti</span> <span class='ocrx_word' id='word_1_37' title='bbox 981 513 1091 563; x_wconf 89' lang='lat' dir='ltr'>pueri</span> <span class='ocrx_word' id='word_1_38' title='bbox 1126 513 1350 552; x_wconf 80' lang='lat' dir='ltr'>Laudiceae</span> <span class='ocrx_word' id='word_1_39' title='bbox 1384 528 1447 553; x_wconf 89' lang='lat' dir='ltr'>me</span> <span class='ocrx_word' id='word_1_40' title='bbox 1478 527 1570 553; x_wconf 90' lang='lat' dir='ltr'>con-</span> 
     </span>
     <span class='ocr_line' id='line_1_8' title="bbox 230 577 1606 629; baseline 0.002 -14"><span class='ocrx_word' id='word_1_41' title='bbox 230 577 428 616; x_wconf 74' lang='lat' dir='ltr'>venissent</span> <span class='ocrx_word' id='word_1_42' title='bbox 456 586 494 616; x_wconf 89' lang='lat' dir='ltr'>et</span> <span class='ocrx_word' id='word_1_43' title='bbox 521 591 562 616; x_wconf 92' lang='lat' dir='ltr'>se</span> <span class='ocrx_word' id='word_1_44' title='bbox 585 580 758 616; x_wconf 85' lang='lat' dir='ltr'>Romam</span> <span class='ocrx_word' id='word_1_45' title='bbox 787 592 994 629; x_wconf 85' lang='lat' dir='ltr'>properare</span> <span class='ocrx_word' id='word_1_46' title='bbox 1021 578 1219 617; x_wconf 78' lang='lat' dir='ltr'>dixissent.</span> <span class='ocrx_word' id='word_1_47' title='bbox 1281 580 1421 629; x_wconf 88' lang='lat' dir='ltr'>Itaque</span> <span class='ocrx_word' id='word_1_48' title='bbox 1442 581 1568 619; x_wconf 88' lang='lat' dir='ltr'>nullas</span> <span class='ocrx_word' id='word_1_49' title='bbox 1589 590 1606 622; x_wconf 91' lang='lat'><strong>5</strong></span> 
     </span>
     <span class='ocr_line' id='line_1_9' title="bbox 230 643 1313 694; baseline 0 -12"><span class='ocrx_word' id='word_1_50' title='bbox 230 643 275 682; x_wconf 91' lang='lat' dir='ltr'>iis</span> <span class='ocrx_word' id='word_1_51' title='bbox 296 652 569 694; x_wconf 80' lang='lat' dir='ltr'>praeterquam</span> <span class='ocrx_word' id='word_1_52' title='bbox 591 645 642 682; x_wconf 88' lang='lat' dir='ltr'>ad</span> <span class='ocrx_word' id='word_1_53' title='bbox 665 652 702 682; x_wconf 90' lang='lat' dir='ltr'>te</span> <span class='ocrx_word' id='word_1_54' title='bbox 724 652 761 682; x_wconf 87' lang='lat' dir='ltr'>et</span> <span class='ocrx_word' id='word_1_55' title='bbox 782 645 832 682; x_wconf 91' lang='lat' dir='ltr'>ad</span> <span class='ocrx_word' id='word_1_56' title='bbox 856 646 1021 682; x_wconf 81' lang='lat' dir='ltr'>Brutum</span> <span class='ocrx_word' id='word_1_57' title='bbox 1043 643 1137 682; x_wconf 89' lang='lat' dir='ltr'>dedi</span> <span class='ocrx_word' id='word_1_58' title='bbox 1156 643 1313 683; x_wconf 83' lang='lat' dir='ltr'>litteras.</span> 
     </span>
    </p>

    <p class='ocr_par' dir='ltr' id='par_1_6' title="bbox 228 708 1627 2201">
     <span class='ocr_line' id='line_1_10' title="bbox 285 708 1570 760; baseline 0.002 -14"><span class='ocrx_word' id='word_1_59' title='bbox 285 708 420 759; x_wconf 84' lang='lat' dir='ltr'>Legati</span> <span class='ocrx_word' id='word_1_60' title='bbox 443 708 613 759; x_wconf 77' lang='lat' dir='ltr'>Appiani</span> <span class='ocrx_word' id='word_1_61' title='bbox 646 709 740 746; x_wconf 87' lang='lat' dir='ltr'>mihi</span> <span class='ocrx_word' id='word_1_62' title='bbox 770 710 957 747; x_wconf 77' lang='lat' dir='ltr'>volumen</span> <span class='ocrx_word' id='word_1_63' title='bbox 986 723 1010 748; x_wconf 92' lang='lat' dir='ltr'>a</span> <span class='ocrx_word' id='word_1_64' title='bbox 1033 717 1072 747; x_wconf 91' lang='lat' dir='ltr'>te</span> <span class='ocrx_word' id='word_1_65' title='bbox 1100 710 1263 760; x_wconf 93' lang='lat' dir='ltr'>plenum</span> <span class='ocrx_word' id='word_1_66' title='bbox 1290 710 1472 760; x_wconf 88' lang='lat' dir='ltr'>querelae</span> <span class='ocrx_word' id='word_1_67' title='bbox 1501 710 1570 748; x_wconf 90' lang='lat' dir='ltr'>ini-</span> 
     </span>
     <span class='ocr_line' id='line_1_11' title="bbox 229 774 1567 824; baseline 0.001 -12"><span class='ocrx_word' id='word_1_68' title='bbox 229 774 441 824; x_wconf 89' lang='lat' dir='ltr'>quissimae</span> <span class='ocrx_word' id='word_1_69' title='bbox 473 774 744 822; x_wconf 82' lang='lat' dir='ltr'>reddiderunt,</span> <span class='ocrx_word' id='word_1_70' title='bbox 774 776 883 824; x_wconf 89' lang='lat' dir='ltr'>quod</span> <span class='ocrx_word' id='word_1_71' title='bbox 914 788 1051 813; x_wconf 85' lang='lat' dir='ltr'>corum</span> <span class='ocrx_word' id='word_1_72' title='bbox 1083 774 1401 813; x_wconf 84' lang='lat' dir='ltr'>aedificationem</span> <span class='ocrx_word' id='word_1_73' title='bbox 1433 775 1567 814; x_wconf 88' lang='lat' dir='ltr'>litteris</span> 
     </span>
     <span class='ocr_line' id='line_1_12' title="bbox 231 840 1566 892; baseline 0.003 -15"><span class='ocrx_word' id='word_1_74' title='bbox 231 840 327 878; x_wconf 84' lang='lat' dir='ltr'>meis</span> <span class='ocrx_word' id='word_1_75' title='bbox 358 840 623 890; x_wconf 85' lang='lat' dir='ltr'>impedissem.</span> <span class='ocrx_word' id='word_1_76' title='bbox 687 842 840 880; x_wconf 86' lang='lat' dir='ltr'>Eadem</span> <span class='ocrx_word' id='word_1_77' title='bbox 870 849 1003 879; x_wconf 90' lang='lat' dir='ltr'>autem</span> <span class='ocrx_word' id='word_1_78' title='bbox 1038 840 1205 892; x_wconf 83' lang='lat' dir='ltr'>epistula</span> <span class='ocrx_word' id='word_1_79' title='bbox 1233 841 1396 892; x_wconf 86' lang='lat' dir='ltr'>petebas</span> <span class='ocrx_word' id='word_1_80' title='bbox 1426 850 1468 881; x_wconf 91' lang='lat' dir='ltr'>ut</span> <span class='ocrx_word' id='word_1_81' title='bbox 1498 855 1566 881; x_wconf 88' lang='lat' dir='ltr'>eos</span> 
     </span>
     <span class='ocr_line' id='line_1_13' title="bbox 230 905 1625 955; baseline 0.003 -13"><span class='ocrx_word' id='word_1_82' title='bbox 230 918 347 954; x_wconf 88' lang='lat' dir='ltr'>quam</span> <span class='ocrx_word' id='word_1_83' title='bbox 388 905 572 955; x_wconf 89' lang='lat' dir='ltr'>primum,</span> <span class='ocrx_word' id='word_1_84' title='bbox 612 919 662 944; x_wconf 93' lang='lat' dir='ltr'>ne</span> <span class='ocrx_word' id='word_1_85' title='bbox 701 906 740 944; x_wconf 93' lang='lat' dir='ltr'>in</span> <span class='ocrx_word' id='word_1_86' title='bbox 779 905 952 944; x_wconf 81' lang='lat' dir='ltr'>hiemem</span> <span class='ocrx_word' id='word_1_87' title='bbox 987 905 1220 954; x_wconf 86' lang='lat' dir='ltr'>inciderent,</span> <span class='ocrx_word' id='word_1_88' title='bbox 1249 907 1301 945; x_wconf 88' lang='lat' dir='ltr'>ad</span> <span class='ocrx_word' id='word_1_89' title='bbox 1339 907 1565 946; x_wconf 87' lang='lat' dir='ltr'>facultatem</span> <span class='ocrx_word' id='word_1_90' title='bbox 1588 920 1625 942; x_wconf 93' lang='lat'>10</span> 
     </span>
     <span class='ocr_line' id='line_1_14' title="bbox 229 970 1566 1023; baseline 0.003 -15"><span class='ocrx_word' id='word_1_91' title='bbox 229 970 465 1009; x_wconf 85' lang='lat' dir='ltr'>aedificandi</span> <span class='ocrx_word' id='word_1_92' title='bbox 504 970 724 1019; x_wconf 85' lang='lat' dir='ltr'>liberarem,</span> <span class='ocrx_word' id='word_1_93' title='bbox 758 979 796 1010; x_wconf 90' lang='lat' dir='ltr'>et</span> <span class='ocrx_word' id='word_1_94' title='bbox 834 971 950 1010; x_wconf 90' lang='lat' dir='ltr'>simul</span> <span class='ocrx_word' id='word_1_95' title='bbox 985 979 1170 1022; x_wconf 86' lang='lat' dir='ltr'>peracute</span> <span class='ocrx_word' id='word_1_96' title='bbox 1200 971 1427 1022; x_wconf 88' lang='lat' dir='ltr'>querebare,</span> <span class='ocrx_word' id='word_1_97' title='bbox 1456 974 1566 1023; x_wconf 88' lang='lat' dir='ltr'>quod</span> 
     </span>
     <span class='ocr_line' id='line_1_15' title="bbox 229 1035 1567 1088; baseline 0.001 -14"><span class='ocrx_word' id='word_1_98' title='bbox 229 1048 298 1074; x_wconf 87' lang='lat' dir='ltr'>cos</span> <span class='ocrx_word' id='word_1_99' title='bbox 319 1036 463 1074; x_wconf 91' lang='lat' dir='ltr'>tributa</span> <span class='ocrx_word' id='word_1_100' title='bbox 488 1035 642 1086; x_wconf 82' lang='lat' dir='ltr'>exigere</span> <span class='ocrx_word' id='word_1_101' title='bbox 669 1044 841 1075; x_wconf 77' lang='lat' dir='ltr'>vetarem</span> <span class='ocrx_word' id='word_1_102' title='bbox 862 1036 968 1087; x_wconf 90' lang='lat' dir='ltr'>prius</span> <span class='ocrx_word' id='word_1_103' title='bbox 999 1049 1118 1087; x_wconf 89' lang='lat' dir='ltr'>quam</span> <span class='ocrx_word' id='word_1_104' title='bbox 1149 1049 1221 1087; x_wconf 88' lang='lat' dir='ltr'>ego</span> <span class='ocrx_word' id='word_1_105' title='bbox 1248 1050 1288 1075; x_wconf 90' lang='lat' dir='ltr'>re</span> <span class='ocrx_word' id='word_1_106' title='bbox 1309 1038 1465 1087; x_wconf 86' lang='lat' dir='ltr'>cognita</span> <span class='ocrx_word' id='word_1_107' title='bbox 1485 1051 1567 1088; x_wconf 92' lang='lat' dir='ltr'>per-</span> 
     </span>
     <span class='ocr_line' id='line_1_16' title="bbox 230 1101 1566 1152; baseline 0.001 -13"><span class='ocrx_word' id='word_1_108' title='bbox 230 1101 450 1148; x_wconf 71' lang='lat' dir='ltr'>misissem,</span> <span class='ocrx_word' id='word_1_109' title='bbox 493 1114 617 1151; x_wconf 86' lang='lat' dir='ltr'>genus</span> <span class='ocrx_word' id='word_1_110' title='bbox 649 1101 755 1140; x_wconf 91' lang='lat' dir='ltr'>enim</span> <span class='ocrx_word' id='word_1_111' title='bbox 791 1102 995 1152; x_wconf 84' lang='lat' dir='ltr'>quoddam</span> <span class='ocrx_word' id='word_1_112' title='bbox 1027 1101 1146 1140; x_wconf 87' lang='lat' dir='ltr'>fuisse</span> <span class='ocrx_word' id='word_1_113' title='bbox 1184 1101 1441 1152; x_wconf 89' lang='lat' dir='ltr'>impediendi,</span> <span class='ocrx_word' id='word_1_114' title='bbox 1475 1116 1566 1142; x_wconf 89' lang='lat' dir='ltr'>curn</span> 
     </span>
     <span class='ocr_line' id='line_1_17' title="bbox 229 1165 1567 1218; baseline 0.001 -13"><span class='ocrx_word' id='word_1_115' title='bbox 229 1180 303 1218; x_wconf 85' lang='lat' dir='ltr'>ego</span> <span class='ocrx_word' id='word_1_116' title='bbox 337 1179 575 1217; x_wconf 84' lang='lat' dir='ltr'>cognoscere</span> <span class='ocrx_word' id='word_1_117' title='bbox 611 1180 691 1205; x_wconf 95' lang='lat' dir='ltr'>non</span> <span class='ocrx_word' id='word_1_118' title='bbox 716 1174 880 1217; x_wconf 75' lang='lat' dir='ltr'>possem,</span> <span class='ocrx_word' id='word_1_119' title='bbox 911 1166 984 1205; x_wconf 86' lang='lat' dir='ltr'>nisi</span> <span class='ocrx_word' id='word_1_120' title='bbox 1019 1179 1109 1205; x_wconf 89' lang='lat' dir='ltr'>cum</span> <span class='ocrx_word' id='word_1_121' title='bbox 1143 1166 1194 1205; x_wconf 90' lang='lat' dir='ltr'>ad</span> <span class='ocrx_word' id='word_1_122' title='bbox 1224 1165 1395 1205; x_wconf 89' lang='lat' dir='ltr'>hiemem</span> <span class='ocrx_word' id='word_1_123' title='bbox 1428 1181 1491 1206; x_wconf 86' lang='lat' dir='ltr'>me</span> <span class='ocrx_word' id='word_1_124' title='bbox 1521 1181 1567 1207; x_wconf 86' lang='lat' dir='ltr'>ex</span> 
     </span>
     <span class='ocr_line' id='line_1_18' title="bbox 230 1231 1625 1283; baseline -0.002 -12"><span class='ocrx_word' id='word_1_125' title='bbox 230 1232 368 1272; x_wconf 88' lang='lat' dir='ltr'>Cilicia</span> <span class='ocrx_word' id='word_1_126' title='bbox 399 1232 645 1282; x_wconf 87' lang='lat' dir='ltr'>recepissem.</span> <span class='ocrx_word' id='word_1_127' title='bbox 706 1234 773 1271; x_wconf 85' lang='lat' dir='ltr'>Ad</span> <span class='ocrx_word' id='word_1_128' title='bbox 804 1232 939 1271; x_wconf 90' lang='lat' dir='ltr'>omnia</span> <span class='ocrx_word' id='word_1_129' title='bbox 971 1231 1107 1282; x_wconf 89' lang='lat' dir='ltr'>accipe</span> <span class='ocrx_word' id='word_1_130' title='bbox 1139 1239 1177 1270; x_wconf 89' lang='lat' dir='ltr'>et</span> <span class='ocrx_word' id='word_1_131' title='bbox 1208 1245 1404 1282; x_wconf 86' lang='lat' dir='ltr'>cognosce</span> <span class='ocrx_word' id='word_1_132' title='bbox 1437 1233 1567 1283; x_wconf 88' lang='lat' dir='ltr'>aequi-</span> <span class='ocrx_word' id='word_1_133' title='bbox 1589 1247 1625 1279; x_wconf 79' lang='lat'>15</span> 
     </span>
     <span class='ocr_line' id='line_1_19' title="bbox 229 1297 1565 1348; baseline 0 -12"><span class='ocrx_word' id='word_1_134' title='bbox 229 1306 349 1336; x_wconf 90' lang='lat' dir='ltr'>tatem</span> <span class='ocrx_word' id='word_1_135' title='bbox 385 1297 709 1348; x_wconf 79' lang='lat' dir='ltr'>expostulationis</span> <span class='ocrx_word' id='word_1_136' title='bbox 740 1306 840 1336; x_wconf 88' lang='lat' dir='ltr'>tuae.</span> <span class='ocrx_word' id='word_1_137' title='bbox 902 1297 1091 1346; x_wconf 91' lang='lat' dir='ltr'>Primum,</span> <span class='ocrx_word' id='word_1_138' title='bbox 1121 1310 1211 1335; x_wconf 89' lang='lat' dir='ltr'>cum</span> <span class='ocrx_word' id='word_1_139' title='bbox 1241 1298 1292 1336; x_wconf 85' lang='lat' dir='ltr'>ad</span> <span class='ocrx_word' id='word_1_140' title='bbox 1323 1310 1386 1336; x_wconf 88' lang='lat' dir='ltr'>me</span> <span class='ocrx_word' id='word_1_141' title='bbox 1414 1297 1565 1337; x_wconf 89' lang='lat' dir='ltr'>aditum</span> 
     </span>
     <span class='ocr_line' id='line_1_20' title="bbox 229 1355 1566 1414; baseline 0 -12"><span class='ocrx_word' id='word_1_142' title='bbox 229 1371 330 1402; x_wconf 81' lang='lat' dir='ltr'>esset</span> <span class='ocrx_word' id='word_1_143' title='bbox 350 1364 401 1402; x_wconf 90' lang='lat' dir='ltr'>ab</span> <span class='ocrx_word' id='word_1_144' title='bbox 422 1363 480 1411; x_wconf 82' lang='lat' dir='ltr'>iis,</span> <span class='ocrx_word' id='word_1_145' title='bbox 502 1363 569 1414; x_wconf 92' lang='lat' dir='ltr'>qui</span> <span class='ocrx_word' id='word_1_146' title='bbox 591 1363 767 1402; x_wconf 87' lang='lat' dir='ltr'>dicerent</span> <span class='ocrx_word' id='word_1_147' title='bbox 787 1377 810 1402; x_wconf 90' lang='lat' dir='ltr'>a</span> <span class='ocrx_word' id='word_1_148' title='bbox 831 1377 872 1402; x_wconf 90' lang='lat' dir='ltr'>se</span> <span class='ocrx_word' id='word_1_149' title='bbox 893 1362 1152 1401; x_wconf 88' lang='lat' dir='ltr'>intolerabilia</span> <span class='ocrx_word' id='word_1_150' title='bbox 1174 1362 1317 1401; x_wconf 87' lang='lat' dir='ltr'>tributa</span> <span class='ocrx_word' id='word_1_151' title='bbox 1337 1355 1449 1413; x_wconf 80' lang='lat' dir='ltr'>exigi,</span> <span class='ocrx_word' id='word_1_152' title='bbox 1470 1363 1566 1414; x_wconf 90' lang='lat' dir='ltr'>quid</span> 
     </span>
     <span class='ocr_line' id='line_1_21' title="bbox 229 1428 1565 1481; baseline 0.001 -14"><span class='ocrx_word' id='word_1_153' title='bbox 229 1428 366 1467; x_wconf 89' lang='lat' dir='ltr'>habuit</span> <span class='ocrx_word' id='word_1_154' title='bbox 397 1429 613 1479; x_wconf 88' lang='lat' dir='ltr'>iniquitatis</span> <span class='ocrx_word' id='word_1_155' title='bbox 645 1443 707 1467; x_wconf 85' lang='lat' dir='ltr'>me</span> <span class='ocrx_word' id='word_1_156' title='bbox 737 1428 919 1476; x_wconf 86' lang='lat' dir='ltr'>scribere,</span> <span class='ocrx_word' id='word_1_157' title='bbox 940 1442 990 1466; x_wconf 90' lang='lat' dir='ltr'>ne</span> <span class='ocrx_word' id='word_1_158' title='bbox 1017 1429 1201 1476; x_wconf 89' lang='lat' dir='ltr'>facerent,</span> <span class='ocrx_word' id='word_1_159' title='bbox 1221 1437 1313 1468; x_wconf 90' lang='lat' dir='ltr'>ante</span> <span class='ocrx_word' id='word_1_160' title='bbox 1343 1442 1462 1480; x_wconf 88' lang='lat' dir='ltr'>quam</span> <span class='ocrx_word' id='word_1_161' title='bbox 1492 1443 1565 1481; x_wconf 87' lang='lat' dir='ltr'>ego</span> 
     </span>
     <span class='ocr_line' id='line_1_22' title="bbox 228 1495 1566 1545; baseline 0.001 -13"><span class='ocrx_word' id='word_1_162' title='bbox 228 1508 310 1533; x_wconf 80' lang='lat' dir='ltr'>rem</span> <span class='ocrx_word' id='word_1_163' title='bbox 349 1507 589 1544; x_wconf 88' lang='lat' dir='ltr'>causamque</span> <span class='ocrx_word' id='word_1_164' title='bbox 621 1496 892 1545; x_wconf 81' lang='lat' dir='ltr'>cognossem?</span> <span class='ocrx_word' id='word_1_165' title='bbox 950 1495 1042 1532; x_wconf 93' lang='lat' dir='ltr'>Non</span> <span class='ocrx_word' id='word_1_166' title='bbox 1082 1502 1272 1544; x_wconf 86' lang='lat' dir='ltr'>poteram,</span> <span class='ocrx_word' id='word_1_167' title='bbox 1304 1496 1436 1543; x_wconf 89' lang='lat' dir='ltr'>credo,</span> <span class='ocrx_word' id='word_1_168' title='bbox 1474 1503 1566 1534; x_wconf 89' lang='lat' dir='ltr'>ante</span> 
     </span>
     <span class='ocr_line' id='line_1_23' title="bbox 228 1559 1627 1611; baseline 0.001 -13"><span class='ocrx_word' id='word_1_169' title='bbox 228 1560 400 1599; x_wconf 88' lang='lat' dir='ltr'>hiemem</span> <span class='ocrx_word' id='word_1_170' title='bbox 417 1575 426 1607; x_wconf 82' lang='lat'>;</span> <span class='ocrx_word' id='word_1_171' title='bbox 457 1560 511 1598; x_wconf 85' lang='lat' dir='ltr'>sic</span> <span class='ocrx_word' id='word_1_172' title='bbox 542 1559 648 1598; x_wconf 90' lang='lat' dir='ltr'>enim</span> <span class='ocrx_word' id='word_1_173' title='bbox 679 1560 825 1599; x_wconf 88' lang='lat' dir='ltr'>scribis.</span> <span class='ocrx_word' id='word_1_174' title='bbox 887 1559 1011 1609; x_wconf 83' lang='lat' dir='ltr'>Quasi</span> <span class='ocrx_word' id='word_1_175' title='bbox 1041 1573 1132 1598; x_wconf 78' lang='lat' dir='ltr'>vero</span> <span class='ocrx_word' id='word_1_176' title='bbox 1161 1561 1211 1599; x_wconf 88' lang='lat' dir='ltr'>ad</span> <span class='ocrx_word' id='word_1_177' title='bbox 1242 1562 1564 1611; x_wconf 85' lang='lat' dir='ltr'>cognoscendum</span> <span class='ocrx_word' id='word_1_178' title='bbox 1586 1573 1627 1595; x_wconf 90' lang='lat'>20</span> 
     </span>
     <span class='ocr_line' id='line_1_24' title="bbox 229 1625 1565 1675; baseline 0.001 -10"><span class='ocrx_word' id='word_1_179' title='bbox 229 1639 302 1675; x_wconf 86' lang='lat' dir='ltr'>ego</span> <span class='ocrx_word' id='word_1_180' title='bbox 340 1627 390 1664; x_wconf 89' lang='lat' dir='ltr'>ad</span> <span class='ocrx_word' id='word_1_181' title='bbox 430 1625 529 1673; x_wconf 90' lang='lat' dir='ltr'>illos,</span> <span class='ocrx_word' id='word_1_182' title='bbox 569 1639 649 1664; x_wconf 94' lang='lat' dir='ltr'>non</span> <span class='ocrx_word' id='word_1_183' title='bbox 690 1626 743 1664; x_wconf 91' lang='lat' dir='ltr'>illi</span> <span class='ocrx_word' id='word_1_184' title='bbox 781 1627 832 1665; x_wconf 90' lang='lat' dir='ltr'>ad</span> <span class='ocrx_word' id='word_1_185' title='bbox 872 1639 935 1665; x_wconf 91' lang='lat' dir='ltr'>me</span> <span class='ocrx_word' id='word_1_186' title='bbox 974 1625 1105 1665; x_wconf 79' lang='lat' dir='ltr'>venire</span> <span class='ocrx_word' id='word_1_187' title='bbox 1143 1626 1362 1666; x_wconf 88' lang='lat' dir='ltr'>debuerint.</span> <span class='ocrx_word' id='word_1_188' title='bbox 1432 1629 1565 1667; x_wconf 82' lang='lat' dir='ltr'>‘Tam</span> 
     </span>
     <span class='ocr_line' id='line_1_25' title="bbox 229 1691 1565 1743; baseline 0.001 -14"><span class='ocrx_word' id='word_1_189' title='bbox 229 1692 397 1741; x_wconf 84' lang='lat' dir='ltr'>longe?&#39;</span> <span class='ocrx_word' id='word_1_190' title='bbox 438 1691 578 1741; x_wconf 86' lang='lat' dir='ltr'>inquis.</span> <span class='ocrx_word' id='word_1_191' title='bbox 649 1691 790 1740; x_wconf 86' lang='lat' dir='ltr'>Quid?</span> <span class='ocrx_word' id='word_1_192' title='bbox 833 1705 924 1730; x_wconf 92' lang='lat' dir='ltr'>cum</span> <span class='ocrx_word' id='word_1_193' title='bbox 954 1692 1077 1730; x_wconf 88' lang='lat' dir='ltr'>dabas</span> <span class='ocrx_word' id='word_1_194' title='bbox 1107 1691 1152 1730; x_wconf 87' lang='lat' dir='ltr'>iis</span> <span class='ocrx_word' id='word_1_195' title='bbox 1183 1691 1342 1740; x_wconf 86' lang='lat' dir='ltr'>litteras,</span> <span class='ocrx_word' id='word_1_196' title='bbox 1371 1706 1440 1743; x_wconf 93' lang='lat' dir='ltr'>per</span> <span class='ocrx_word' id='word_1_197' title='bbox 1469 1706 1565 1743; x_wconf 89' lang='lat' dir='ltr'>quas</span> 
     </span>
     <span class='ocr_line' id='line_1_26' title="bbox 230 1756 1564 1808; baseline 0.001 -14"><span class='ocrx_word' id='word_1_198' title='bbox 230 1770 385 1795; x_wconf 90' lang='lat' dir='ltr'>mecum</span> <span class='ocrx_word' id='word_1_199' title='bbox 406 1757 564 1806; x_wconf 79' lang='lat' dir='ltr'>agebas,</span> <span class='ocrx_word' id='word_1_200' title='bbox 586 1770 635 1795; x_wconf 90' lang='lat' dir='ltr'>ne</span> <span class='ocrx_word' id='word_1_201' title='bbox 656 1770 723 1795; x_wconf 88' lang='lat' dir='ltr'>eos</span> <span class='ocrx_word' id='word_1_202' title='bbox 749 1756 995 1808; x_wconf 80' lang='lat' dir='ltr'>impedirem,</span> <span class='ocrx_word' id='word_1_203' title='bbox 1016 1771 1096 1808; x_wconf 90' lang='lat' dir='ltr'>quo</span> <span class='ocrx_word' id='word_1_204' title='bbox 1122 1757 1251 1796; x_wconf 87' lang='lat' dir='ltr'>minus</span> <span class='ocrx_word' id='word_1_205' title='bbox 1275 1766 1366 1797; x_wconf 90' lang='lat' dir='ltr'>ante</span> <span class='ocrx_word' id='word_1_206' title='bbox 1393 1758 1564 1798; x_wconf 89' lang='lat' dir='ltr'>hiemem</span> 
     </span>
     <span class='ocr_line' id='line_1_27' title="bbox 228 1822 1564 1869; baseline 0.002 -9"><span class='ocrx_word' id='word_1_207' title='bbox 228 1822 492 1869; x_wconf 80' lang='lat' dir='ltr'>aedificarent,</span> <span class='ocrx_word' id='word_1_208' title='bbox 516 1836 597 1861; x_wconf 94' lang='lat' dir='ltr'>non</span> <span class='ocrx_word' id='word_1_209' title='bbox 618 1837 686 1862; x_wconf 85' lang='lat' dir='ltr'>eos</span> <span class='ocrx_word' id='word_1_210' title='bbox 707 1824 757 1862; x_wconf 93' lang='lat' dir='ltr'>ad</span> <span class='ocrx_word' id='word_1_211' title='bbox 780 1837 842 1862; x_wconf 90' lang='lat' dir='ltr'>me</span> <span class='ocrx_word' id='word_1_212' title='bbox 863 1834 1047 1863; x_wconf 86' lang='lat' dir='ltr'>venturos</span> <span class='ocrx_word' id='word_1_213' title='bbox 1068 1824 1337 1864; x_wconf 86' lang='lat' dir='ltr'>arbitrabare?</span> <span class='ocrx_word' id='word_1_214' title='bbox 1389 1824 1564 1864; x_wconf 89' lang='lat' dir='ltr'>Tametsi</span> 
     </span>
     <span class='ocr_line' id='line_1_28' title="bbox 230 1886 1625 1940; baseline 0.004 -15"><span class='ocrx_word' id='word_1_215' title='bbox 230 1886 270 1925; x_wconf 89' lang='lat' dir='ltr'>id</span> <span class='ocrx_word' id='word_1_216' title='bbox 291 1887 451 1937; x_wconf 86' lang='lat' dir='ltr'>quidem</span> <span class='ocrx_word' id='word_1_217' title='bbox 473 1888 649 1927; x_wconf 91' lang='lat' dir='ltr'>fecerunt</span> <span class='ocrx_word' id='word_1_218' title='bbox 671 1888 859 1937; x_wconf 79' lang='lat' dir='ltr'>ridicule3</span> <span class='ocrx_word' id='word_1_219' title='bbox 899 1903 996 1940; x_wconf 86' lang='lat' dir='ltr'>quas</span> <span class='ocrx_word' id='word_1_220' title='bbox 1026 1889 1131 1928; x_wconf 89' lang='lat' dir='ltr'>enim</span> <span class='ocrx_word' id='word_1_221' title='bbox 1157 1889 1301 1929; x_wconf 76' lang='lat' dir='ltr'>litteras</span> <span class='ocrx_word' id='word_1_222' title='bbox 1322 1891 1565 1939; x_wconf 87' lang='lat' dir='ltr'>adferebant,</span> <span class='ocrx_word' id='word_1_223' title='bbox 1587 1899 1625 1931; x_wconf 81' lang='lat'>25</span> 
     </span>
     <span class='ocr_line' id='line_1_29' title="bbox 230 1955 1566 2006; baseline 0.003 -16"><span class='ocrx_word' id='word_1_224' title='bbox 230 1960 272 1990; x_wconf 91' lang='lat' dir='ltr'>ut</span> <span class='ocrx_word' id='word_1_225' title='bbox 292 1965 392 2002; x_wconf 86' lang='lat' dir='ltr'>opus</span> <span class='ocrx_word' id='word_1_226' title='bbox 412 1960 559 1992; x_wconf 88' lang='lat' dir='ltr'>aestate</span> <span class='ocrx_word' id='word_1_227' title='bbox 580 1955 706 1993; x_wconf 88' lang='lat' dir='ltr'>facere</span> <span class='ocrx_word' id='word_1_228' title='bbox 733 1963 908 2005; x_wconf 84' lang='lat' dir='ltr'>possent,</span> <span class='ocrx_word' id='word_1_229' title='bbox 928 1969 993 1994; x_wconf 89' lang='lat' dir='ltr'>eas</span> <span class='ocrx_word' id='word_1_230' title='bbox 1015 1955 1110 1994; x_wconf 90' lang='lat' dir='ltr'>mihi</span> <span class='ocrx_word' id='word_1_231' title='bbox 1131 1963 1219 2006; x_wconf 88' lang='lat' dir='ltr'>post</span> <span class='ocrx_word' id='word_1_232' title='bbox 1240 1955 1418 1994; x_wconf 88' lang='lat' dir='ltr'>brumam</span> <span class='ocrx_word' id='word_1_233' title='bbox 1440 1955 1566 1994; x_wconf 87' lang='lat' dir='ltr'>reddi-</span> 
     </span>
     <span class='ocr_line' id='line_1_30' title="bbox 230 2018 1565 2072; baseline 0.003 -17"><span class='ocrx_word' id='word_1_234' title='bbox 230 2018 381 2056; x_wconf 89' lang='lat' dir='ltr'>derunt.</span> <span class='ocrx_word' id='word_1_235' title='bbox 442 2019 519 2057; x_wconf 89' lang='lat' dir='ltr'>Sed</span> <span class='ocrx_word' id='word_1_236' title='bbox 555 2019 653 2058; x_wconf 89' lang='lat' dir='ltr'>scito</span> <span class='ocrx_word' id='word_1_237' title='bbox 685 2029 723 2059; x_wconf 91' lang='lat' dir='ltr'>et</span> <span class='ocrx_word' id='word_1_238' title='bbox 763 2023 887 2060; x_wconf 91' lang='lat' dir='ltr'>multo</span> <span class='ocrx_word' id='word_1_239' title='bbox 926 2021 1045 2072; x_wconf 87' lang='lat' dir='ltr'>pluris</span> <span class='ocrx_word' id='word_1_240' title='bbox 1084 2035 1183 2070; x_wconf 88' lang='lat' dir='ltr'>esse,</span> <span class='ocrx_word' id='word_1_241' title='bbox 1217 2020 1284 2072; x_wconf 91' lang='lat' dir='ltr'>qui</span> <span class='ocrx_word' id='word_1_242' title='bbox 1322 2022 1373 2060; x_wconf 90' lang='lat' dir='ltr'>de</span> <span class='ocrx_word' id='word_1_243' title='bbox 1411 2020 1565 2059; x_wconf 89' lang='lat' dir='ltr'>tributis</span> 
     </span>
     <span class='ocr_line' id='line_1_31' title="bbox 231 2085 1565 2136; baseline 0.003 -16"><span class='ocrx_word' id='word_1_244' title='bbox 231 2091 424 2130; x_wconf 84' lang='lat' dir='ltr'>recusent,</span> <span class='ocrx_word' id='word_1_245' title='bbox 445 2097 563 2133; x_wconf 91' lang='lat' dir='ltr'>quam</span> <span class='ocrx_word' id='word_1_246' title='bbox 592 2085 658 2135; x_wconf 87' lang='lat' dir='ltr'>qui</span> <span class='ocrx_word' id='word_1_247' title='bbox 686 2085 785 2136; x_wconf 81' lang='lat' dir='ltr'>exigi</span> <span class='ocrx_word' id='word_1_248' title='bbox 806 2086 939 2134; x_wconf 72' lang='lat' dir='ltr'>velint,</span> <span class='ocrx_word' id='word_1_249' title='bbox 959 2094 997 2124; x_wconf 90' lang='lat' dir='ltr'>et</span> <span class='ocrx_word' id='word_1_250' title='bbox 1022 2099 1085 2124; x_wconf 91' lang='lat' dir='ltr'>me</span> <span class='ocrx_word' id='word_1_251' title='bbox 1112 2094 1255 2133; x_wconf 89' lang='lat' dir='ltr'>tamen,</span> <span class='ocrx_word' id='word_1_252' title='bbox 1279 2086 1386 2135; x_wconf 90' lang='lat' dir='ltr'>quod</span> <span class='ocrx_word' id='word_1_253' title='bbox 1408 2094 1446 2125; x_wconf 89' lang='lat' dir='ltr'>te</span> <span class='ocrx_word' id='word_1_254' title='bbox 1466 2087 1565 2124; x_wconf 81' lang='lat' dir='ltr'>velle</span> 
     </span>
     <span class='ocr_line' id='line_1_32' title="bbox 231 2147 1350 2201; baseline 0.003 -16"><span class='ocrx_word' id='word_1_255' title='bbox 231 2147 463 2196; x_wconf 83' lang='lat' dir='ltr'>existimem,</span> <span class='ocrx_word' id='word_1_256' title='bbox 484 2163 570 2188; x_wconf 86' lang='lat' dir='ltr'>esse</span> <span class='ocrx_word' id='word_1_257' title='bbox 591 2151 794 2189; x_wconf 87' lang='lat' dir='ltr'>facturum.</span> <span class='ocrx_word' id='word_1_258' title='bbox 856 2153 917 2189; x_wconf 89' lang='lat' dir='ltr'>De</span> <span class='ocrx_word' id='word_1_259' title='bbox 939 2151 1129 2201; x_wconf 76' lang='lat' dir='ltr'>Appianis</span> <span class='ocrx_word' id='word_1_260' title='bbox 1150 2152 1350 2189; x_wconf 86' lang='lat' dir='ltr'>hactenus.</span> 
     </span>
    </p>
   </div>
   <div class='ocr_carea' id='block_1_6' title="bbox 187 2214 1624 2265">
    <p class='ocr_par' dir='ltr' id='par_1_7' title="bbox 187 2214 1624 2265">
     <span class='ocr_line' id='line_1_33' title="bbox 187 2214 1624 2265; baseline 0.001 -14"><span class='ocrx_word' id='word_1_261' title='bbox 187 2228 214 2265; x_wconf 87' lang='lat'>4</span> <span class='ocrx_word' id='word_1_262' title='bbox 286 2216 322 2251; x_wconf 86' lang='grc' dir='ltr'>Α</span> <span class='ocrx_word' id='word_1_263' title='bbox 358 2214 560 2261; x_wconf 86' lang='lat' dir='ltr'>Pausania,</span> <span class='ocrx_word' id='word_1_264' title='bbox 595 2215 751 2254; x_wconf 90' lang='lat' dir='ltr'>Lentuli</span> <span class='ocrx_word' id='word_1_265' title='bbox 782 2215 932 2263; x_wconf 90' lang='lat' dir='ltr'>liberto,</span> <span class='ocrx_word' id='word_1_266' title='bbox 963 2229 1132 2255; x_wconf 84' lang='lat' dir='ltr'>accenso</span> <span class='ocrx_word' id='word_1_267' title='bbox 1162 2229 1263 2263; x_wconf 87' lang='lat' dir='ltr'>meo,</span> <span class='ocrx_word' id='word_1_268' title='bbox 1295 2215 1438 2263; x_wconf 86' lang='lat' dir='ltr'>audivi,</span> <span class='ocrx_word' id='word_1_269' title='bbox 1471 2228 1562 2254; x_wconf 93' lang='lat' dir='ltr'>cum</span> <span class='ocrx_word' id='word_1_270' title='bbox 1583 2227 1624 2258; x_wconf 85' lang='lat'>30</span> 
     </span>
    </p>
   </div>
   <div class='ocr_carea' id='block_1_7' title="bbox 232 2278 1564 2331">
    <p class='ocr_par' dir='ltr' id='par_1_8' title="bbox 232 2278 1564 2331">
     <span class='ocr_line' id='line_1_34' title="bbox 232 2278 1564 2331; baseline 0.001 -14"><span class='ocrx_word' id='word_1_271' title='bbox 232 2278 380 2317; x_wconf 87' lang='lat' dir='ltr'>diceret</span> <span class='ocrx_word' id='word_1_272' title='bbox 408 2287 445 2318; x_wconf 90' lang='lat' dir='ltr'>te</span> <span class='ocrx_word' id='word_1_273' title='bbox 472 2293 606 2318; x_wconf 87' lang='lat' dir='ltr'>secum</span> <span class='ocrx_word' id='word_1_274' title='bbox 635 2294 720 2319; x_wconf 84' lang='lat' dir='ltr'>esse</span> <span class='ocrx_word' id='word_1_275' title='bbox 747 2289 942 2331; x_wconf 89' lang='lat' dir='ltr'>questum,</span> <span class='ocrx_word' id='word_1_276' title='bbox 965 2282 1074 2331; x_wconf 91' lang='lat' dir='ltr'>quod</span> <span class='ocrx_word' id='word_1_277' title='bbox 1101 2280 1171 2319; x_wconf 89' lang='lat' dir='ltr'>tibi</span> <span class='ocrx_word' id='word_1_278' title='bbox 1199 2280 1356 2319; x_wconf 76' lang='lat' dir='ltr'>obviam</span> <span class='ocrx_word' id='word_1_279' title='bbox 1378 2293 1458 2319; x_wconf 89' lang='lat' dir='ltr'>non</span> <span class='ocrx_word' id='word_1_280' title='bbox 1479 2293 1564 2331; x_wconf 88' lang='lat' dir='ltr'>pro-</span> 
     </span>
    </p>
   </div>
   <div class='ocr_carea' id='block_1_8' title="bbox 367 2382 1438 2425">
    <p class='ocr_par' dir='ltr' id='par_1_9' title="bbox 367 2382 1438 2425">
     <span class='ocr_line' id='line_1_35' title="bbox 367 2382 1438 2425; baseline 0.001 -12"><span class='ocrx_word' id='word_1_281' title='bbox 367 2391 404 2421; x_wconf 85' lang='lat'>14</span> <span class='ocrx_word' id='word_1_282' title='bbox 429 2392 564 2422; x_wconf 86' lang='lat' dir='ltr'>possem</span> <span class='ocrx_word' id='word_1_283' title='bbox 582 2382 656 2414; x_wconf 80' lang='lat' dir='ltr'>add.</span> <span class='ocrx_word' id='word_1_284' title='bbox 674 2387 744 2415; x_wconf 81' lang='lat' dir='ltr'>velt.</span> <span class='ocrx_word' id='word_1_285' title='bbox 881 2394 918 2414; x_wconf 89' lang='lat'>21</span> <span class='ocrx_word' id='word_1_286' title='bbox 946 2394 983 2415; x_wconf 86' lang='lat' dir='ltr'>ac</span> <span class='ocrx_word' id='word_1_287' title='bbox 1001 2394 1068 2415; x_wconf 89' lang='lat' dir='ltr'>non</span> <span class='ocrx_word' id='word_1_288' title='bbox 1087 2384 1141 2415; x_wconf 84' lang='lat' dir='ltr'>illi.</span> <span class='ocrx_word' id='word_1_289' title='bbox 1149 2384 1226 2416; x_wconf 88' lang='lat' dir='ltr'>com&#39;.</span> <span class='ocrx_word' id='word_1_290' title='bbox 1249 2382 1438 2425; x_wconf 79' lang='lat' dir='ltr'>Wesenberg</span> 
     </span>
    </p>
   </div>
  </div>
 </body>
</html>
