1791 2796
122 142 193 179 XI.
215 143 291 177 xvi
613 140 666 175 M.
700 139 869 177 TVLLI
902 139 1210 178 CICERONIS

243 267 362 303 quem
391 254 441 290 ad
472 262 509 290 te
540 251 637 299 misi,
670 259 711 290 ut
742 259 898 303 tempus
927 253 1150 291 observaret
1179 252 1370 303 epistulae
1399 253 1468 291 tibi
1499 255 1581 293 red-

244 319 408 356 dendae.
470 319 573 356 Nam
601 331 720 368 quem
747 319 798 356 ad
827 318 989 356 modum
1018 331 1150 356 coram
1177 318 1244 368 qui
1271 319 1322 357 ad
1350 332 1421 357 nos
1446 319 1582 358 intem-

246 384 394 435 pestive
423 384 571 423 adeunt
604 383 759 422 molesti
789 397 906 434 saepe
936 391 1036 431 sunt,
1071 383 1126 422 sic
1156 383 1347 434 epistulae
1373 385 1582 424 offendunt

248 463 328 487 non
358 451 446 488 loco
476 448 663 488 redditae.
723 448 763 487 Si
792 456 935 496 autem,
959 456 1001 487 ut
1027 462 1153 500 spero,
1180 449 1277 487 nihil
1306 457 1345 488 te
1370 451 1581 501 perturbat,

248 514 343 552 nihil
374 514 550 565 impedit,
584 522 622 553 et
651 514 715 553 ille
744 514 807 553 cui
843 514 1026 553 mandavi
1058 514 1150 553 satis
1180 514 1276 553 scite
1306 522 1343 553 et
1372 517 1584 554 commode
1604 532 1620 563 5

246 588 402 631 tempus
428 581 479 619 ad
507 588 545 618 te
571 579 676 630 cepit
704 579 890 627 adeundi,
917 581 1078 619 confido
1105 593 1169 619 me
1193 582 1301 631 quod
1328 580 1445 620 velim
1472 580 1584 620 facile

246 660 269 685 a
290 654 327 685 te
347 646 654 697 impetraturum.

204 727 229 754 2
304 713 346 750 L.
371 711 508 750 Lamia
537 719 757 762 praeturam
788 710 896 761 petit.
958 712 1051 750 Hoc
1081 724 1154 761 ego
1178 718 1267 750 utor
1295 725 1376 751 uno
1405 711 1584 751 omnium

247 776 459 828 plurimum
475 792 483 824 3
524 790 664 826 magna
694 784 878 824 vetustas,
916 789 1058 827 magna
1087 778 1336 816 consuetudo
1366 775 1582 825 intercedit,

246 843 435 892 quodque
469 842 681 892 plurimum
711 843 824 888 valet,
857 841 953 880 nihil
986 841 1080 880 mihi
1117 841 1200 881 eius
1234 850 1293 881 est
1326 841 1585 881 familiaritate
1607 859 1644 881 10

247 907 465 946 iucundius.
547 909 696 958 Magno
742 915 941 958 praeterea
990 907 1185 946 beneficio
1233 902 1315 946 eius
1363 920 1585 958 magnoque

247 973 386 1011 merito
419 987 506 1012 sum
545 973 750 1023 obligatus.
823 974 927 1012 Nam
963 973 1167 1012 Clodianis
1202 973 1456 1024 temporibus,
1494 986 1583 1011 cum

247 1039 436 1088 equestris
470 1039 617 1078 ordinis
653 1038 834 1089 princeps
873 1045 975 1077 esset
1014 1051 1164 1089 proque
1204 1052 1290 1077 mea
1329 1039 1453 1076 salute
1484 1052 1585 1076 acer-

248 1103 345 1142 rime
383 1112 655 1154 propugnaret,
691 1117 714 1141 a
749 1099 921 1142 Gabinio
956 1105 1118 1141 consule
1150 1105 1341 1153 relegatus
1376 1111 1445 1150 est,
1477 1104 1585 1153 quod

249 1176 340 1206 ante
361 1168 400 1207 id
421 1176 576 1218 tempus
597 1168 671 1207 civi
694 1170 878 1207 Romano
902 1170 1055 1207 Romae
1082 1168 1246 1218 contigit
1273 1168 1431 1207 nemini.
1494 1170 1586 1207 Hoc
1610 1185 1645 1216 ¹5

251 1247 341 1272 cum
366 1235 535 1284 populus
558 1235 764 1272 Romanus
794 1234 984 1282 meminit,
1007 1247 1070 1273 me
1097 1234 1226 1285 ipsum
1256 1247 1337 1273 non
1362 1234 1587 1273 meminisse

208 1308 232 1346 3
251 1299 518 1350 turpissimum
549 1307 616 1338 est.
678 1301 929 1351 Quapropter
958 1301 1150 1350 pcrsu'ade
1180 1297 1261 1349 tibi,
1292 1300 1343 1338 mi
1370 1302 1500 1348 Brute,
1525 1314 1587 1339 me

250 1373 381 1415 petere
410 1372 642 1415 praeturam.
703 1367 958 1417 Quamquam
988 1366 1093 1404 enim
1116 1366 1254 1405 Lamia
1281 1354 1437 1405 summo
1462 1368 1588 1416 splen-

248 1430 353 1476 dore,
377 1443 531 1468 summa
556 1430 677 1480 gratia
707 1439 765 1469 est
792 1431 1182 1481 magnificentissimo
1210 1446 1371 1471 munere
1392 1432 1584 1480 aedilicio,

248 1503 390 1542 tamen,
415 1496 525 1545 quasi
546 1509 592 1534 ea
613 1496 665 1534 ita
686 1510 766 1534 non
787 1504 927 1544 essent,
951 1510 1024 1547 ego
1045 1498 1199 1549 suscepi
1222 1507 1348 1537 totum
1371 1499 1582 1549 negotium.
1608 1513 1645 1535 20

249 1561 367 1599 Nunc
391 1560 422 1598 si
448 1574 511 1599 me
535 1560 631 1599 tanti
659 1561 753 1600 facis
777 1562 913 1612 quanti
939 1570 1042 1601 certe
1070 1563 1174 1611 facis,
1198 1564 1386 1614 quoniam
1409 1564 1586 1614 equitum

248 1625 442 1665 centurias
470 1634 590 1674 tenes,
613 1625 654 1664 in
681 1626 767 1677 quis
789 1641 936 1677 regnas,
960 1627 1070 1666 mitte
1094 1629 1146 1667 ad
1168 1631 1325 1679 Lupum
1347 1637 1523 1668 nostrum
1546 1637 1587 1667 ut

250 1691 280 1728 is
312 1690 426 1729 nobis
456 1704 520 1729 eas
551 1691 745 1730 centurias
775 1692 969 1731 conficiat.
1032 1695 1124 1731 Non
1152 1694 1298 1732 tenebo
1322 1701 1359 1732 te
1387 1693 1587 1744 pluribus;

251 1770 396 1807 ponam
432 1756 471 1794 in
510 1764 685 1795 extremo
719 1758 827 1807 quod
867 1757 1017 1797 sentio:
1068 1758 1176 1797 Nihil
1216 1767 1285 1807 est,
1329 1761 1458 1807 Brute,
1495 1772 1586 1797 cum

251 1822 385 1861 omnia
404 1836 426 1860 a
447 1830 485 1861 te
505 1830 740 1873 exspectem,
764 1824 872 1873 quod
894 1823 988 1861 mihi
1009 1823 1154 1874 gratius
1176 1825 1301 1863 facere
1322 1823 1458 1875 possis.
1609 1838 1646 1869 25

299 1975 432 2010 XVII
570 1979 638 2011 Scr.
660 1979 776 2012 ibidem
793 1981 903 2013 eodem
922 1986 1061 2023 tempore
1077 1992 1141 2023 quo
1157 1987 1200 2023 ep.
1223 1984 1271 2014 16.

613 2057 657 2089 Μ.
685 2058 860 2090 CICERO
886 2059 923 2090 D.
950 2059 1106 2090 BRVTO
1134 2059 1168 2090 S.
1195 2060 1233 2092 D.

221 2142 238 2169 1
314 2134 355 2171 L.
381 2133 518 2171 Lamia
539 2147 619 2172 uno
640 2136 818 2174 omnium
841 2137 1137 2176 familiarissime
1165 2144 1262 2175 utor.
1324 2138 1471 2187 Magna
1497 2143 1587 2175 sunt

257 2198 340 2237 eius
368 2199 407 2236 in
436 2212 509 2246 me,
534 2212 613 2237 non
639 2200 729 2239 dico
756 2201 894 2248 officia,
918 2203 986 2240 sed
1016 2202 1161 2249 merita,
1185 2215 1310 2252 eaque
1331 2209 1420 2240 sunt
1441 2203 1588 2252 populo

261 2266 445 2302 Romano
484 2264 696 2303 notissima.
760 2267 798 2304 Is
838 2267 1228 2316 magnificentissimo
1263 2280 1424 2305 munere
1457 2265 1588 2304 aedili-
1610 2279 1650 2308 30

277 2369 341 2443 816
356 2367 614 2442 meminiZWHD:
641 2369 776 2400 memini
792 2369 852 2400 M:
870 2369 1063 2400 meminerit
1074 2373 1145 2401 vett.
1243 2379 1279 2409 17
1299 2369 1368 2411 est]
1383 2374 1474 2401 esset
1484 2368 1590 2410 Kleyn

255 2422 274 2442 2
319 2417 399 2443 sunt
414 2422 480 2443 om.
