1791 2796
570 171 681 208 EPP.
715 171 792 207 AD
823 171 1170 208 FAMILIARES
1510 171 1603 208 VII.
1628 171 1703 209 xvi

220 279 432 320 defuissem
448 295 457 329 3
495 280 558 320 cui
588 289 721 320 tamen
750 280 843 329 dixi,
873 295 962 319 cum
994 294 1057 319 me
1086 280 1321 332 aliquotiens
1350 280 1553 320 invitaret:

220 347 325 385 ‘Oro
350 355 400 394 te,
421 346 508 398 quis
536 355 575 385 tu
604 361 644 386 es
661 348 697 385 ?'
754 348 832 385 Sed
858 360 920 384 me
941 347 1118 385 hercules
1144 354 1250 386 extra
1276 347 1406 386 iocum
1431 348 1553 386 homo

221 412 345 451 bellus
366 420 423 451 est
441 427 450 460 3
480 414 620 451 vellem
640 426 731 451 eum
752 420 883 451 tecum
904 412 1145 452 abduxisseS.

274 477 382 526 Quid
402 477 523 528 agatis
553 486 592 517 et
620 478 764 528 ecquid
791 478 832 517 in
854 478 1009 517 Italiam
1031 478 1182 517 venturi
1212 478 1294 518 sitis
1322 481 1395 518 hac
1422 478 1551 518 hieme
1572 485 1596 522 3

181 554 198 586 5
219 543 278 581 fac
300 544 414 593 plane
436 543 566 582 sciam.
628 544 774 582 Balbus
804 543 901 582 mihi
930 544 1177 583 confirmavit
1203 552 1241 583 te
1270 544 1431 583 divitem
1454 545 1552 583 futu-

218 621 313 646 rum.
376 609 423 647 Id
444 617 574 647 utrum
592 610 777 648 Romano
798 623 906 648 more
926 611 1081 648 locutus
1103 609 1163 653 sit,
1180 610 1282 648 bene
1302 617 1550 648 nummatum

218 680 255 710 te
276 674 462 722 futurum,
481 688 532 712 an
559 688 639 725 quo
667 675 788 714 modo
809 673 930 714 Stoici
957 674 1107 723 dicunt,
1134 674 1263 714 omnis
1295 689 1379 713 esse
1410 675 1551 714 divites

218 737 285 787 qui
316 740 424 777 caelo
454 747 491 777 et
521 747 620 778 terra
648 738 721 778 frui
751 739 915 790 possint,
946 747 1084 789 postea
1111 739 1265 778 videbo.
1327 739 1405 789 Qui
1436 739 1551 778 istinc

217 802 393 851 veniunt,
431 804 654 854 superbiam
693 812 801 842 tuam
839 812 1039 853 accusant,
1070 805 1179 855 quod
1217 813 1360 855 negent
1398 813 1436 844 te
1456 819 1551 860 ,per-

160 882 199 904 10
217 868 469 907 contantibus
507 870 754 920 respondere.
828 871 906 908 Sed
944 877 1076 908 tamen
1115 877 1173 909 est
1207 871 1315 920 quod
1352 871 1552 921 gaudeas3

216 941 370 973 constat
401 934 507 973 enim
541 934 641 974 inter
674 934 803 975 omnis
835 934 1037 975 neminem
1071 942 1109 974 te
1143 948 1224 975 uno
1256 936 1551 976 Samarobrivae

217 998 307 1038 iuris
328 989 551 1051 peritiorem
571 1013 667 1039 esse.

259 1147 394 1185 XVII
546 1151 614 1185 Ser.
636 1152 764 1184 Romae
780 1163 826 1185 ex.
849 1164 892 1185 m.
916 1153 982 1186 Oct.
1003 1164 1032 1186 a.
1057 1164 1115 1195 700
1133 1155 1216 1196 (54).

633 1235 809 1267 CICERO
833 1235 1071 1267 TREBATIO
1098 1237 1132 1268 S.

160 1330 194 1362 15
272 1319 329 1356 Ex
350 1318 425 1357 tuis
446 1318 580 1358 litteris
601 1327 639 1357 et
661 1318 812 1369 Quinto
840 1319 943 1358 fratri
963 1319 1103 1370 gratias
1125 1319 1185 1369 egi
1209 1327 1246 1358 et
1273 1327 1310 1359 tc
1334 1320 1548 1371 aliquando
1569 1335 1584 1361 1

215 1385 452 1422 conlaudare
482 1397 657 1434 possum,
686 1386 794 1434 quod
824 1384 901 1423 iam
932 1385 1073 1424 videris
1103 1393 1208 1423 certa
1235 1385 1367 1435 aliqua
1395 1385 1435 1424 in
1465 1401 1548 1425 scn-

215 1447 336 1487 tentia
374 1448 605 1488 constitisse.
681 1450 785 1487 Nam
824 1449 1039 1500 primorum
1079 1463 1259 1488 mensum
1299 1450 1433 1489 litteris
1472 1451 1547 1490 tuis

214 1516 466 1553 vehementer
499 1515 790 1561 commovebar,
824 1516 933 1565 quod
972 1515 1067 1553 mihi
1102 1514 1298 1554 interdum
1334 1518 1448 1567 (pace
1481 1524 1548 1555 tua

214 1579 394 1630 dixerim)
430 1579 524 1618 levis
554 1579 593 1617 in
623 1580 729 1618 urbis
764 1580 1073 1630 urbanitatisque
1108 1580 1314 1627 desiderio,
1348 1581 1546 1621 interdum

156 1663 195 1684 20
215 1644 331 1695 piger,
368 1644 565 1684 interdum
604 1645 764 1684 timidus
803 1645 843 1683 in
881 1647 1014 1685 labore
1054 1646 1221 1694 militari,
1260 1660 1376 1697 saepe
1414 1655 1546 1686 autem

214 1709 341 1756 etiam,
374 1712 482 1761 quod
512 1724 534 1748 a
563 1718 600 1748 te
630 1710 912 1749 alienissimum
940 1719 1010 1757 est,
1036 1711 1322 1762 subimpudens
1348 1711 1543 1751 videbare.

213 1775 435 1825 Tamquam
457 1775 561 1814 enim
583 1777 841 1825 syngrapham
863 1776 913 1813 ad
935 1775 1209 1825 imperatorem
1230 1790 1311 1815 non
1338 1776 1545 1827 epistulam

212 1839 494 1879 attulisses.'sic
516 1840 682 1890 pecunia
701 1841 831 1878 ablata
857 1841 1020 1878 domum
1052 1840 1175 1879 redire
1202 1842 1451 1891 properabas,
1472 1856 1545 1881 nec

214 1904 282 1942 tibi
323 1905 360 1942 in
401 1914 573 1944 mentem
612 1905 794 1944 veniebat
833 1920 899 1944 eos
939 1905 1043 1955 ipsos
1083 1906 1149 1955 qui
1188 1919 1277 1944 cum
1317 1908 1544 1958 syngraphis

155 1984 193 2016 :5
213 1969 409 2008 venissent
448 1971 734 2009 Alexandream
776 1985 981 2009 nummum
1026 1972 1156 2010 adhuc
1201 1973 1352 2009 nullum
1395 1974 1544 2011 auferre

213 2035 395 2084 potuisse.
476 2038 560 2086 Ego
606 2035 636 2073 si
683 2036 758 2074 mei
799 2036 999 2075 commodi
1039 2036 1229 2075 rationem
1268 2038 1464 2085 ducerem,
1507 2047 1588 2080 te2

213 2113 367 2138 mecum
389 2114 472 2139 esse
499 2101 666 2139 maxime
688 2103 826 2140 vellem
847 2116 853 2145 ς
885 2116 964 2141 non
989 2102 1094 2140 enim
1123 2102 1310 2142 mediocri
1331 2103 1544 2142 adficiebar

211 2167 270 2203 vel
292 2167 490 2216 voluptate
512 2180 557 2205 ex
578 2166 865 2205 consuetudine
886 2175 1018 2205 nostra
1038 2169 1097 2206 vel
1123 2167 1287 2206 utilitate
1312 2183 1358 2206 ex
1378 2168 1542 2207 consilio

210 2238 327 2279 atque
355 2244 473 2281 opera
501 2239 592 2278 tua,
627 2233 695 2270 sed
731 2246 820 2270 cum
852 2240 889 2270 te
919 2247 964 2271 ex
993 2233 1261 2272 adulescentia
1290 2241 1355 2272 tua
1385 2233 1423 2271 in
1450 2234 1542 2272 ami*

154 2310 194 2340 30
211 2294 341 2333 citiam
373 2303 410 2334 et
444 2297 562 2334 fidem
596 2310 723 2335 meam
758 2297 999 2344 contulisses,
1036 2312 1191 2349 semper
1225 2307 1262 2337 te
1301 2313 1381 2337 non
1422 2300 1541 2338 modo

255 2400 274 2428 8
298 2399 416 2429 videbo
436 2398 463 2428 G
479 2411 485 2428 :
509 2400 670 2430 videbunt
685 2400 736 2430 R:
762 2400 859 2431 video
874 2400 932 2432 M:
958 2401 1075 2432 videro
1088 2405 1158 2432 vell.
1176 2401 1297 2432 Msellcr
1388 2412 1424 2442 17
1450 2412 1541 2433 men-

212 2451 283 2472 sum
302 2442 391 2472 MG:
419 2443 584 2473 mensium
602 2443 635 2474 R
