1791 2796
602 160 714 217 ERP.
748 159 823 197 AD
857 154 1202 197 FAMILIARES
1513 153 1623 198 XVI.
1643 163 1705 196 xv

237 270 370 323 magis,
403 271 511 323 quod
544 269 720 318 Hermia,
750 283 869 321 quem
898 271 1040 310 eodem
1072 269 1136 310 die
1167 269 1299 310 venire
1332 278 1568 321 oportuerat,

236 351 317 376 non
346 344 515 376 venerat.
578 335 806 374 Incredibili
839 349 925 374 sum
958 335 1221 375 sollicitudine
1251 337 1301 375 de
1335 343 1401 374 tua
1427 336 1572 374 valetu-

235 402 356 449 dine:
399 415 477 453 qua
516 401 546 439 si
587 415 649 439 me
688 400 872 447 liberaris,
910 415 982 450 ego
1022 408 1059 439 te
1098 400 1206 439 omni
1247 415 1339 439 cura
1377 401 1568 439 liberabo.

236 469 352 506 Plura
382 467 603 514 scriberem,
637 466 666 503 si
701 465 778 504 iam
809 474 986 516 putarem
1020 465 1187 504 libenter
1215 474 1253 505 te
1283 467 1410 517 legere
1440 480 1568 517 posse.

196 549 214 580 5
237 533 445 583 Ingenium
472 540 594 579 tuum,
622 532 730 582 quod
756 545 828 581 ego
854 530 1010 569 maximi
1036 531 1146 578 facio,
1170 532 1305 570 confer
1328 532 1378 570 ad
1408 539 1445 569 te
1474 530 1569 569 mihi

236 598 386 649 tibique
406 598 722 637 conservandum
738 611 748 645 3
778 610 869 635 cura
890 604 927 635 te
947 596 1064 635 etiam
1078 605 1196 647 atque
1212 596 1330 636 etiam
1347 596 1566 648 diligenter.

235 665 342 702 Vale.

288 728 441 779 Scripta
471 728 549 767 iam
585 727 754 779 epistula
787 726 952 766 Hermia
983 727 1098 766 venit.
1169 726 1316 777 Accepi
1348 735 1452 766 tuam
1490 726 1610 778 epi-2

235 795 376 832 stulam
404 793 679 833 vacillantibus
709 792 897 840 litterulis,
920 805 993 830 nec
1013 791 1155 830 mirum
1181 800 1260 830 tam
1284 792 1388 842 gravi
1414 793 1564 831 morbo.

177 876 214 898 10
236 861 321 910 Ego
347 861 398 898 ad
428 868 466 898 te
494 861 714 909 Aegyptam
740 857 838 905 misi,
868 859 976 908 quod
1003 871 1076 896 nec
1103 857 1343 896 inhumanus
1373 866 1431 896 est
1463 865 1501 896 et
1528 865 1566 896 te

233 925 338 963 visus
361 932 419 963 est
440 923 536 962 mihi
558 923 729 974 diligere,
752 930 795 961 ut
819 922 850 961 is
875 930 1006 962 tecum
1034 930 1146 971 esset,
1170 929 1209 962 et
1229 937 1320 962 cum
1342 937 1389 962 eo
1411 936 1564 970 cocum,

233 1004 314 1041 quo
334 998 496 1029 uterere.
555 990 664 1027 Vale.

279 1199 389 1235 XVI
433 1202 503 1235 Scr.
524 1204 558 1234 in
579 1202 685 1235 Gallia
703 1202 907 1244 transalptlm
924 1213 972 1234 cx.
996 1213 1040 1234 m.
1059 1201 1151 1234 ,Μαίο
1167 1213 1195 1233 a.
1219 1212 1272 1242 701
1292 1202 1367 1243 (53).

568 1291 770 1331 QVINTVS
797 1291 962 1323 MARCO
990 1291 1164 1322 FRATRI
1190 1291 1226 1322 S.

174 1393 210 1425 15
287 1382 348 1419 De
380 1379 537 1428 Tirone,
574 1380 627 1418 mi
663 1382 808 1427 Marce,
846 1380 898 1418 ita
936 1388 973 1418 te
1012 1393 1224 1431 meumque
1257 1378 1490 1420 Ciceronem
1525 1387 1600 1420 etl

232 1459 359 1485 meam
390 1445 603 1484 Tulliolam
633 1452 824 1495 tuumque
856 1445 977 1484 filium
1008 1445 1173 1493 videam,
1203 1452 1244 1484 ut
1275 1445 1370 1484 mihi
1400 1445 1564 1495 gratissi-

231 1525 339 1550 mum
379 1511 514 1559 fecisti,
549 1526 669 1561 quom
710 1526 799 1550 eum
839 1511 1044 1562 indignum
1084 1512 1148 1550 illa
1182 1513 1337 1551 fortuna
1367 1527 1413 1551 ac
1448 1512 1562 1552 nobis

229 1575 400 1614 amicum
435 1590 553 1626 quam
586 1591 739 1615 servum
772 1590 856 1615 esse
889 1576 1067 1615 maluisti.
1129 1576 1231 1615 Mihi
1260 1579 1386 1625 crede,
1419 1577 1494 1615 tuis
1524 1585 1562 1616 et

230 1640 331 1679 illius
352 1641 487 1680 litteris
508 1641 687 1692 perlectis
717 1641 852 1680 exsilui
882 1641 1026 1692 gaudio
1055 1649 1093 1680 et
1118 1641 1186 1680 tibi
1212 1650 1249 1680 et
1269 1656 1342 1692 ago
1362 1642 1501 1693 gratias
1522 1650 1560 1681 et

173 1718 212 1740 20
229 1707 408 1756 gratulor.
469 1706 508 1744 Si
538 1706 643 1745 enim
670 1706 764 1745 mihi
792 1706 888 1745 Stati
919 1706 1083 1745 fidelitas
1113 1714 1171 1746 est
1200 1715 1329 1746 tantae
1356 1707 1557 1758 voluptati,
1577 1719 1603 1746 2

230 1771 364 1821 quanti
386 1785 471 1809 esse
499 1770 537 1809 in
566 1771 639 1810 isto
674 1772 770 1810 haec
791 1773 929 1811 eadem
957 1772 1059 1810 bona
1079 1772 1227 1811 debent
1247 1772 1391 1812 additis
1411 1772 1557 1821 litteris,

230 1834 300 1888 [et]
328 1836 587 1884 sermonibus,
614 1836 866 1884 humanitate,
890 1851 990 1887 quae
1018 1845 1108 1875 sunt
1135 1836 1194 1874 his
1221 1836 1314 1887 ipsis
1338 1838 1560 1878 commodis

228 1901 404 1951 potiora!
463 1904 569 1952 Amo
607 1909 644 1939 te
682 1902 866 1940 omnibus
905 1901 1091 1952 equidem
1126 1903 1175 1941 de
1207 1901 1385 1940 maximis
1419 1903 1557 1950 causis,

227 1980 361 2005 verum
397 1966 513 2005 etiam
550 1975 707 2017 propter
741 1967 843 2005 hanc
875 1968 935 2005 vel
966 1968 1074 2017 quod
1104 1966 1198 2005 mihi
1231 1966 1285 2004 sic
1318 1975 1359 2004 ut
1389 1967 1559 2006 debuisti

169 2046 206 2078 25
227 2030 423 2069 nuntiasti.
502 2034 560 2069 Te
600 2040 726 2070 totum
765 2031 804 2070 in
844 2030 978 2070 litteris
1017 2031 1106 2070 vidi.
1181 2031 1314 2071 Sabini
1353 2031 1482 2082 pueris
1521 2041 1559 2072 et

226 2096 385 2146 promisi
405 2095 538 2135 onmia
558 2104 596 2135 et
616 2096 766 2135 faciam.

274 2201 312 2229 16
336 2199 459 2230 meaml
479 2205 566 2231 tuam
589 2199 775 2241 ll'escnbcrg
878 2211 912 2240 17
939 2201 1072 2232 fortuna
1091 2200 1245 2233 iudicasti
1263 2211 1300 2232 ac
1319 2201 1424 2239 nobis,
1437 2202 1557 2233 omisso

226 2254 301 2274 eum
320 2245 398 2274 coni.
420 2244 585 2277 Bt'iclzclcr‚
606 2256 669 2284 quo
688 2245 785 2275 modo
801 2245 961 2275 scabm'lz'cs
983 2244 1114 2284 quidem
1139 2245 1295 2275 orationis
1312 2246 1356 2275 ila
1375 2250 1557 2276 removetur

226 2291 262 2316 11!
281 2291 390 2318 tamen
407 2288 508 2317 oratio
530 2298 596 2318 vere
620 2288 802 2326 Qut'nlt'ana
819 2288 888 2318 tolli
901 2287 1066 2318 videatur:
1094 2289 1229 2319 fortuna
1245 2299 1283 2319 ac
1297 2289 1433 2319 nomine
1458 2289 1554 2319 nobis

226 2329 402 2361 Lclmmnn
514 2342 556 2361 ρο
580 2331 725 2362 fidelitas
743 2336 775 2362 et
796 2331 969 2370 frugalitas
987 2330 1119 2369 Lamb.‚
1140 2332 1187 2362 vel
1202 2332 1258 2362 fid.
1281 2337 1314 2362 et
1332 2332 1457 2363 utilitas
1472 2332 1557 2363 Boot

219 2378 354 2413 propter
372 2373 540 2414 plnmtt'va
568 2375 685 2405 eadem
713 2374 811 2409 bona,
839 2375 891 2405 his
915 2375 1099 2405 commodis
1234 2385 1275 2406 22
1299 2381 1332 2406 et
1349 2375 1461 2407 codd:
1490 2375 1550 2406 dcl.

224 2416 295 2447 edd.
313 2417 474 2458 plcrt'qtec:
501 2422 534 2448 ct
551 2418 647 2448 ctiam
661 2421 736 2448 ante
751 2418 957 2448 humanitate
979 2417 1165 2459 chscnbcrg
