1791 2796
595 134 703 184 EPP.
737 135 814 170 Al)
850 134 1194 171 FAMILIARES
1515 136 1583 172 IX.
1603 135 1678 171 xvi

227 243 407 283 cenitare.
466 245 528 282 Tu
555 251 687 283 autem
708 245 816 295 quod
838 244 934 282 mihi
955 245 1101 283 bonam
1128 244 1282 295 copiam
1313 245 1438 284 eiures
1463 244 1559 284 nihil

227 317 285 349 est
300 324 309 357 3
349 317 431 355 tum
459 309 575 357 enim,
605 323 695 348 cum
726 323 806 348 rem
839 310 1023 357 habebas,
1047 310 1299 360 quaesticulis
1327 319 1364 349 te
1392 310 1560 350 faciebat

225 376 484 423 attentiorem,
510 389 624 423 nunc,
647 389 738 414 cum
759 383 838 413 tam
859 389 987 425 aequo
1008 375 1142 415 animo
1163 376 1268 415 bona
1284 377 1434 425 perdas,
1452 380 1557 415 †non

226 455 274 480 eo
295 441 345 480 sis
367 441 541 488 consilio,
566 450 617 488 ut,
642 455 731 480 curn
761 455 823 480 me
851 441 1023 492 hospitio
1045 441 1217 492 recipias,
1241 441 1555 481 aestimationem

188 517 205 548 5
225 514 262 546 te
284 506 456 557 aliquam
478 514 592 557 putes
619 506 821 557 accipere;
851 506 969 545 etiam
1000 508 1097 545 haec
1128 507 1248 545 levior
1278 515 1334 546 est
1365 509 1477 558 plaga
1503 508 1554 546 ab

223 571 352 610 amico
373 585 491 621 quam
512 585 534 609 a
554 571 742 610 debitore.
805 573 890 610 Nec
921 579 1053 610 tamen
1083 586 1148 610 eas
1178 586 1294 610 cenas
1325 586 1480 622 quaero,
1511 580 1553 610 ut
1572 571 1596 609 8

224 650 388 687 magnae
408 636 593 686 reliquiae
614 638 709 675 fiant
725 651 734 684 ;
762 638 871 687 quod
888 637 969 683 erit,
988 637 1242 687 magnificum
1264 637 1311 675 sit
1332 645 1369 676 et
1390 639 1551 676 lautum.

226 701 393 740 Memini
415 709 453 740 te
475 701 570 739 mihi
597 703 793 740 Phameae
821 716 961 741 cenam
989 716 1151 741 narrare.
1212 702 1445 753 Temperius
1477 703 1552 748 fiat,

224 774 353 805 cetera
390 767 531 805 eodem
565 768 696 805 modo.
759 768 879 815 Quod
912 767 942 805 si
975 780 1197 817 perseveras
1238 781 1299 806 me
1339 768 1388 806 ad
1424 767 1557 806 matris

166 847 205 870 10
225 840 314 870 tuae
344 845 482 871 cenam
513 845 704 880 revocare,
738 833 858 870 feram
890 832 928 871 id
959 846 1119 883 quoque
1136 847 1144 879 3
1174 834 1264 871 volo
1291 832 1395 870 enim
1425 832 1556 872 videre

223 897 399 936 animum
435 897 502 948 qui
533 897 629 936 mihi
658 898 803 936 audeat
833 897 915 945 ista,
950 911 1051 948 quae
1082 897 1228 945 scribis,
1261 911 1459 948 apponere
1490 906 1557 937 aut

223 962 339 1002 etiam
379 964 566 1013 polypum
607 962 758 1002 miniati
794 963 899 1002 Iovis
939 963 1117 1002 similem.
1180 963 1280 1001 Mihi
1316 965 1441 1011 crede,
1475 978 1554 1003 non

221 1027 386 1067 audebis
403 1043 411 1075 3
440 1036 532 1066 ante
563 1042 694 1067 meum
730 1030 944 1068 adventum
975 1031 1080 1068 fama
1107 1030 1158 1068 ad
1190 1037 1227 1068 te
1257 1030 1306 1068 de
1337 1043 1424 1068 mea
1454 1044 1556 1068 nova

222 1093 371 1132 lautitia
391 1093 544 1142 veniet3
574 1108 660 1132 eam
683 1102 723 1133 tu
745 1095 985 1134 extimesces.
1039 1096 1180 1145 Neque
1202 1102 1259 1134 est
1281 1097 1388 1144 quod
1410 1095 1447 1133 in
1471 1109 1555 1146 pro-

166 1172 202 1203 15
223 1159 390 1198 mulside
419 1159 502 1210 spei
529 1173 653 1209 ponas
680 1160 854 1210 aliquid:
889 1174 1007 1210 quam
1038 1168 1159 1199 totam
1188 1160 1325 1199 sustuli
1341 1175 1350 1208 ,-
1378 1161 1552 1199 solebam

222 1224 326 1262 enim
347 1232 462 1263 antea
482 1224 675 1263 debilitari
697 1225 791 1264 oleis
813 1234 851 1264 et
872 1225 1058 1264 lucanicis
1080 1225 1165 1264 tuis.
1226 1227 1303 1265 Sed
1331 1225 1427 1276 quid
1458 1227 1553 1265 haec
1574 1239 1602 1276 9

222 1289 448 1339 loquimur?
487 1289 600 1328 liceat
632 1292 753 1329 modo
783 1290 857 1329 isto
887 1290 1028 1329 venire.
1088 1292 1150 1329 Tu
1183 1305 1274 1330 vero
1305 1290 1413 1341 (volo
1448 1291 1552 1329 enim

222 1356 442 1406 abstergere
462 1355 583 1394 animi
607 1355 661 1394 tui
684 1357 849 1404 metum)
867 1357 918 1395 ad
936 1355 1213 1406 tyrotarichum
1231 1356 1435 1407 antiquum
1458 1356 1550 1395 redi.

225 1422 309 1470 Ego
340 1420 409 1459 tibi
439 1435 562 1459 unum
593 1429 793 1472 sumptum
821 1423 1006 1468 adferam,
1031 1423 1139 1472 quod
1167 1422 1352 1460 balneum
1374 1421 1553 1460 calfacias

163 1499 202 1521 20
223 1486 445 1536 oportebit3
475 1494 604 1525 cetera
625 1500 732 1526 more
755 1495 898 1525 nostro.
952 1487 1159 1538 Superiora
1180 1487 1244 1525 illa
1265 1487 1439 1525 lusimus.
1493 1489 1553 1525 De
1574 1496 1619 1523 10

221 1550 311 1589 villa
341 1551 534 1590 Seliciana
564 1560 601 1591 et
631 1552 772 1593 curasti
801 1552 1008 1603 diligenter
1029 1560 1067 1592 et
1088 1552 1273 1604 scripsisti
1295 1552 1553 1600 facetissime3

221 1615 352 1666 itaque
392 1625 488 1667 puto
528 1631 590 1656 me
630 1618 1018 1669 praete1·missurum;
1067 1618 1155 1657 salis
1201 1617 1306 1657 enim
1352 1617 1443 1657 satis
1482 1626 1550 1665 est,

221 1681 457 1721 sannionum
488 1697 636 1734 parum.

264 1822 398 1858 XVII
428 1840 433 1842 ⁷
526 1827 595 1858 Ser.
616 1827 744 1858 Romae
756 1831 831 1868 post
847 1827 897 1859 Id.
917 1828 1003 1859 Sext.
1025 1839 1054 1858 a.
1079 1830 1138 1867 708
1156 1827 1243 1868 (46).

163 1905 200 1935 25
543 1904 718 1934 CICERO
745 1905 797 1945 [L.
827 1904 1036 1944 PAPIRIO]
1064 1884 1225 1935 PAETOss

275 1981 366 2018 Non
398 1988 437 2018 tu
466 1982 586 2019 homo
615 1981 800 2020 ridiculus
827 1996 867 2020 es
889 1982 967 2032 qui,
991 1996 1081 2020 cum
1112 1982 1257 2020 Balbus
1285 1988 1414 2019 noster
1443 1983 1548 2032 apud
1570 1993 1583 2018 1

222 2054 256 2083 le
292 2045 414 2092 fuerit,
447 2061 492 2084 ex
525 2060 587 2085 me
620 2061 782 2096 quaeras
818 2047 914 2097 quid
942 2048 991 2086 (le
1023 2047 1103 2085 istis
1136 2046 1358 2098 municipiis
1386 2055 1423 2085 et
1450 2047 1549 2097 agris

219 2112 389 2150 futurum
413 2114 577 2162 putem?
607 2112 717 2162 quasi
748 2121 813 2151 aut
842 2127 914 2163 ego
942 2113 1153 2163 quicquam
1182 2113 1301 2151 sciam
1339 2114 1446 2163 quod
1478 2112 1548 2151 iste

260 2228 278 2247 2
304 2217 464 2258 habebas]
485 2217 633 2256 augebas
650 2216 767 2248 Laud).
924 2217 1151 2257 quaesticulus
1170 2217 1266 2248 Orellz
1434 2228 1453 2255 3
1480 2228 1544 2247 11011

218 2272 258 2290 eo
275 2261 322 2291 sis
340 2260 497 2298 consiliol
517 2271 581 2291 non
604 2271 645 2291 co
671 2261 779 2300 possis
803 2261 948 2291 consilio
974 2263 1022 2292 uti
1045 2261 1205 2301 Madvzgr:
1231 2271 1296 2291 11011
1323 2266 1372 2291 cst
1398 2261 1486 2299 quod
1508 2272 1547 2290 co

218 2304 264 2334 sis
281 2305 421 2335 consilio
443 2303 631 2344 HGwnffivg
749 2314 768 2342 5
792 2304 911 2345 ctiam]
929 2310 963 2335 ct
982 2310 1092 2335 tamen
1113 2305 1213 2335 Orelli
1341 2314 1375 2334 12
1401 2304 1545 2343 miniati]

218 2346 337 2378 Lamb.
354 2349 440 2388 vulg.
462 2360 468 2378 :
494 2347 632 2378 Miniani
652 2347 738 2379 codd.
755 2348 980 2379 zllcndclssolm
1070 2359 1110 2387 23
1136 2348 1354 2387 sannionum]
1369 2347 1403 2376 D
1422 2347 1546 2377 chscn-

218 2390 294 2431 berg
308 2391 445 2422 Mz'illcr:
472 2402 663 2422 sannonum
683 2392 742 2422 M:
767 2393 962 2422 sanniorum
977 2392 1017 2422 ll
1033 2404 1038 2422 :
1072 2402 1230 2422 sanorum
1248 2391 1426 2430 llosmann
1444 2402 1449 2421 :
1464 2392 1543 2429 fort.

219 2435 389 2466 saniorum
523 2437 564 2465 26
590 2435 663 2466 Non
683 2434 769 2466 codd.
786 2446 792 2467 ;
820 2446 861 2466 ne
881 2436 930 2476 <z
950 2438 1026 2474 nae)
1046 2435 1229 2466 Gronovius
