1791 2796
85 155 196 193 XIV.
218 154 279 191 vii
596 153 651 190 M.
683 151 851 205 TVLLI
884 150 1190 190 CICERONIS

226 274 264 304 te
284 273 322 304 et
344 265 559 303 Tulliolam
590 271 763 303 nostram
790 261 1087 313 diligentissime
1118 259 1422 300 commendabo.
1483 259 1559 299 Co-

226 333 399 370 hortarer
427 344 496 369 vos
526 343 607 380 quo
636 329 770 368 animo
797 328 974 367 fortiores
1003 326 1150 374 essetis,
1181 325 1254 364 nisi
1282 339 1351 365 vos
1382 323 1559 364 fortiores

227 409 461 446 cognossem
484 409 603 446 quam
632 407 873 445 quemquam
901 393 1036 431 virum.
1098 394 1149 431 Et
1179 399 1311 429 tamen
1339 389 1422 429 eius
1450 388 1559 428 modi

228 475 342 512 spero
377 460 535 511 negotia
568 474 664 507 esse,
697 466 739 498 ut
769 466 807 498 et
837 472 906 497 vos
936 457 1022 496 istic
1053 455 1376 496 commodissime
1406 468 1559 506 sperem

228 540 314 565 esse
335 534 373 564 ct
394 540 457 564 me
470 525 684 576 aliquando
706 538 796 563 cum
813 523 1005 563 similibus
1022 522 1144 562 nostri
1166 536 1246 561 rem
1261 535 1296 572 p.
1316 521 1556 560 defensuros.
1580 533 1597 565 5

186 602 209 638 3
229 593 291 630 Tu
315 591 485 642 primum
510 589 778 629 valetudinem
805 597 911 628 tuam
938 588 1054 627 velim
1076 601 1212 636 cures3
1255 586 1412 634 deinde,
1437 585 1468 625 si
1489 585 1560 625 tibi

229 657 436 703 videbitur,
470 656 570 695 villis
602 655 647 694 iis
678 664 796 703 utere,
830 669 931 705 quae
961 653 1188 705 longissime
1218 653 1384 692 aberunt
1413 665 1435 690 a
1464 651 1561 690 mili-

229 723 344 762 tibus.
405 723 436 760 F
439 723 548 760 undo
570 721 749 772 Arpinati
764 721 866 759 bene
879 719 1023 771 poteris
1044 719 1207 758 uticum
1230 717 1378 757 familia
1397 717 1557 764 urbana,

228 788 259 827 si
291 802 450 827 annona
489 787 612 827 carior
650 786 774 825 fuerit.
835 785 976 826 Cicero
1018 784 1254 824 bellissimus
1290 782 1359 822 tibi
1394 783 1559 821 salutem

230 854 437 906 plurimam
459 853 564 893 dicit.
626 852 756 891 Etiam
771 860 889 903 atque
910 851 1027 890 etiam
1048 852 1143 890 vale.
1206 853 1253 889 D.
1271 861 1340 888 vn.
1359 849 1455 888 Idus
1470 849 1557 887 Iun.
1583 865 1620 886 10

273 1036 390 1072 VIII
481 1039 550 1072 Scr.
570 1038 735 1070 Brundisi
748 1049 779 1071 a.
795 1037 826 1070 d.
844 1038 875 1069 ιύ
893 1036 976 1070 Non.
997 1037 1072 1068 Iun.
1093 1048 1123 1069 a.
1144 1047 1203 1077 707
1222 1037 1306 1078 (47).

545 1127 742 1159 TVLLIVS
766 1125 1035 1157 TERENTIAE
1061 1125 1180 1157 SVAE
1206 1124 1239 1156 S.

287 1218 325 1258 Si
354 1220 469 1265 vales,
499 1218 601 1256 bene
627 1224 695 1264 est,
728 1229 800 1267 ego
821 1217 942 1254 valeo.
1002 1214 1283 1253 Valetudinem
1310 1221 1415 1252 tuam
1444 1212 1560 1252 velim

232 1298 343 1325 cures
374 1282 684 1334 diligentissime.
745 1283 848 1320 Nam
875 1280 969 1319 mihi
998 1287 1035 1319 et
1063 1279 1250 1331 scriptum
1278 1287 1316 1318 et
1338 1278 1560 1317 nuntiatum

232 1359 291 1390 est
311 1358 349 1390 te
370 1349 409 1388 in
431 1348 569 1388 febrim
592 1347 723 1387 subito
750 1346 944 1385 incidisse.
1007 1346 1127 1394 Quod
1159 1344 1333 1383 celeriter
1354 1354 1418 1382 me
1438 1342 1562 1382 fecisti
1585 1356 1621 1388 15

233 1418 283 1456 de
319 1414 496 1456 Caesaris
527 1413 663 1453 litteris
695 1412 910 1459 certiorem,
948 1410 1072 1450 fecisti
1107 1410 1202 1448 mihi
1236 1417 1398 1460 gratum.
1461 1410 1561 1447 Item

234 1483 410 1533 posthac,
435 1480 465 1519 si
487 1479 583 1530 quid
611 1493 710 1530 opus
738 1478 818 1525 erit,
842 1477 873 1515 si
899 1476 994 1527 quid
1022 1475 1206 1515 acciderit
1238 1474 1339 1522 novi,
1373 1473 1490 1514 facies
1520 1481 1562 1513 ut

234 1547 366 1586 sciam.
427 1547 532 1585 Cura
552 1553 594 1583 ut
614 1546 753 1583 valeas.
813 1543 921 1581 Vale.
974 1544 1021 1580 D.
1047 1553 1109 1580 1111
1133 1542 1239 1580 Non.
1262 1542 1348 1579 Iun.

277 1716 343 1752 IX
499 1718 566 1749 Scr.
585 1717 748 1748 Brundisi
761 1728 791 1749 (ι.
812 1718 872 1757 706
891 1716 959 1758 ¹:482*
982 1727 1011 1748 a.
1032 1715 1063 1747 cl.
1081 1715 1139 1747 xvi
1152 1715 1194 1748 K.
1213 1715 1286 1747 Ian.

522 1808 717 1838 TVLLIVS
743 1806 1010 1838 TERENTIAE
1037 1806 1155 1837 SVAE
1181 1806 1214 1837 S.
1243 1806 1275 1838 P.
1586 1813 1625 1836 20

291 1900 353 1937 Ad
375 1906 522 1937 ceteras
544 1911 650 1936 meas
672 1895 846 1935 miserias
865 1895 1029 1935 accessit
1050 1897 1163 1934 dolor
1180 1903 1225 1934 'et
1250 1896 1300 1935 de
1334 1895 1564 1934 Dolabellae

236 1965 459 2004 valetudine
486 1972 523 2002 et
551 1964 600 2002 de
628 1962 790 2000 Tulliae.
852 1961 1028 2001 Omnino
1057 1963 1107 2000 de
1138 1961 1321 2000 omnibus
1350 1961 1464 2000 rebus
1492 1973 1565 1998 nec

236 2030 331 2080 quid
374 2028 511 2068 consili
555 2028 707 2078 capiam
752 2041 824 2065 nec
863 2027 958 2077 quid
998 2027 1136 2065 faciam
1178 2026 1269 2065 scio.
1347 2028 1409 2064 Tu
1449 2025 1564 2064 velim

236 2105 340 2134 tuam
373 2104 409 2133 et
440 2094 593 2133 Tulliae
623 2093 888 2132 valetudinem
920 2107 1040 2132 cures.
1100 2095 1208 2132 Vale.

283 2212 301 2232 2
325 2212 391 2240 quo
409 2200 442 2230 D
459 2213 465 2231 :
489 2202 578 2240 quod
598 2202 655 2232 M:
681 2202 839 2241 quoniam
854 2201 937 2231 HF:
962 2200 1028 2231 secl.
1047 2200 1149 2230 Orelli
1281 2198 1437 2229 fortiores
1454 2196 1541 2227 codd.
1557 2208 1562 2227 :

240 2246 377 2276 fortiore
405 2249 474 2275 vell.
507 2245 696 2286 lls'cscnbcrg
839 2255 857 2284 5
882 2245 1081 2275 defensuros
1109 2243 1208 2276 codd..
1238 2243 1273 2282 cf
1304 2242 1388 2273 I'ln'l.
1419 2240 1475 2272 xii.
1501 2249 1564 2278 27:

240 2299 367 2319 -surum
394 2293 462 2320 vell.
613 2299 628 2328 7
655 2295 748 2320 utare
777 2287 966 2327 Wesenberg
1113 2297 1146 2317 rt
1174 2286 1225 2317 Dc
1251 2290 1389 2326 tempore
1413 2282 1570 2314 scribendi

238 2334 278 2373 rs.
306 2333 344 2363 O.
365 2333 404 2363 E.
421 2333 571 2364 Schmidt
594 2332 847 2372 ‘Brirfit'ecltscl'
869 2338 900 2372 p.
926 2343 984 2371 ¹92
1006 2335 1035 2362 ct
1053 2331 1123 2362 Au.
1145 2331 1186 2361 xi.
1211 2331 1258 2360 16.
1282 2340 1306 2367 1,
1327 2339 1420 2369 quem
1439 2330 1566 2358 secutus

243 2389 326 2407 mm.
376 2377 459 2407 Fan-1·
477 2383 587 2408 lamen
602 2381 703 2419 polest
721 2382 755 2407 ut
771 2377 831 2407 lmc
849 2377 967 2407 litterae
985 2375 1130 2406 Caesaris
1147 2377 1247 2406 cssent
1261 2373 1406 2414 publicae
1526 2369 1565 2399 18

239 2421 321 2451 Vale
339 2421 395 2452 dcl.
417 2422 520 2462 Klqvn
654 2431 691 2451 21
720 2422 761 2451 dc
778 2432 842 2451 om.
862 2420 902 2450 M
