1791 2796
552 157 663 194 EPI'.
696 158 773 194 AD
805 157 1152 194 FAMILIARES
1456 157 1573 194 VIII.
1593 155 1669 193 xiii

240 269 369 314 Voles,
404 268 555 315 Cicero,
587 268 802 308 Curionem
835 277 1013 306 nostrum
1048 269 1195 307 lautum
1232 268 1520 318 intercessionis
1540 279 1563 305 2

186 333 236 371 de
266 333 475 383 provinciis
505 333 651 372 exitum
681 333 889 382 habuisse3
928 347 1019 371 nam
1050 347 1140 372 cum
1170 335 1214 371 de
1240 333 1519 373 intercessione

186 399 397 446 referretur,
422 412 523 450 quae
543 398 679 438 relatio
704 399 822 438 fiebat
849 413 895 438 ex
922 407 1080 437 senatus
1100 401 1292 446 consulto,
1316 399 1519 450 primaque

189 465 243 501 M.
269 464 446 503 Marcelli
467 464 661 503 sententia
691 464 941 514 pronuntiata
971 473 1082 511 esset,
1107 464 1171 515 qui
1202 466 1399 515 agendum
1427 478 1517 503 cum

150 529 351 569 5tribunis
382 531 432 579 pl.
469 530 666 577 censebat,
701 531 883 580 frequens
922 538 1080 569 senatus
1119 530 1158 568 in
1190 530 1265 569 alia
1296 530 1429 569 onmia
1463 530 1516 568 iit.

186 596 400 634 Stomacho
420 603 478 633 est
499 595 647 634 scilicet
669 595 881 645 Pompeius
913 597 1083 645 Magnus
1105 610 1210 634 nunc
1231 596 1283 634 ita
1304 595 1514 646 languenti,

185 668 226 698 ut
258 660 320 698 vix
355 660 395 699 id
434 662 541 711 quod
577 660 650 699 sibi
686 662 838 710 placeat
877 661 1051 711 reperiat.
1123 662 1374 701 Transierant
1414 661 1515 708 illuc,

184 724 374 763 rationem
411 724 493 763 eius
528 725 754 764 habendam
786 725 852 776 qui
884 739 998 775 neque
1027 725 1238 764 exercitum
1274 740 1403 776 neque
1434 739 1519 777 pro-

184 789 330 828 vincias
358 791 535 828 traderet.
597 792 727 839 Quem
757 791 808 829 ad
839 791 1002 829 modum
1033 791 1108 828 hoc
1131 790 1343 841 Pompeius
1373 793 1519 829 laturus

129 870 165 892 10
184 854 243 900 sit,
270 869 359 893 cum
385 869 646 906 cognoscam,
685 855 875 905 quidnam
905 855 958 894 rei
988 855 1169 906 publicae
1199 857 1371 894 futurum
1402 856 1460 904 sit,
1488 856 1518 895 si

184 925 273 961 †aut
295 936 374 960 non
403 930 522 969 curet,
544 936 614 960 vos
641 935 754 960 senes
783 921 923 961 divites
950 921 1133 961 videritis.
1194 922 1242 971 Q
1267 921 1517 969 Hortensius,

184 1001 273 1026 cum
295 989 364 1026 has
384 981 529 1027 litteras
551 987 697 1038 scripsi,
719 987 891 1026 animam
912 987 1063 1038 agebat.

226 1140 336 1175 XIV
472 1143 540 1176 Scr.
562 1143 691 1175 Romae
706 1145 771 1175 circ.
792 1144 850 1175 viii
862 1144 904 1174 K.
929 1144 994 1175 Oct.
1017 1154 1048 1176 a.
1069 1154 1128 1184 704
1147 1143 1229 1185 (jo).

594 1221 789 1254 CAELIVS
814 1221 1042 1253 CICERONI
1069 1222 1103 1253 S.

130 1315 164 1345 15
237 1300 355 1339 Tanti
383 1313 463 1339 non
488 1300 560 1338 fuit
584 1302 757 1339 Arsacen
787 1313 926 1350 capere
956 1308 993 1339 et
1024 1301 1252 1339 Seleuceam
1283 1313 1515 1351 expugnare,
1537 1307 1554 1335 1

184 1373 226 1404 ut
254 1380 388 1405 earum
419 1380 546 1404 rerum
579 1379 681 1416 quae
711 1365 775 1404 hic
804 1374 936 1416 gestae
966 1374 1056 1404 sunt
1086 1367 1311 1416 spectaculo
1341 1380 1518 1413 careres;

184 1445 401 1482 numquam
423 1431 493 1470 tibi
514 1431 616 1469 oculi
641 1431 869 1478 doluissent,
894 1431 924 1469 si
952 1431 991 1469 in
1019 1432 1172 1481 repulsa
1195 1431 1345 1469 Domiti
1366 1433 1515 1470 vultum

184 1496 356 1536 vidisses
419 1498 566 1547 Magna
599 1496 664 1534 illa
694 1496 853 1535 comitia
887 1498 1052 1544 fuerunt,
1088 1504 1125 1535 et
1159 1498 1275 1547 plane
1309 1496 1438 1535 studia
1471 1510 1517 1535 ex

184 1562 350 1613 partium
372 1575 489 1601 sensu
510 1570 773 1612 apparuerunt
791 1576 800 1609 3
833 1561 1019 1612 perpauci
1040 1560 1372 1601 necessitudinem
1394 1561 1517 1600 secuti

127 1641 166 1664 κο
184 1627 355 1667 officium
385 1627 670 1678 praestiterunt.
732 1629 871 1678 Itaque
901 1627 997 1665 mihi
1027 1635 1085 1666 est
1107 1626 1306 1666 Domitius
1336 1626 1518 1666 inimicis-

184 1693 304 1732 simus
343 1702 385 1731 ut
424 1708 473 1732 ne
512 1693 741 1732 familiarem
785 1693 946 1744 quidem
990 1707 1104 1732 suum
1150 1707 1390 1744 quemquam
1437 1701 1515 1732 tam

183 1759 308 1798 oderit
340 1773 457 1809 quam
491 1773 563 1806 me,
597 1767 716 1809 atque
750 1774 798 1798 eo
833 1758 954 1809 magis
986 1760 1094 1809 quod
1129 1772 1196 1809 per
1231 1758 1411 1797 iniuriam
1441 1758 1515 1797 sibi

183 1832 292 1874 putat
313 1832 490 1875 ereptum
512 1830 759 1874 auglcmtmn,
782 1824 924 1874 quoius
945 1838 1017 1874 ego
1037 1832 1172 1862 auctor
1193 1824 1341 1863 fuerim.
1397 1825 1515 1862 Nunc

182 1889 270 1927 furit
298 1897 376 1927 tam
406 1888 559 1939 gavisos
588 1889 769 1928 homines
800 1903 913 1927 suum
943 1890 1119 1927 dolorem
1142 1893 1369 1940 *tunumque
1400 1903 1514 1928 move

126 1967 162 1997 ³5
182 1954 456 1993 studiosiorem
487 1953 637 1992 Antoni
655 1968 664 2001 3
703 1968 794 1992 nam
826 1955 898 1994 Cn.
931 1953 1184 1993 Saturninum
1218 1955 1511 1994 adulescentem

182 2019 263 2069 ipse
294 2021 366 2059 Cn.
402 2019 598 2057 Domitius
628 2033 735 2058 reum
767 2019 858 2058 fecit
887 2033 980 2058 sane
1010 2033 1128 2070 quam
1158 2019 1355 2070 superiore
1384 2035 1407 2058 a
1435 2020 1514 2058 vita

181 2084 443 2132 invidiosum;
472 2086 580 2134 quod
601 2084 789 2123 iudicium
811 2098 917 2123 nunc
938 2084 976 2122 in
999 2084 1290 2135 exspectatIOne
1305 2092 1373 2132 est,
1393 2085 1509 2125 etiam

182 2149 219 2187 in
241 2150 345 2188 bona
366 2163 434 2200 spe
454 2157 543 2199 post
563 2151 647 2188 Sex.
668 2149 863 2188 Peducaei
883 2149 1185 2189 absolutionem.

225 2264 243 2284 2
268 2254 308 2284 de
326 2252 400 2284 add.
422 2256 491 2284 vell.
632 2263 669 2284 10
695 2264 767 2284 cum
787 2263 989 2292 cognoscam
1010 2254 1070 2285 M:
1098 2264 1172 2285 cum
1191 2264 1341 2294 cognoro
1365 2254 1506 2285 scribam

186 2296 374 2337 wesenberg
549 2297 575 2327 si
609 2296 681 2337 aut]
708 2298 735 2328 si
770 2302 828 2328 aut
863 2299 965 2328 armis
993 2298 1130 2328 resistat
1157 2300 1209 2337 (sc.
1234 2297 1426 2338 Pompemsi
1452 2303 1508 2328 aut

185 2340 372 2381 lVesenbetg
389 2352 395 2371 ι
419 2340 446 2372 si
464 2346 617 2371 senatum
636 2342 713 2372 coni.
733 2340 962 2371 rvlcndelssolzn
1068 2352 1109 2372 22
1134 2340 1307 2381 iniuriam]
1326 2341 1505 2372 Curionem

180 2385 259 2415 coni.
281 2384 509 2415 Mendelssolm
642 2394 682 2422 23
707 2389 905 2424 auguratum
924 2384 998 2415 add.
1023 2385 1204 2415 Gronovius
1331 2396 1369 2423 24
1395 2395 1455 2416 suo
1472 2385 1506 2415 in

181 2427 298 2458 dolore
312 2428 450 2469 Alladvtjg
538 2439 708 2467 unumque
724 2428 834 2469 move]
850 2439 950 2459 unum
969 2439 1135 2468 quemque
1153 2429 1332 2459 Bellmamz
1465 2430 1508 2459 26

180 2472 336 2512 superior
351 2483 391 2503 ea
408 2472 474 2503 vita
492 2472 553 2502 III:
576 2472 783 2512 superiorem
802 2482 912 2512 causa,
932 2473 1000 2502 vita
1019 2472 1157 2513 Madwg
