1791 2796
562 159 673 197 EPP.
706 159 783 196 AD
815 159 1162 196 FAMILIARES
1447 160 1516 196 XI.
1538 159 1675 195 xxviii

197 269 358 320 quidem
394 270 424 308 si
459 277 592 321 optata
625 270 865 320 contingent,
897 271 1005 320 quod
1040 269 1234 320 reliquum
1269 269 1457 307 estwvitae
1488 269 1526 306 in

197 335 278 374 otio
314 336 447 374 Rhodi
477 338 643 386 degam3
690 336 749 374 sin
771 349 883 374 casus
912 335 1053 385 aliquis
1084 335 1347 385 interpellarit,
1380 335 1431 372 ita
1461 348 1527 372 ero

199 402 352 438 Rornae
391 408 432 438 ut
470 408 573 439 recte
619 400 700 438 fieri
746 414 900 450 semper
937 400 1105 450 cupiam.
1165 400 1353 438 Trebatio
1392 408 1527 438 nostro

197 479 357 516 magnas
377 479 451 517 ago
471 466 622 516 gratias,
646 467 754 516 quod
776 473 886 504 tuum
909 479 997 515 erga
1025 479 1087 504 me
1107 466 1284 503 animum
1307 465 1524 515 simplicem

158 543 175 574 5
195 540 313 582 atque
342 531 513 570 amicum
540 531 689 582 aperuit
717 539 754 570 et
784 533 892 581 quod
917 545 1018 577 eum,
1043 545 1161 581 quem
1186 544 1340 581 semper
1361 530 1528 569 libenter

195 597 324 644 dilexi,
347 610 427 647 quo
448 596 569 646 magis
590 596 672 634 iure
692 598 820 635 colere
846 604 965 646 atque
986 597 1192 635 observare
1212 596 1399 635 deberem
1422 595 1524 634 fecit.

198 664 305 701 Bene
326 664 410 701 vale
431 670 467 701 et
490 676 552 701 me
573 661 700 713 dilige.

238 819 392 854 XXIX
438 822 508 854 Ser.
526 823 574 854 vd
587 834 634 855 ex.
656 834 699 854 m.
720 822 796 854 Iun.
809 823 858 854 vel
872 822 913 854 in.
937 822 1049 863 Quint.
1070 833 1101 856 a.
1118 833 1174 863 710
1188 823 1277 865 (44).

622 906 796 937 CICERO
822 906 962 937 OPPIO
989 906 1022 938 S.
1051 907 1090 938 D.

137 1006 175 1029 10
249 989 455 1028 Dubitanti
488 989 594 1036 mihi,
628 991 735 1040 quod
767 990 838 1028 scit
873 990 1027 1028 Atticus
1060 997 1203 1037 noster,
1244 991 1294 1029 de
1328 992 1404 1029 1106
1438 998 1522 1028 1010
1542 1004 1558 1030 1

193 1055 358 1093 consilio
385 1055 647 1105 profectionis,
675 1057 783 1106 quod
811 1055 850 1094 in
878 1063 1085 1106 utramque
1114 1064 1264 1106 partem
1287 1056 1325 1094 in
1348 1063 1521 1094 mentem

193 1122 314 1158 multa
349 1120 570 1168 veniebant,
613 1135 798 1171 magnum
830 1122 987 1171 pondus
1019 1121 1183 1159 accessit
1217 1123 1266 1160 ad
1307 1122 1522 1159 tollendam

192 1186 479 1224 dubitationem
502 1186 690 1225 iudicium
712 1195 749 1225 et
770 1186 977 1225 consilium
999 1194 1109 1224 tuum
1129 1201 1139 1234 3
1167 1200 1258 1224 nam
1280 1194 1318 1224 et
1339 1186 1523 1237 scripsisti

191 1259 323 1301 aperte
362 1251 457 1301 quid
498 1252 567 1290 tibi
607 1252 801 1290 videretur
839 1260 876 1290 et
916 1251 1070 1290 Atticus
1108 1253 1158 1290 ad
1198 1265 1261 1289 me
1301 1265 1522 1290 sermonem

136 1332 172 1363 15
192 1325 302 1355 tuum
324 1317 491 1367 pertulit.
551 1318 713 1368 Semper
733 1317 901 1356 iudicavi
918 1317 957 1355 in
979 1325 1016 1356 te
1032 1325 1070 1355 et
1086 1317 1124 1355 in
1142 1317 1337 1367 capiendo
1358 1317 1523 1355 consilio

192 1383 437 1432 prudentiam
474 1397 668 1421 summam
702 1397 786 1422 esse
818 1391 855 1422 et
886 1383 925 1421 in
960 1384 1094 1421 dando
1124 1384 1243 1421 fidem
1275 1382 1523 1433 maximeque

191 1462 277 1486 sum
305 1456 494 1499 expertus,
519 1463 608 1487 cum
643 1448 753 1487 initio
785 1448 907 1486 civilis
932 1448 1023 1487 belli
1050 1462 1118 1499 per
1145 1448 1289 1487 litteras
1320 1456 1357 1487 te
1384 1462 1522 1487 consu-

191 1513 348 1552 luissem
374 1514 469 1564 quid
499 1514 593 1552 mihi
622 1513 845 1552 faciendum
878 1527 962 1552 esse
989 1527 1178 1561 censeres,
1213 1515 1441 1552 eundumne
1470 1516 1521 1553 ad

192 1580 424 1630 Pompeium
446 1594 495 1618 an
518 1581 758 1618 manendum
781 1580 819 1617 in
844 1579 965 1618 Italia.
1026 1579 1187 1618 Suasisti
1208 1586 1250 1617 ut
1274 1581 1519 1618 consulerem

132 1660 172 1682 20
191 1643 367 1694 dignitati
407 1659 545 1693 meae,
593 1660 638 1684 ex
681 1659 760 1695 quo
805 1645 900 1695 quid
946 1645 1107 1684 sentires
1147 1644 1317 1683 intellexi
1356 1652 1393 1683 et
1433 1658 1519 1682 sum

189 1710 402 1750 admiratus
423 1714 541 1751 fidem
564 1720 669 1750 tuam
692 1720 729 1750 et
751 1711 789 1749 in
807 1711 971 1749 consilio
985 1712 1118 1749 dando
1140 1709 1377 1760 religionem,
1397 1712 1516 1760 quod,

189 1789 277 1813 cum
302 1777 409 1816 aliud
438 1780 552 1817 malle
582 1777 864 1816 amicissimum
896 1784 1006 1815 tuum
1038 1784 1204 1826 putares,
1227 1775 1426 1825 antiquius
1447 1775 1516 1814 tibi

188 1841 358 1879 officium
382 1836 512 1881 meum
535 1857 652 1893 quam
675 1843 775 1882 illius
806 1845 986 1881 voluntas
1008 1841 1088 1880 fuit.
1150 1840 1346 1891 Equidem
1369 1848 1407 1878 61
1426 1849 1517 1879 ante
1536 1853 1559 1880 2

188 1907 263 1944 hoc
297 1915 451 1957 tempus
486 1916 523 1946 te
557 1908 673 1947 dilexi
708 1916 746 1947 et
781 1922 933 1958 semper
964 1921 1027 1945 me
1058 1920 1080 1944 a
1111 1914 1149 1944 te
1183 1905 1289 1955 diligi
1324 1905 1425 1944 sensi
1466 1914 1514 1953 et,

129 1984 167 2016 ²5
187 1984 276 2008 cum
306 1973 485 2010 abessem
515 1981 633 2023 atque
663 1973 701 2010 in
733 1973 882 2022 magnis
913 1972 1093 2023 periculis
1124 1985 1260 2018 essem,
1293 1978 1330 2009 et
1361 1984 1424 2009 1116
1453 1971 1517 2009 ab·

187 2043 337 2074 sentem
373 2045 409 2075 et
450 2051 557 2075 meos
597 2037 810 2088 praesentis
849 2052 871 2075 a
903 2046 939 2076 te
974 2039 1099 2075 cultos
1139 2045 1174 2074 et
1214 2037 1398 2074 defensos
1432 2050 1516 2074 esse

188 2102 347 2139 memini
383 2110 430 2149 et,
463 2111 551 2152 post
582 2116 714 2140 meum
744 2102 911 2141 reditum
943 2116 1060 2152 quam
1089 2101 1325 2140 familiariter
1360 2115 1515 2141 mecum

187 2166 322 2204 vixeris
362 2180 541 2217 quaeque
581 2181 653 2217 ego
692 2169 742 2206 de
781 2175 819 2206 te
857 2176 895 2206 et
935 2167 1121 2206 senserim
1162 2175 1199 2205 et
1246 2166 1513 2216 praedicarim,

185 2231 313 2269 omnis
361 2232 426 2281 qui
476 2234 602 2271 solent
651 2234 747 2271 haec
794 2232 1104 2271 animadvertere
1153 2231 1260 2270 testis
1309 2232 1511 2269 habemus.

124 2309 165 2340 30
186 2296 466 2335 Gravissimum
485 2311 575 2335 vero
597 2297 784 2335 iudicium
806 2299 855 2336 de
878 2311 963 2336 mea
985 2299 1062 2336 fide
1083 2306 1119 2335 et
1141 2296 1360 2335 constantia
1377 2295 1512 2342 fecisti,

184 2374 274 2398 cum
310 2369 397 2411 post
428 2370 591 2400 mortem
629 2362 806 2401 Caesaris
839 2370 963 2401 totum
995 2371 1032 2401 16
1061 2363 1112 2400 ad
1141 2361 1353 2400 amicitiam
1384 2374 1512 2398 meam

184 2425 408 2474 contulisti,
451 2428 558 2476 quod
593 2434 704 2465 tuum
744 2427 934 2467 iudicium
973 2427 1046 2466 nisi
1079 2440 1165 2466 mea
1205 2439 1358 2464 summa
1398 2425 1513 2464 bene-
