1791 2796
580 140 691 181 EPP.
724 140 802 181 AD
834 140 1182 183 FAMILIARES
1503 147 1531 185 I.
1551 148 1596 184 ix

207 261 508 294 monumentum
538 255 635 305 (non
665 253 770 293 enim
800 254 887 293 illae
918 254 1128 294 manubiae
1159 268 1279 302 meae,
1310 257 1379 295 scd
1410 256 1538 307 operis

206 319 349 358 locatio
397 333 484 358 mea
531 319 682 369 fuerat),
725 328 1028 358 monumentum
1069 334 1162 359 vero
1204 328 1363 359 senatus
1407 321 1538 359 hostili

207 384 367 424 nomine
387 392 425 424 et
446 384 615 423 cruentis
636 384 810 423 inustum
831 384 967 423 litteris
989 399 1073 424 esse
1095 385 1197 435 passi
1218 394 1318 424 sunt.
1375 386 1454 435 Qui
1476 400 1539 426 me

206 450 386 489 homines
407 451 515 500 quod
537 451 687 489 salvum
709 464 794 489 esse
815 452 1033 499 voluerunt,
1057 459 1115 489 est
1136 450 1232 489 mihi
1252 450 1511 501 gratissimum
1531 467 1541 500 5

168 529 185 561 5
206 517 275 554 sed
292 517 431 554 vellem
452 529 532 554 non
554 517 681 554 solum
702 515 836 554 salutis
857 530 968 554 meae
984 529 1103 566 quem
1123 517 1175 555 ad
1196 517 1359 555 modum
1382 516 1537 564 medici,

206 581 275 619 sed
296 588 338 619 ut
358 580 500 631 aliptae
521 580 637 619 etiam
659 580 797 618 virium
825 588 863 619 et
884 581 1025 619 coloris
1052 581 1243 619 rationem
1270 582 1413 620 habere
1434 583 1541 620 volu-

206 644 335 684 issent.
397 648 525 693 Nunc,
548 654 591 684 ut
611 648 770 696 Apelles
791 646 956 685 Veneris
984 654 1102 696 caput
1129 654 1167 685 et
1192 661 1346 685 summa
1370 647 1538 697 pectoris

205 710 435 761 politissima
455 719 535 750 arte
551 711 722 761 perfecit,
740 711 927 761 reliquam
946 719 1095 762 partem
1117 712 1290 762 corporis
1311 711 1537 751 incohatam

205 775 369 825 reliquit,
393 776 447 814 sic
472 776 633 826 quidam
661 776 842 815 homines
870 776 909 814 in
937 776 1066 826 capite
1093 790 1182 815 meo
1210 778 1337 815 solum
1366 778 1537 816 elabora-

149 857 185 879 10
205 848 304 888 runt,
328 840 519 891 reliquum
545 854 687 890 corpus
712 841 985 890 imperfectum
1006 855 1052 879 ac
1073 842 1170 880 rude
1192 841 1440 891 reliquerunt.
1489 845 1536 881 In
1559 844 1604 881 16

203 919 283 955 quo
313 919 385 956 ego
415 920 524 956 spem
555 905 672 944 fefelli
705 919 785 944 non
818 907 939 944 modo
972 905 1205 953 invidorum,
1236 908 1305 945 sed
1335 906 1452 945 etiam
1482 907 1537 945 in-

203 969 408 1009 imicorum
439 978 628 1018 meorum,
651 970 718 1020 qui
744 971 794 1009 de
825 984 905 1009 uno
935 971 1125 1009 acerrimo
1155 979 1193 1009 et
1220 971 1431 1010 fortissimo
1456 971 1537 1010 viro

204 1049 372 1087 meoque
401 1035 551 1074 iudicio
577 1035 755 1074 omnium
789 1035 1060 1086 magnitudine
1093 1035 1213 1074 animi
1246 1044 1283 1074 et
1318 1037 1539 1074 constantia

202 1100 546 1151 praestantissimo,
564 1102 611 1149 Q.
631 1102 794 1139 Metello
812 1102 854 1138 L.
875 1102 910 1148 f.‚
927 1102 1130 1150 quondam
1152 1102 1286 1139 falsam
1309 1101 1537 1151 opinionem

147 1181 181 1213 ¹5
202 1174 447 1216 acceperunt,
483 1180 602 1216 quem
637 1174 726 1216 post
761 1166 930 1205 reditum
965 1166 1146 1205 dictitant
1178 1168 1299 1205 fracto
1333 1167 1465 1205 animo
1500 1175 1538 1205 et

202 1232 374 1270 demisso
396 1231 516 1270 fuisse
532 1232 606 1282 (est
627 1245 718 1269 vero
739 1232 1001 1281 probandum,
1018 1231 1084 1281 qui
1105 1239 1143 1270 et
1164 1245 1317 1270 summa
1337 1233 1538 1270 voluntate

202 1296 359 1334 cesserit
380 1304 418 1335 et
440 1296 591 1346 egregia
618 1296 738 1334 animi
764 1297 960 1335 alacritate
988 1297 1125 1335 afuerit
1146 1310 1275 1347 neque
1299 1311 1392 1335 sane
1413 1297 1538 1335 redire

202 1361 351 1409 curarit,
377 1376 466 1400 eum
495 1363 546 1400 ob
576 1361 616 1401 id
641 1361 769 1412 ipsum
795 1364 958 1400 fractum
985 1362 1113 1409 fuisse,
1137 1362 1176 1400 in
1198 1376 1277 1411 quo
1297 1376 1387 1400 cum
1409 1362 1538 1400 omnis

202 1426 383 1466 homines
418 1435 499 1465 tum
538 1429 592 1465 M.
629 1427 738 1465 illum
775 1429 976 1474 Scaurum,
1012 1427 1245 1477 singularem
1278 1427 1413 1474 virum,
1448 1441 1538 1466 con—

144 1507 183 1528 20
202 1492 344 1532 stantia
378 1501 415 1532 et
446 1493 632 1544 gravitate
669 1501 888 1543 superasset
907 1493 1069 1543 l)—sed‚
1105 1494 1213 1543 quod
1247 1494 1296 1531 de
1331 1492 1397 1530 illo
1430 1506 1538 1531 acce-

201 1567 337 1608 perant
369 1567 436 1597 aut
470 1559 588 1597 etiam
626 1558 936 1608 suspicabantur,
971 1559 1021 1596 de
1061 1571 1124 1596 me
1158 1558 1262 1596 idem
1298 1557 1535 1607 cogitabant,

200 1623 411 1663 abiectiore
446 1623 579 1662 animo
620 1637 683 1661 me
719 1624 902 1670 futurum,
938 1636 1028 1661 cum
1064 1636 1122 1661 res
1157 1622 1315 1672 publica
1349 1622 1535 1660 maiorem

201 1687 318 1726 etiam
343 1688 439 1726 mihi
465 1688 650 1736 animum,
677 1702 795 1738 quam
824 1702 1012 1738 umquam
1041 1687 1278 1734 habuissem,
1301 1689 1421 1734 daret,
1445 1701 1535 1725 cum

201 1752 435 1792 declarasset
469 1767 509 1792 se
545 1767 625 1792 non
660 1753 834 1804 potuisse
870 1767 932 1791 me
968 1766 1047 1790 uno
1082 1752 1156 1790 civi
1191 1765 1330 1798 carere,
1365 1765 1535 1801 cumque

142 1835 181 1867 ²5
204 1818 608 1856 Metellumunius-tr.
633 1820 682 1868 pl.
707 1818 867 1868 rogatio,
892 1831 954 1856 me
976 1817 1154 1855 universa
1175 1830 1234 1855 res
1255 1816 1412 1866 publica
1433 1817 1540 1855 duces

201 1883 359 1929 senatu}
382 1883 604 1921 'comitante
644 1882 767 1929 Italia,
806 1881 1149 1932 promulgantibus
1195 1881 1380 1920 omnibus
1419 1882 1543 1930 magt&

199 1949 392 1995 stratibus,
429 1955 467 1986 te
505 1949 652 1987 ferente
691 1949 863 1994 consule,
902 1947 1071 1985 comitiis
1111 1947 1346 1994 centuriatis,
1383 1946 1533 1984 cunctis

200 2013 404 2052 ordinibus
430 2013 658 2052 hominibus
683 2013 1015 2060 incumbentibus,
1042 2012 1227 2051 omnibus
1256 2012 1428 2062 denique
1455 2012 1533 2050 suis

199 2077 344 2116 viribus
371 2078 671 2128 reciperavisset.
732 2079 873 2128 Neque
903 2092 994 2116 vero
1030 2092 1102 2129 ego
1138 2077 1234 2115 mihi
1265 2085 1400 2128 postea
1430 2077 1534 2127 quic·
1554 2088 1595 2128 17

246 2191 285 2220 15
309 2187 511 2221 acceperant
527 2182 661 2213 Ernesti
750 2183 788 2212 16
814 2187 865 2213 est
879 2192 959 2212 vero
978 2182 1187 2222 probandum
1206 2192 1271 2212 om.
1292 2181 1403 2212 Baiter
1496 2182 1534 2212 18

200 2225 325 2255 curarit
350 2229 441 2258 vem:
479 2231 614 2257 curaret
640 2225 726 2258 codd.
866 2225 1006 2256 fractum
1035 2229 1129 2257 vem:
1169 2226 1291 2256 factum
1319 2224 1428 2255 codd:
1470 2225 1533 2255 sac-

201 2273 270 2299 tum
288 2268 429 2299 fractum
449 2269 569 2308 Tyrrell
655 2271 696 2299 26
712 2269 883 2310 omnibus]
898 2274 974 2300 octo
993 2269 1137 2300 tribunis
1155 2269 1279 2300 Scln'c'lz
1291 2270 1348 2308 qni
1363 2268 1533 2298 referente

200 2312 339 2342 consule
371 2317 447 2342 ante
479 2312 770 2352 promulgantibus
804 2314 1003 2353 transposuit
1175 2312 1422 2351 magistratibus
1454 2311 1530 2343 add.

200 2354 375 2386 Lehmann
392 2356 458 2387 coll.
476 2356 543 2387 Pis.
560 2366 602 2396 35
735 2366 774 2395 27
801 2361 833 2387 te
852 2356 982 2387 ferente
1007 2356 1182 2387 Lehmann
1199 2367 1204 2385 :
1232 2356 1401 2385 referente
1422 2354 1508 2385 codd.
1525 2367 1532 2386 ε

190 2398 270 2437 foti.
289 2399 459 2430 referente
478 2404 510 2430 te
611 2401 652 2430 28
677 2399 868 2431 hominibus
885 2399 942 2434 M:
969 2400 1123 2431 omnibus
1144 2399 1228 2431 GR:
1251 2399 1310 2429 dcl.
1333 2399 1490 2430 Graevius
