1791 2796
553 165 664 203 EPP.
698 165 774 202 AD
807 165 1153 202 FAMILIARES
1437 164 1554 201 XIII.
1575 163 1667 199 lxiv

187 276 405 327 patrocinio
431 289 629 314 summum
650 289 735 313 esse
756 275 1005 325 praesidium.
1049 275 1281 313 Strabonem
1313 274 1516 314 Servilium

187 342 257 381 tibi
280 356 395 392 saepe
423 340 725 387 commendavi;
754 354 859 378 nunc
887 354 935 378 eo
963 339 1063 378 facio
1094 340 1133 378 id
1160 339 1386 390 impensius,
1410 340 1519 389 quod

188 407 269 446 eius
298 421 455 446 causam
484 408 591 445 Nero
612 406 793 456 suscepit.
854 408 1027 444 Tantum
1055 419 1078 443 a
1105 414 1143 444 te
1170 406 1339 456 petimus
1360 413 1402 444 ut
1427 418 1519 455 agas

188 487 274 511 eam
296 487 376 512 rem
398 487 447 511 ne
468 472 664 523 relinquas
693 472 896 511 hominem
922 471 1174 510 innocentem
1199 472 1249 509 ad
1270 471 1432 509 alicuius
1462 470 1517 508 tui

150 547 166 579 5
187 538 384 577 dissimilis
408 546 627 589 quaestum.
688 539 736 577 Id
764 552 853 576 cum
880 545 1031 588 gratum
1061 537 1155 575 mihi
1187 536 1255 575 erit
1290 544 1373 575 tum
1401 536 1517 574 etiam

188 604 419 642 existimabo
440 612 478 642 te
499 603 743 642 humanitate
764 612 830 641 tua
851 616 936 641 esse
958 617 1083 641 usum.

242 671 404 708 Summa
424 669 540 707 huius
561 668 751 719 epistulae
772 669 870 707 haec
893 676 962 715 est,
987 677 1027 706 ut
1055 682 1169 706 ornes
1197 667 1382 706 omnibus
1403 667 1518 705 rebus
1538 679 1560 706 2

190 736 402 782 Neronem,
424 734 538 773 sicuti
558 734 758 773 instituisti
779 742 898 784 atque
919 733 1053 771 fecisti.
1111 736 1302 784 Magnum
1323 734 1516 771 theatrum

189 801 308 839 habet
337 800 409 838 ista
439 800 649 851 provincia,
681 814 762 838 non
794 808 835 838 ut
868 801 965 838 haec
998 807 1143 848 nostra,
1172 801 1227 837 ad
1256 798 1519 838 adulescentis

132 866 342 913 ronobilis,
372 866 574 915 ingeniosi,
607 866 842 904 abstinentis
873 865 1262 904 commendationem
1294 873 1413 914 atque
1443 866 1520 914 glo<

190 931 295 969 riam.
357 932 447 980 Qua
479 945 519 970 re
549 930 581 969 si
615 939 654 970 te
687 932 839 969 fautore
873 944 966 968 usus
1005 931 1085 977 erit,
1122 930 1236 968 sicuti
1271 931 1447 980 profecto
1481 937 1518 967 et

189 1004 318 1034 utetur
344 1004 381 1034 et
408 1009 501 1034 usus
522 1004 591 1043 est,
614 995 876 1046 amplissimas
897 995 1097 1034 clientelas
1124 1002 1306 1045 acceptas
1326 1008 1349 1032 a
1370 994 1520 1032 maiori<

189 1062 262 1099 bus
292 1062 523 1099 confirmare
549 1061 691 1112 poterit
718 1070 756 1099 et
783 1060 985 1099 beneficiis
1013 1060 1092 1098 suis
1119 1059 1302 1109 obligare.
1364 1061 1456 1098 Hoc
1481 1060 1519 1097 in

189 1140 330 1176 genere
369 1126 400 1164 si
439 1140 529 1164 eum
568 1126 762 1164 adiuveris
796 1140 845 1165 eo
879 1126 1011 1164 studio
1045 1139 1125 1175 quo
1159 1125 1377 1172 ostendisti,
1414 1127 1520 1176 apud

134 1208 171 1241 ¹5
191 1192 319 1242 ipsum
346 1191 653 1242 praeclarissime
682 1191 858 1242 posueris
888 1192 957 1229 sed
986 1190 1080 1229 mihi
1111 1190 1228 1229 ctiam
1258 1190 1520 1240 gratissimum

191 1256 337 1295 feceris.

234 1376 355 1412 LXV
640 1378 709 1410 Ser.
726 1378 828 1419 paulo
840 1382 916 1420 post
930 1384 977 1419 cp.
999 1377 1075 1410 lviv.

456 1451 499 1484 Μ.
527 1452 703 1483 CICERO
730 1452 763 1484 S.
794 1452 833 1484 D.
862 1452 898 1484 P.
925 1451 1049 1482 SILIO
1076 1450 1248 1482 PROPR.

247 1526 348 1564 Cum
382 1527 421 1563 P.
454 1524 641 1568 Terentio
675 1525 868 1575 Hispone,
902 1523 967 1574 qui
999 1537 1136 1574 operas
1166 1523 1204 1561 in
1235 1521 1424 1573 scriptura
1453 1535 1523 1572 pro
1545 1537 1560 1563 1

133 1607 174 1630 20
193 1591 376 1641 magistro
406 1592 482 1637 dat,
516 1590 609 1628 mihi
641 1604 795 1628 summa
824 1588 1062 1627 familiaritas
1092 1589 1419 1637 consuetudoque
1454 1597 1521 1631 est,

193 1658 395 1707 multaque
419 1664 456 1694 et
482 1669 622 1706 magna
643 1655 741 1694 inter
762 1669 834 1693 nos
856 1654 983 1693 officia
1010 1654 1115 1704 paria
1142 1662 1179 1693 et
1205 1662 1340 1691 mutua
1366 1653 1524 1691 interce<

192 1723 301 1760 dunt.
363 1721 458 1760 Eius
493 1734 646 1759 summa
678 1720 912 1759 existimatio
943 1719 1068 1770 agitur
1102 1719 1140 1757 in
1171 1733 1218 1757 eo
1251 1728 1292 1756 ut
1324 1718 1524 1768 pactiones

193 1801 283 1825 cum
315 1786 536 1826 civitatibus
569 1786 727 1836 reliquis
760 1785 953 1824 conficiat.
1017 1786 1108 1823 Non
1144 1798 1207 1823 me
1240 1783 1420 1833 praeterit
1453 1797 1525 1821 nos

194 1866 280 1890 eam
301 1866 382 1891 rem
406 1843 552 1902 Ephesi
575 1860 752 1902 expertos
769 1865 854 1890 esse
875 1864 1004 1901 neque
1027 1851 1076 1888 ab
1100 1849 1281 1900 Ephesiis
1303 1851 1382 1887 ullo
1404 1851 1525 1887 modo

134 1933 172 1963 25
195 1918 400 1968 impetrare
428 1917 624 1968 potuisse3
660 1919 728 1956 sed
756 1917 956 1967 quoniam,
984 1929 1101 1966 quem
1126 1917 1175 1954 ad
1202 1916 1364 1953 modum
1387 1928 1525 1953 omnes

194 1982 415 2022 existimant
443 1992 480 2022 et
508 1997 580 2033 ego
606 1983 799 2034 intellego,
824 1992 889 2021 tua
915 1996 1003 2020 cum
1028 1995 1181 2019 summa
1202 1980 1420 2030 integritate
1442 1988 1523 2018 tum

193 2048 375 2099 singulari
416 2049 659 2087 humanitate
699 2059 736 2088 et
776 2048 1079 2087 mansuetudine
1119 2054 1355 2085 consecutus
1397 2059 1437 2084 es
1483 2054 1524 2084 ut

195 2114 460 2152 libentissimis
502 2115 661 2153 Graecis
707 2124 803 2153 nutu
845 2116 951 2165 quod
993 2114 1087 2152 velis
1132 2124 1383 2161 consequare,
1432 2118 1525 2161 peto

191 2193 214 2218 a
244 2188 281 2218 te
312 2180 351 2217 in
383 2179 569 2218 maiorem
598 2181 761 2218 modum
793 2189 834 2218 ut
865 2180 1024 2218 honoris
1054 2179 1129 2217 mei
1158 2191 1274 2216 causa
1304 2177 1377 2214 hac
1407 2177 1523 2214 laude

136 2257 174 2287 30
196 2245 419 2295 Hisponem
461 2244 576 2283 adfici
616 2245 720 2283 velis.
793 2248 995 2284 Praeterea
1031 2259 1120 2283 cum
1161 2244 1276 2283 sociis
1312 2242 1564 2291 scripturae2

195 2309 290 2347 mihi
329 2323 481 2347 summa
521 2309 770 2348 necessitudo
802 2318 859 2348 est
895 2324 974 2348 non
1005 2311 1131 2348 solum
1164 2310 1216 2346 ol)
1247 2321 1332 2347 eam
1364 2320 1521 2344 causam

237 2423 257 2451 3
281 2417 317 2443 ut
349 2417 384 2443 tu
415 2422 496 2451 agas
527 2412 641 2443 Baiter
780 2423 798 2451 4
824 2422 889 2444 neu
916 2412 1014 2454 *Klotz
1158 2422 1179 2450 9
1203 2411 1243 2441 ad
1277 2409 1353 2442 add.
1384 2409 1516 2450 Bengcl:

194 2461 373 2495 angustum
391 2455 432 2487 ad
454 2454 514 2496 ,gvel
528 2455 633 2487 simile
650 2454 744 2496 quid)
767 2453 955 2496 lVesenbmg
1090 2465 1126 2494 15
1151 2453 1228 2494 sed]
1248 2460 1282 2485 et
1302 2453 1405 2485 Orelli

1376 2508 1438 2538 28*
