1791 2796
604 152 714 189 EPP.
748 153 825 189 AI)
858 152 1204 191 FAMILIARES
1518 155 1637 193 XIII.
1657 155 1716 192 liv

237 261 568 300 commendabam
592 261 814 300 Marcilium
836 268 919 299 tum
941 263 1066 300 multo
1088 276 1193 301 nunc
1214 263 1443 316 studiosius,
1462 266 1570 314 quod

236 327 275 365 in
296 328 411 378 longa
432 327 675 378 apparitione
702 327 937 377 singularem
959 335 996 365 et
1017 341 1139 378 prope
1160 328 1429 368 incredibilem
1452 330 1570 380 patris

237 392 390 431 Marcili
412 393 542 440 fidem,
565 392 843 432 abstinentiam
865 392 1181 444 modestiamque
1201 394 1378 444 cognovi.

279 528 357 563 LV
579 530 660 571 Scin,
682 534 719 562 ut
734 530 869 570 videtur,
883 531 987 572 paulo
1003 535 1077 562 (mle
1092 537 1136 572 ep.
1157 531 1211 564 liis.

197 605 215 637 5
566 602 740 635 CICERO
765 602 970 635 THERMO
997 603 1165 635 PROPR.
1195 603 1230 636 S.

290 675 372 714 Etsi
404 675 498 714 mihi
530 675 664 715 videor
694 675 940 723 intellexisse,
975 690 1065 715 cum
1101 685 1231 716 tecum
1267 677 1411 728 Ephesi
1445 678 1495 715 de
1526 690 1566 715 re
1587 687 1601 713 1

236 743 292 779 M.
324 742 465 788 Annei,
498 742 612 792 legati
648 742 735 789 mei,
768 743 922 780 locutus
951 756 1052 790 sum,
1082 750 1120 781 te
1152 742 1272 792 ipsius
1306 756 1423 781 causa
1455 744 1567 781 vehe-

234 814 386 846 menter
415 807 548 846 onmia
575 808 683 854 velle,
716 815 848 846 tamen
879 815 916 846 et
948 809 1003 846 M.
1027 808 1228 847 Anneium
1257 808 1354 847 tanti
1383 808 1493 853 facio,
1525 816 1565 847 ut

235 872 330 910 mihi
361 872 457 910 nihil
487 881 622 923 putem
652 873 1043 923 praetermittendum
1077 875 1185 924 quod
1213 874 1314 912 illius
1344 874 1505 921 intersit,
1528 882 1565 912 et

177 955 216 978 10
234 951 297 976 me
335 952 357 976 a
396 946 433 977 te
468 938 564 977 tanti
595 938 676 977 fieri
706 946 813 988 puto,
848 947 889 977 ut
921 953 1002 977 non
1034 938 1212 978 dubitem
1245 939 1341 989 quin
1374 940 1425 978 ad
1457 947 1563 978 tuam

234 1005 475 1043 voluntatem
498 1018 662 1055 magnus
684 1006 865 1043 cumulus
881 1006 1044 1044 accedat
1061 1004 1419 1044 commendationis
1440 1018 1561 1044 meae.

234 1071 336 1108 Nam
377 1084 467 1109 cum
506 1070 583 1109 iam
618 1070 686 1109 diu
718 1070 920 1121 diligerem
954 1073 1008 1109 M.
1039 1070 1239 1109 Anneium
1270 1072 1401 1121 deque
1430 1084 1478 1109 eo
1510 1072 1564 1109 sic

232 1136 503 1182 existimarem,
527 1144 569 1174 ut
600 1150 659 1175 res
683 1137 865 1184 declarat,
888 1136 955 1186 qui
985 1138 1086 1174 ultro
1110 1136 1145 1175 ei
1173 1136 1377 1175 detulerim
1410 1137 1564 1187 legatio-

232 1215 334 1248 nem,
367 1215 456 1239 cum
486 1201 617 1239 multis
645 1201 869 1252 petentibus
896 1203 1165 1252 denegassem,
1187 1210 1270 1240 tum
1296 1215 1397 1248 vero,
1428 1211 1563 1252 postea

232 1279 350 1317 quam
384 1280 539 1305 mecum
572 1266 611 1304 in
644 1267 748 1305 bello
782 1274 900 1317 atque
930 1266 970 1304 in
1000 1280 1039 1305 re
1067 1266 1221 1305 militari
1242 1266 1323 1314 fuit,
1347 1275 1496 1306 tantam
1523 1268 1562 1306 in

231 1346 279 1370 eo
300 1331 494 1379 virtutem,
515 1331 775 1382 prudentiam,
800 1333 919 1371 fidem
941 1339 1170 1382 tantamque
1190 1345 1279 1382 erga
1306 1346 1368 1371 me
1396 1333 1563 1371 benevo-

223 1396 391 1439 lentiam
413 1396 590 1447 cognovi,
608 1405 649 1441 ut
667 1396 869 1435 hominem
891 1396 1091 1436 neminem
1112 1398 1233 1447 pluris
1254 1397 1406 1436 faciam.
1458 1399 1560 1437 Eum

230 1476 320 1500 cum
361 1461 558 1500 Sardianis
597 1462 742 1501 habere
781 1461 1086 1501 controversiam
1120 1461 1206 1501 scis.
1278 1464 1450 1502 Causam
1490 1463 1560 1502 tibi

230 1526 483 1578 exposuimus
512 1526 658 1577 Ephesi
677 1542 686 1574 ,³
716 1541 835 1577 quam
857 1534 898 1566 tu
920 1534 1053 1566 tamen
1074 1540 1206 1567 coram
1226 1528 1378 1567 facilius
1405 1528 1559 1568 melius-

172 1609 212 1631 20
229 1606 307 1643 que
336 1606 561 1643 cognosces,
624 1595 685 1631 De
717 1592 867 1643 reliquo
893 1592 989 1631 mihi
1022 1606 1086 1632 me
1113 1594 1272 1633 hercule
1296 1593 1363 1632 diu
1391 1594 1557 1633 dubium
1578 1609 1600 1635 2

229 1658 300 1697 suit
325 1658 420 1709 quid
446 1660 497 1697 ad
525 1667 562 1697 te
589 1658 836 1708 potissimum
858 1658 1079 1698 scriberem.
1139 1660 1207 1697 Ius
1232 1659 1336 1698 enirn
1364 1673 1482 1709 quem
1507 1662 1557 1699 ad

230 1725 394 1763 modum
421 1724 530 1763 dicas
558 1725 704 1763 clarum
736 1731 775 1763 et
799 1738 942 1774 magna
968 1738 1059 1763 cum
1086 1732 1153 1763 tua
1176 1726 1293 1764 laude
1313 1733 1452 1764 notum
1473 1734 1531 1765 est
1549 1741 1558 1774 3

195 1777 204 1785 ⁴
230 1790 345 1829 nobis
375 1798 507 1840 autem
538 1789 577 1828 in
607 1791 681 1828 hac
709 1802 826 1829 causa
854 1789 950 1828 nihil
980 1789 1088 1829 aliud
1115 1804 1214 1841 opus
1242 1799 1299 1829 est
1327 1790 1399 1829 nisi
1431 1799 1468 1830 te
1499 1791 1557 1830 ius

229 1856 407 1895 instituto
446 1864 515 1895 tuo
553 1855 693 1895 dicere.
771 1858 849 1895 Sed
888 1864 1021 1895 tamen
1070 1870 1161 1895 cum
1206 1871 1269 1896 me
1313 1870 1395 1896 non
1437 1858 1556 1908 fugiat

170 1935 207 1967 25
227 1931 376 1974 quanta
401 1922 449 1961 sit
470 1922 510 1961 in
530 1930 708 1973 praetore
737 1921 957 1969 auctoritas,
980 1921 1206 1972 praesertim
1232 1922 1305 1961 ista
1324 1922 1553 1973 integritate,

227 1988 424 2039 gravitate,
454 1987 674 2036 clementia,
703 2001 781 2039 qua
807 1995 845 2026 te
874 2001 959 2026 esse
989 1987 1088 2026 inter
1112 1987 1241 2026 omnis
1270 1996 1434 2036 constat,
1463 1997 1557 2040 peto

226 2055 296 2093 abs
324 2062 361 2093 te
388 2067 459 2105 pro
482 2061 615 2093 nostra
640 2053 962 2093 coniunctissima
988 2052 1279 2093 necessitudine
1300 2054 1555 2106 plurimisque

227 2119 364 2158 officiis
394 2119 552 2170 paribus
582 2133 628 2157 ac
659 2119 804 2158 mutuis
839 2127 881 2158 ut
912 2120 1124 2166 voluntate,
1152 2119 1395 2168 auctoritate,
1424 2121 1557 2160 studio

227 2192 296 2223 tuo
334 2183 512 2235 perficias
546 2192 589 2223 ut
621 2186 676 2223 M.
706 2184 885 2224 Anneius
918 2184 1117 2235 intellegat
1146 2192 1184 2223 te
1213 2192 1251 2223 et
1281 2184 1354 2223 sibi
1384 2184 1555 2225 amicum

169 2260 209 2291 30
227 2262 313 2289 esse
334 2250 459 2301 (quod
480 2263 560 2288 non
582 2249 736 2289 dubitat
753 2265 760 2297 ;
790 2263 907 2301 saepe
933 2250 1039 2289 enim
1061 2263 1217 2289 mecum
1247 2251 1401 2289 locutus
1421 2252 1496 2302 est)
1517 2260 1554 2290 et

227 2315 354 2366 multo
376 2314 602 2354 amiciorem
625 2315 685 2354 his
706 2315 803 2355 meis
828 2315 963 2355 litteris
987 2330 1072 2356 esse
1093 2318 1250 2355 factum.
1311 2317 1359 2354 In
1381 2324 1449 2354 tuo
1469 2324 1554 2356 toto

216 2377 391 2434 'imperio
418 2388 537 2434 atque
556 2379 762 2435 provincia
788 2380 885 2419 nihil
911 2389 969 2421 est
996 2382 1105 2432 quod
1132 2381 1228 2420 mihi
1254 2381 1398 2432 gratius
1427 2383 1553 2431 facere

515 2488 554 2519 13
578 2478 634 2518 qui
653 2478 786 2510 Baiter:
810 2489 897 2518 quae
913 2478 1002 2511 codd.
1020 2490 1026 2510 :
1055 2486 1088 2511 ut
1105 2480 1160 2519 qui
1182 2478 1284 2509 Orelli
