1791 2796
184 130 255 168 VI.
278 131 324 167 iv
645 132 698 167 M.
735 131 903 167 TVLLI
937 130 1246 169 CICERONIS

283 244 391 293 quod
428 242 522 281 mihi
551 243 602 282 ad
632 242 944 282 consolationem
975 255 1188 281 commune
1218 248 1348 280 tecum
1379 247 1446 287 est,
1477 240 1507 279 si
1538 240 1614 279 iani

284 322 399 346 vocer
419 309 469 347 ad
490 308 636 346 exitum
658 308 770 354 vitae,
795 322 875 347 non
896 308 947 346 ab
963 321 1008 346 ea
1022 321 1060 346 re
1082 321 1116 357 p.
1136 308 1288 353 avellar,
1305 320 1383 357 qua
1402 307 1615 345 carendum

285 388 370 412 esse
390 375 557 421 doleam,
581 373 808 424 praesertim
830 387 920 412 cum
949 373 987 412 id
1013 373 1096 411 sine
1118 374 1198 411 ullo
1225 385 1341 410 sensu
1363 372 1534 410 futurum
1556 370 1614 409 sit.

286 439 458 478 Adiuvat
478 439 596 478 etiam
626 447 733 478 aetas
760 447 798 478 et
822 447 909 478 acta
937 438 1014 477 iam
1042 438 1130 485 vita,
1155 451 1256 489 quae
1284 450 1374 476 cum
1402 450 1517 475 cursu
1547 450 1619 475 suo

287 505 388 543 bene
409 506 590 544 confecto
611 507 782 544 delectat
803 512 885 543 tum
914 512 1018 543 vetat
1040 504 1079 542 in
1108 517 1156 543 eo
1175 503 1253 541 vim
1277 503 1423 548 timere,
1447 515 1527 552 quo
1548 515 1620 540 nos
1641 516 1658 549 5

287 570 364 608 iam
404 579 541 610 natura
580 570 663 621 ipsa
701 584 826 621 paene
866 569 1098 620 perduxerit.
1160 570 1365 607 Postremo
1397 567 1427 606 is
1467 567 1523 605 vir
1560 568 1621 605 vel

287 636 406 675 etiam
435 636 460 675 ii
490 636 560 675 viri
590 638 666 675 hoc
697 637 803 675 bello
832 635 1074 683 occiderunt,
1097 642 1139 673 ut
1169 633 1417 685 impudentia
1446 632 1622 672 videatur

287 703 456 741 eandem
488 703 696 749 fortunam,
734 701 764 740 si
799 715 858 740 res
889 709 1013 752 cogat,
1048 714 1235 740 recusare.
1296 699 1494 751 Equidem
1526 698 1623 737 mihi

289 768 424 807 omnia
454 782 645 819 propono,
684 781 756 807 nec
787 769 910 806 ullum
941 775 999 806 est
1029 774 1182 805 tantum
1218 768 1365 805 malum
1401 766 1510 816 quod
1542 778 1621 804 non

290 842 425 885 putem
457 834 696 884 impendere.
757 834 846 880 Sed,
883 847 973 871 cum
1008 834 1096 883 plus
1128 832 1168 870 in
1200 833 1417 871 metueirdo
1449 829 1541 869 mali
1575 829 1623 867 sit
1649 846 1686 868 10

290 914 411 951 quam
432 899 472 938 in
496 899 582 950 ipso
611 899 687 945 illo,
711 899 820 949 quod
850 898 1016 945 timetur,
1041 898 1191 944 desino,
1215 897 1441 948 praesertim
1472 909 1562 935 cum
1585 895 1624 934 id

291 965 529 1017 impendeat,
549 965 588 1003 in
611 979 691 1015 quo
712 979 793 1003 non
816 965 938 1003 modo
954 965 1067 1003 dolor
1088 965 1228 1010 nullus,
1248 976 1382 1001 verum
1399 962 1486 1000 finis
1507 962 1623 1001 etiam

292 1031 438 1070 doloris
465 1020 617 1069 futurus
642 1030 700 1068 sit.
760 1031 838 1069 Sed
869 1031 965 1068 haec
996 1029 1087 1068 satis
1118 1030 1251 1075 multa,
1275 1030 1335 1067 vel
1365 1030 1475 1079 plura
1496 1028 1626 1079 potius

292 1110 412 1147 quam
439 1106 602 1134 'necesse
632 1095 730 1143 fuitg
774 1095 865 1133 facit
899 1103 1031 1133 autem
1068 1108 1148 1133 non
1178 1093 1396 1144 loquacitas
1427 1107 1523 1140 mea,
1557 1094 1625 1132 sed

293 1161 569 1201 benevolentia
588 1161 784 1212 longiores
805 1161 1000 1212 epistulas.
1650 1171 1688 1204 15

249 1233 274 1272 5
348 1227 525 1267 Servium
566 1226 792 1265 discessisse
835 1226 1003 1265 Athenis
1048 1225 1353 1272 moleste.tuli;
1402 1239 1481 1264 non
1522 1223 1627 1263 enim

293 1293 434 1332 dubito
461 1293 556 1343 quin
584 1307 749 1343 magnae
770 1292 839 1331 tibi
862 1292 1046 1332 levationi
1074 1292 1211 1331 solitus
1232 1292 1280 1330 sit
1301 1306 1386 1331 esse
1407 1290 1629 1331 cotidianus

293 1372 524 1409 congressus
545 1366 583 1396 et
604 1372 733 1397 sermo
760 1372 851 1397 cum
879 1357 1168 1396 familiarissimi
1190 1357 1362 1396 hominis
1385 1355 1467 1395 tum
1490 1356 1628 1407 optimi

294 1431 333 1462 et
362 1423 654 1474 prudentissimi
685 1423 764 1461 viri.
824 1425 886 1461 Tu
918 1423 1032 1462 velim
1065 1431 1111 1469 te,
1145 1431 1186 1461 ut
1216 1424 1339 1461 debes
1363 1430 1401 1460 et
1428 1424 1539 1468 soles,
1565 1429 1631 1460 tua

294 1488 435 1527 virtute
455 1496 659 1527 sustentes.
722 1490 817 1538 Ego,
841 1503 941 1538 <luae
972 1497 1008 1527 te
1038 1489 1136 1527 velle
1166 1501 1346 1538 quaeque
1373 1488 1423 1526 ad
1455 1495 1491 1525 te
1521 1494 1557 1525 et
1578 1487 1629 1525 ad
1652 1501 1692 1523 20

297 1563 385 1593 tuos
428 1554 620 1604 pertinere
668 1554 894 1600 arbitrabor,
945 1554 1078 1593 omnia
1122 1553 1297 1592 studiose
1345 1553 1630 1603 diligenterque

298 1619 455 1658 curabo.
517 1622 630 1668 Quae
659 1633 749 1657 cum
777 1619 927 1665 faciam,
963 1619 1279 1658 benevolentiam
1312 1626 1418 1657 tuam
1449 1632 1538 1669 erga
1568 1632 1631 1657 me

298 1684 492 1732 imitabor,
516 1685 653 1724 merita
674 1699 754 1724 non
775 1687 978 1736 adsequar.
1038 1687 1148 1724 Vale.

345 1838 386 1873 V
635 1842 703 1873 Ser.
726 1842 852 1872 lx'omrec
867 1852 912 1872 (ιν.
933 1852 976 1872 m.
999 1841 1071 1872 Dt'c.
1093 1852 1122 1872 (ι.
1147 1845 1206 1880 ῑσΧ
1223 1842 1308 1881 (46).

604 1920 647 1950 Μ.
677 1920 851 1950 c1c121<o
877 1921 910 1951 s.
942 1920 980 1950 υ.
1009 1920 1048 1950 Α.
1079 1907 1329 1950 cAECmAE.
1656 1930 1694 1962 25

272 2007 288 2035 1
361 1996 730 2047 Quotienscumque
762 1997 882 2034 lilium
925 2005 1032 2035 tuum
1075 1997 1190 2036 video
1225 1997 1357 2047 (video
1390 2004 1521 2036 autem
1558 1997 1635 2034 fere

305 2061 477 2107 cotidie),
503 2061 689 2111 polliceor
709 2061 743 2099 ei
771 2062 945 2100 studium
971 2062 1131 2112 quidem
1161 2076 1291 2101 meum
1313 2070 1351 2100 et
1372 2075 1529 2112 operam
1552 2061 1635 2099 sine

306 2128 382 2164 ulla
415 2127 646 2177 exceptione
676 2134 743 2164 aut
763 2127 907 2165 laboris
936 2135 1003 2165 aut
1033 2128 1305 2179 occupationis
1334 2135 1400 2166 aut
1436 2126 1632 2181 temporis,

303 2192 464 2243 gratiam
509 2202 639 2232 autem
679 2202 797 2243 atque
836 2194 1106 2233 auctoritatem
1148 2208 1238 2233 cum
1279 2195 1352 2232 hac
1391 2192 1631 2243 exceptione,

305 2267 496 2309 quantum
519 2261 666 2298 valeam
689 2268 961 2310 quantumque
981 2260 1139 2311 possim.
1657 2271 1698 2302 30

358 2374 366 2401 ι
394 2365 492 2395 otiam
512 2368 579 2394 vell.
601 2376 606 2394 z
633 2365 693 2394 iant
714 2364 799 2395 cudael.
934 2369 1006 2395 ncta
1027 2365 1087 2395 iani
1109 2364 1166 2394 M:
1193 2376 1231 2395 ea
1252 2364 1313 2395 GR
1446 2374 1464 2403 5
1490 2362 1635 2395 delectat

311 2407 518 2449 ll⁷csc11bcrg:
545 2409 731 2439 delectatur
748 2408 834 2439 mad.
934 2420 964 2439 11
995 2409 1130 2449 desino]
1149 2409 1267 2439 timere
1285 2407 1404 2439 desino
1424 2408 1600 2439 Lehmann
