1791 2796
578 152 689 191 EPP.
724 154 800 190 Al)
834 153 1179 191 FAMILIARES
1506 152 1574 191 IX.
1593 150 1639 190 vi

212 264 509 317 tempestatibus
543 279 584 304 es
618 279 739 315 prope
779 266 885 303 solus
920 264 959 302 in
993 272 1107 315 portu
1142 265 1368 314 fructusque
1403 263 1542 315 doctri-

211 345 284 370 nae
314 330 480 381 percipis
510 344 577 369 eos
607 329 674 380 qui
702 329 860 368 maximi
885 337 990 377 sunt,
1017 337 1059 367 ut
1085 343 1132 368 ea
1161 329 1386 369 consideres
1416 343 1541 379 eaque

212 404 364 444 tractes,
390 409 556 446 quorum
585 402 623 434 et
650 409 741 434 usus
770 403 808 434 et
835 394 1044 434 delectatio
1075 402 1132 434 est
1162 394 1347 433 omnibus
1379 394 1539 433 istorum

211 469 250 500 et
280 461 376 499 actis
407 469 446 500 et
476 460 742 511 voluptatibus
769 462 1058 510 anteponenda.
1120 459 1318 510 Equidem
1351 461 1423 498 hos
1454 467 1541 498 tuos

174 541 190 571 5
212 527 518 566 Tusculanensis
546 526 630 566 dies
654 526 774 564 instar
797 540 882 565 esse
903 526 1004 565 vitae
1028 533 1125 576 puto
1153 525 1398 575 libenterque
1419 524 1542 564 omni-

213 592 284 630 bus
314 592 443 630 omnis
473 606 567 642 opes
595 591 871 637 concesserim,
899 599 940 629 ut
968 590 1063 628 mihi
1093 590 1207 629 liceat
1233 590 1269 628 vi
1299 591 1406 628 nulla
1431 590 1542 628 inter-

212 657 382 707 pellante
407 657 481 695 isto
509 658 630 695 modo
655 656 807 704 vivere;
837 658 945 707 quod
976 671 1047 695 nos
1075 670 1235 706 quoque
1262 655 1473 703 imitamur,
1500 662 1541 693 ut
1562 665 1586 703 5

213 736 435 772 possumus,
456 730 494 760 et
525 722 562 759 in
594 721 735 760 nostris
759 721 897 760 studiis
925 721 1182 760 libentissime
1212 720 1539 771 conquiescimus.

214 787 314 835 Quis
348 786 451 825 enim
486 788 561 825 hoc
601 801 681 825 non
720 786 872 825 dederit
906 786 1020 824 nobis
1053 794 1104 832 ut,
1139 799 1229 824 cum
1262 799 1381 835 opera
1413 792 1545 823 nostra

159 867 196 888 ιο
214 852 337 902 patria
368 852 448 891 sive
480 866 559 891 non
590 852 713 903 possit
745 853 800 891 uti
832 852 912 890 sive
942 852 1053 899 nolit>
1079 852 1129 890 ad
1160 865 1246 890 eam
1278 851 1395 889 vitam
1425 863 1545 889 rever-

215 925 353 959 tamur,
383 931 501 967 quam
533 917 643 956 multi
675 917 782 956 docti
812 916 993 956 homines
1025 919 1186 956 sortasse
1218 931 1297 955 non
1328 924 1445 963 recte,
1475 916 1544 954 sed

214 990 345 1021 tamen
368 982 480 1021 multi
501 982 619 1021 etiam
640 983 693 1022 rei
714 997 749 1033 p.
775 984 1096 1033 praeponendam
1119 984 1383 1032 putaverunt?
1432 983 1545 1030 Quae

215 1047 328 1099 igitur
376 1048 505 1087 studia
549 1061 779 1099 magnorum
819 1047 1025 1087 hominum
1065 1047 1261 1087 sententia
1298 1046 1543 1085 vacationem

216 1114 363 1152 habent
393 1114 594 1163 quandam
624 1112 771 1163 publici
797 1113 982 1159 muneris,
1004 1112 1049 1150 iis
1073 1113 1319 1152 concedente
1349 1126 1388 1150 re
1418 1125 1452 1162 p.
1477 1124 1545 1149 cur

162 1193 194 1224 ¹5
217 1192 296 1217 non
326 1179 562 1217 abutamur?
620 1179 697 1217 Sed
727 1180 814 1228 plus
841 1177 942 1216 facio
969 1191 1088 1228 quam
1109 1177 1300 1218 Caninius
1330 1175 1544 1223 mandavit,
1564 1177 1591 1214 6

217 1243 322 1283 †iure
352 1243 471 1289 enim,
496 1243 527 1281 si
557 1242 652 1293 quid
682 1257 756 1293 ego
785 1242 937 1289 scirem,
965 1250 1128 1293 rogarat,
1152 1243 1260 1293 quod
1291 1249 1332 1280 tu
1363 1240 1545 1287 nescires,

216 1323 289 1360 ego
310 1308 379 1348 tibi
401 1323 445 1348 ea
467 1322 592 1356 narro,
613 1323 713 1359 quae
736 1317 776 1346 tu
798 1308 936 1347 melius
964 1308 1037 1346 scis
1064 1321 1183 1358 quam
1213 1307 1309 1358 ipse,
1330 1306 1396 1357 qui
1421 1319 1545 1344 narro.

219 1374 374 1412 Faciam
397 1388 488 1424 ergo
516 1373 625 1421 illud,
646 1375 753 1424 quod
784 1382 939 1424 rogatus
961 1387 1060 1421 sum,
1081 1380 1123 1411 ut
1153 1387 1303 1419 eorum,
1324 1386 1425 1422 quae
1455 1378 1549 1410 tem-

218 1439 321 1490 poris
342 1439 456 1478 huius
478 1439 568 1487 Sint,
589 1445 713 1490 †quae
735 1447 802 1478 tua
821 1439 995 1479 audiero,
1016 1443 1065 1477 ne'
1086 1437 1181 1489 quid
1202 1438 1365 1488 ignores

160 1589 199 1609 20
261 1573 353 1609 VII
538 1578 606 1610 Ser.
628 1577 756 1608 Romae
772 1589 818 1609 cx.
839 1589 881 1608 ιιι.
904 1578 994 1607 Maio
1011 1588 1040 1607 a.
1065 1580 1124 1616 703¹
1144 1577 1227 1617 (46).

666 1649 838 1680 CICERO
863 1649 1091 1680 VARRONI.

273 1722 477 1761 Cenabam
515 1722 622 1772 apud
657 1721 804 1769 Seium,'
837 1735 927 1759 cum
962 1720 1115 1771 utrique
1154 1724 1329 1758 nostrum
1370 1717 1580 1758 redditaeI

219 1784 310 1825 sunt
339 1800 362 1825 a
386 1793 426 1825 'te
455 1786 616 1825 litterae.
678 1785 897 1840 Mihivero
924 1785 1000 1823 iarn
1025 1789 1220 1823 maturum
1243 1783 1400 1839 'videtur
1414 1798 1423 1831 ;
1454 1788 1545 1822 'narn

220 1851 328 1902 quod
348 1846 439 1890 ante
451 1849 1041 1905 ‘calumniatus'‚surnJindicab'o
1061 1848 1248 1887 ‘malitiam
1266 1853 1393 1887 ineam
1410 1863 1419 1896 3
1448 1850 1549 1887 vole-

164 1930 202 1961 ²5
221 1915 313 1954 bam
346 1923 470 1965 prope
500 1915 645 1954 alicubi
677 1912 775 1962 esse,
796 1915 827 1952 si
855 1914 949 1964 quid
982 1915 1111 1952 bonae
1143 1913 1287 1959 salutis,
1323 1915 1393 1952 σύν
1423 1931 1460 1951 τε
1493 1914 1549 1963 δύ’

221 1981 406 2033 ἐρχομένω
420 1994 430 2028 3
459 1994 564 2018 nunc
586 1980 773 2030 quoniam
795 1981 973 2018 confecta
1001 1986 1090 2017 sunt
1118 1978 1264 2026 omnia,
1285 1978 1548 2017 dubitandum

222 2061 303 2085 non
336 2054 396 2085 est
429 2045 523 2096 quin
556 2045 666 2096 equis
700 2045 798 2084 viris.
861 2046 963 2083 Nam
994 2054 1035 2083 ut
1064 2043 1196 2083 audivi
1228 2045 1278 2083 de
1308 2046 1351 2082 L.
1382 2045 1549 2084 Caesare

223 2111 315 2159 filio,
336 2125 491 2151 mecum
513 2111 617 2161 ipse:

570 2176 676 2224 Quid
707 2175 771 2214 hic
799 2175 893 2213 mihi
924 2175 1038 2214 saciet
1067 2175 1214 2226 patri?'

270 2284 306 2312 14
331 2274 498 2313 quandam
519 2273 683 2304 Gebhard:
710 2274 850 2304 eandem
868 2272 955 2303 codd.
1066 2274 1102 2303 16
1127 2272 1214 2311 iure]
1233 2273 1259 2303 is
1276 2273 1330 2302 N:
1356 2271 1410 2303 ille
1430 2271 1548 2304 Klotz:

225 2327 308 2357 pure
336 2318 474 2358 zlladwjg
608 2327 647 2355 19
670 2328 756 2356 quae
782 2316 854 2357 tua]
882 2322 1042 2356 quantum
1075 2316 1279 2355 Plt'rsclzfl'ld‘:
1318 2326 1549 2355 quaecumque

225 2360 380 2402 Alladvtg:
405 2372 491 2400 quae
508 2371 588 2392 vera
605 2361 704 2392 Klots
719 2371 725 2391 z
739 2360 819 2400 sort.
839 2371 925 2401 quae
943 2372 960 2391 e
980 2372 1015 2392 re
1033 2366 1089 2392 tua
1211 2371 1251 2398 24
1276 2365 1354 2390 ante
1375 2359 1548 2390 Graevius:

224 2410 325 2436 antea
350 2410 382 2436 te
408 2404 495 2436 codd.
516 2416 523 2435 ε
556 2409 657 2435 antea
685 2404 785 2436 Orelli
915 2414 955 2444 25
980 2414 1054 2436 esse
1080 2404 1175 2434 HD:
1211 2408 1302 2434 esset
1327 2403 1387 2432 M:
1416 2412 1493 2433 esse
1518 2407 1550 2432 te

227 2447 343 2479 Orelli:
369 2458 445 2480 esse
463 2454 498 2480 ut
518 2448 550 2480 C.
570 2447 606 2479 F.
626 2447 802 2479 Hermann
1036 2452 1039 2453 ⁷
1239 2450 1243 2452 ’
1421 2448 1426 2451 ·
1443 2448 1447 2451 v
1469 2448 1491 2451 «-
1511 2447 1528 2450 ·-
1550 2448 1553 2449 ⁷
