1791 2796
536 137 647 174 EPP.
680 138 757 173 AD
789 137 1140 177 FAMILIARES
1458 143 1583 180 111.x

175 247 329 286 tionum
347 261 518 294 suarum,
538 246 763 297 praesertim
785 260 875 284 cum
903 254 945 285 tu
966 247 1152 287 omnibus
1179 250 1241 288 vel
1267 251 1509 291 ornamentis

174 314 234 352 vel
266 313 466 363 praesidiis
501 313 753 359 redundares,
786 313 872 362 ipsi,
902 320 943 351 ut
975 313 1170 352 levissime
1201 314 1347 363 dicam,
1386 317 1507 354 multa

173 379 342 417 dessent.
402 377 525 417 Cuius
554 391 683 416 sermo
711 378 852 416 stultus
872 384 912 416 et
940 378 1099 428 puerilis
1129 387 1209 418 erat
1233 380 1311 418 iarn
1339 389 1430 419 ante
1456 382 1506 420 ad

174 456 236 482 me
262 456 284 481 a
314 445 369 482 M.
394 442 540 490 Caelio,
563 441 741 481 familiari
761 451 909 492 nostro,
930 443 1166 494 perscriptus
1183 459 1192 491 3
1222 445 1272 483 de
1303 458 1382 495 quo
1412 445 1504 484 item

134 525 151 557 5
172 522 352 547 sermone
373 510 495 547 multa
515 508 658 558 scripta
682 515 773 546 sunt
793 508 862 547 abs
884 516 932 547 te.
993 511 1080 560 Ego
1108 517 1241 548 autem
1271 509 1385 548 citius
1415 524 1506 549 cum

171 587 232 622 e0‚
253 574 320 624 qui
346 581 433 613 tuas
456 573 679 612 inimicitias
709 573 958 625 suscepisset,
978 582 1150 613 veterem
1181 574 1505 615 coniunctionem

171 639 414 678 diremissem
435 653 554 690 quam
574 653 717 677 novam
738 639 1010 679 conciliassem
1027 655 1037 687 ,·
1066 654 1196 690 neque
1217 640 1324 679 enim
1345 642 1395 679 de
1416 654 1506 680 meo

171 718 260 755 erga
274 713 310 743 te
327 704 460 743 studio
472 704 650 743 dubitare
663 705 799 754 debeS,
819 719 949 756 neque
965 705 1005 744 id
1019 713 1076 744 est
1090 705 1304 744 obscurum
1319 705 1505 757 cuiquam

171 768 211 808 in
232 769 431 820 provincia
450 783 525 808 nec
546 771 698 809 Romae
718 770 799 809 fuit.

117 854 152 876 10
226 835 305 873 Sed
325 842 457 873 tamen
477 835 716 885 significatur
735 834 775 873 in
795 835 871 874 tuis
892 834 1028 874 litteris
1056 835 1228 885 suspicio
1249 837 1445 886 quaedam
1467 844 1504 876 et
1525 842 1553 881 6

171 899 365 939 dubitatio
404 909 483 949 tua,
521 901 571 939 de
610 914 688 951 qua
724 900 897 939 alienum
936 908 1093 950 tempus
1133 908 1191 939 est
1231 901 1327 940 mihi
1373 910 1504 942 tecum

170 966 458 1016 expostulandi,
479 965 671 1016 purgandi
690 974 822 1004 autern
844 966 922 1005 mei
949 966 1224 1005 necessarium.
1286 967 1369 1007 Ubi
1399 968 1504 1006 enim

169 1044 243 1081 ego
263 1031 447 1081 cuiquam
468 1030 652 1081 legationi
672 1031 727 1070 fui
753 1031 1054 1083 impedimento,
1076 1046 1156 1083 quo
1178 1032 1308 1072 minus
1331 1035 1502 1073 Romam

170 1097 221 1135 ad
242 1098 399 1136 laudem
420 1105 527 1135 tuam
550 1097 793 1136 mitteretur?
822 1106 889 1137 aut
916 1098 956 1137 in
984 1111 1065 1148 quo
1091 1098 1216 1148 potui,
1243 1098 1274 1137 si
1304 1107 1342 1138 te
1372 1101 1501 1150 palam

116 1177 151 1210 ¹5
171 1161 358 1210 odissem,
389 1162 518 1201 minus
557 1163 665 1212 quod
699 1162 770 1201 tibi
803 1164 962 1201 obesset
996 1165 1137 1212 facere,
1167 1163 1199 1202 si
1233 1165 1348 1212 clam,
1379 1165 1501 1215 magis

169 1235 302 1277 aperte
322 1227 503 1266 inimicus
524 1230 638 1266 esse?
696 1229 816 1277 Quod
838 1228 869 1267 si
889 1242 1017 1268 essem
1039 1243 1085 1268 ea
1105 1229 1282 1280 perfidia,
1303 1243 1381 1280 qua
1411 1239 1501 1270 sunt

168 1291 207 1339 ii,
228 1292 295 1342 qui
324 1292 363 1330 in
393 1306 465 1331 nos
495 1294 592 1331 haec
622 1294 841 1341 conferunt,
868 1300 1001 1332 tamen
1031 1307 1077 1332 ea
1106 1294 1268 1332 stultitia
1288 1303 1392 1334 certe
1419 1309 1500 1334 non

167 1357 340 1406 fuissem,
361 1366 402 1396 ut
431 1365 498 1396 aut
527 1358 566 1396 in
596 1359 765 1397 obscuro
794 1359 887 1397 odio
916 1367 1069 1409 apertas
1098 1359 1321 1398 inimicitias
1350 1369 1430 1409 aut,
1460 1361 1498 1400 in

167 1436 247 1473 quo
285 1423 356 1462 tibi
389 1423 486 1462 nihil
520 1437 717 1472 nocerem,
748 1437 944 1463 summam
974 1426 1225 1464 ostenderem
1255 1427 1498 1465 voluntatem

110 1505 148 1527 20
167 1488 348 1527 nocendi.
408 1490 473 1527 Ad
514 1503 577 1528 me
623 1489 731 1528 adire
777 1491 973 1540 quosdam
1012 1490 1188 1539 memini,
1228 1490 1411 1530 nimirum
1451 1506 1498 1531 ex

168 1554 363 1604 Epicteto,
398 1554 465 1605 qui
499 1554 674 1594 dicerent
708 1555 824 1594 nimis
856 1569 1019 1606 magnos
1050 1564 1229 1606 sumptus
1264 1557 1399 1606 legatis
1434 1558 1498 1596 de-

166 1619 281 1657 cerni.
342 1620 497 1669 Quibus
518 1634 591 1670 ego
612 1634 691 1659 non
713 1629 793 1659 tam
814 1621 1001 1671 imperavi
1022 1635 1141 1671 quam
1163 1622 1298 1660 censui
1317 1631 1497 1673 sumptus

165 1684 300 1734 legatis
332 1698 451 1735 quani
483 1685 651 1724 maxime
689 1687 740 1724 ad
774 1687 900 1736 legem
935 1687 1160 1726 Corneliam
1200 1688 1496 1735 decernendos3

165 1756 283 1800 atque
307 1749 346 1787 in
374 1764 421 1789 eo
451 1750 537 1801 ipso
566 1765 628 1789 me
660 1764 739 1789 non
765 1764 1031 1801 perseverasse
1062 1760 1180 1790 testes
1207 1759 1298 1790 sunt
1325 1752 1495 1792 rationes

109 1829 145 1860 25
166 1814 380 1861 civitatum,
412 1815 450 1853 in
486 1816 642 1866 quibus,
667 1823 859 1865 quantum
887 1830 1067 1866 quaeque
1094 1816 1230 1864 voluit,
1256 1817 1391 1867 legatis
1419 1817 1494 1856 tuis

164 1880 301 1917 datum
340 1880 501 1919 induxit.
572 1883 631 1919 Te
678 1889 811 1919 autem
859 1881 1001 1931 quibus
1050 1881 1265 1920 mendaciis
1314 1882 1494 1921 homines
1512 1890 1536 1930 7

164 1943 348 1983 levissimi
369 1954 577 1984 onerarunt
595 1949 601 1984 1
632 1960 711 1984 non
734 1947 855 1984 modo
876 1946 1050 1984 sublatos
1072 1954 1264 1996 sumptus,
1285 1949 1354 1986 sed
1376 1947 1493 1986 etiam

163 2022 185 2047 a
208 2010 525 2058 procuratoribus
557 2025 706 2059 eorum,
738 2011 804 2061 qui
837 2011 912 2049 iam
950 2011 1113 2061 profecti
1139 2020 1281 2059 essent,
1308 2013 1492 2063 repetitos

163 2081 201 2112 et
221 2075 386 2123 ablatos,
407 2090 574 2126 eamque
595 2090 753 2115 causam
774 2077 905 2115 multis
934 2077 1098 2116 omnino
1119 2091 1199 2116 non
1221 2077 1340 2116 eundi
1360 2077 1488 2117 fuisse.

106 2154 143 2184 30
165 2140 356 2188 Quererer
389 2149 518 2180 tecum
551 2150 669 2192 atque
703 2144 1003 2192 expostularem,
1035 2143 1088 2191 ni,
1120 2151 1162 2181 ut
1196 2156 1312 2193 supra
1343 2143 1492 2194 scripsi,

164 2217 325 2254 purgare
347 2220 409 2245 me
429 2206 500 2245 tibi
524 2208 600 2255 hoc
627 2215 696 2245 tuo
723 2216 899 2258 tempore
920 2221 1039 2258 quam
1060 2222 1244 2247 accusare
1268 2216 1306 2246 te
1333 2210 1489 2247 mallem

163 2269 283 2320 idque
306 2279 483 2320 putarem
509 2285 593 2311 esse
620 2272 772 2311 rectius.
835 2274 974 2323 Itaque
999 2273 1097 2311 nihil
1124 2275 1174 2312 de
1201 2281 1252 2321 te,
1277 2274 1386 2323 quod
1413 2286 1491 2311 cre-

207 2385 226 2405 2
250 2375 314 2414 ipsi
335 2375 410 2407 add.
432 2376 534 2407 Orelli
619 2377 789 2408 lenissime
807 2377 1058 2418 Martym‘-Lag.
1199 2387 1242 2407 20
1266 2376 1422 2407 nimirum
1445 2386 1489 2407 ex

163 2417 318 2458 Epicteto
333 2419 400 2451 secl.
418 2423 488 2452 vett.
622 2430 662 2459 25
687 2419 824 2461 quibus]
842 2431 924 2460 quas
946 2420 1133 2460 Wesenbetg,⁷
