1791 2796
571 150 683 187 EPP.
716 150 793 187 ΑΓ)
826 150 1173 188 FAMILIARES
1490 153 1576 190 XV.
1596 153 1640 189 iii

205 259 338 311 putavi
378 274 449 311 pro
488 268 622 299 nostra
661 260 953 300 necessitudine
992 276 1055 300 me
1095 263 1170 300 hoc
1205 264 1255 301 ad
1295 270 1333 301 te
1368 263 1537 317 scribere

205 334 394 376 oportere.
455 325 618 365 Publice
638 334 796 377 propter
816 327 913 365 duas
930 341 1067 366 causas
1087 328 1183 366 nihil
1205 328 1351 378 scripsi,
1371 330 1479 379 quod
1500 337 1537 367 et
1559 340 1582 367 2

204 390 334 441 ipsum
367 392 684 442 Commagenum
723 392 838 442 legati
877 393 1063 431 dicebant
1102 395 1153 432 ad
1191 402 1370 432 senatum
1407 394 1536 432 statim

204 456 363 495 nuntios
403 456 629 507 litterasque
670 457 821 495 misisse
861 466 898 496 et
937 458 1209 497 existimabam
1251 461 1306 497 M.
1351 459 1536 498 Bibulum

165 539 182 570 5
203 534 369 572 procos,
394 522 462 572 qui
483 521 634 560 circiter
649 523 745 560 Idus
766 524 867 561 Sext.
886 523 936 561 ab
960 524 1120 573 Epheso
1141 524 1179 561 in
1202 524 1350 574 Syriam
1373 525 1537 563 navibus

202 588 400 638 profectus
439 594 528 634 erat,
571 588 680 637 quod
719 589 916 627 secundos
954 596 1092 627 ventos
1133 589 1345 637 habuisset,
1383 589 1459 628 iam
1499 590 1538 628 in

202 652 444 703 provinciam
480 665 591 690 suam
626 652 874 702 pervenisse3
904 653 1014 691 cuius
1047 653 1181 692 litteris
1211 655 1344 693 onmia
1374 655 1539 695 certiora

201 719 393 769 perlatum
416 717 459 755 iri
479 718 531 756 ad
553 725 732 756 senatum
754 719 953 768 putabam.
1003 719 1115 766 Mihi,
1140 728 1181 757 ut
1203 720 1241 757 in
1263 720 1345 758 eius
1367 721 1475 759 modi
1497 735 1537 759 re

202 791 391 833 tantoque
412 783 528 829 bello,
558 782 750 821 maximae
775 796 890 822 curae
911 791 969 822 est
994 792 1046 831 ut,
1069 798 1170 834 quae
1191 785 1314 835 copiis
1335 794 1374 824 et
1394 785 1536 836 opibus

144 864 183 886 10
202 855 334 886 tenere
355 847 416 885 vix
436 861 656 898 possumuS‚
680 861 725 886 ea
746 849 1048 887 mansuetudine
1069 857 1106 887 et
1128 850 1371 889 continentia
1391 859 1533 898 nostra,

201 912 397 951 sociorum
427 912 616 951 fidelitate
645 920 859 951 teneamus.
920 915 982 951 Tu
1004 914 1130 962 velim,
1162 923 1203 953 ut
1231 916 1439 963 consuesti,
1463 930 1535 955 nos

198 976 372 1016 absentis
397 976 534 1027 diligas
564 984 602 1015 et
632 978 832 1016 defendas.

241 1131 307 1166 IV
456 1134 525 1167 Ser.
551 1134 646 1165 Tarsi
660 1134 770 1166 velex.
788 1145 817 1166 a.
840 1144 893 1175 705
913 1135 978 1175 (51)
997 1137 1046 1166 vel
1059 1146 1103 1166 tn.
1123 1145 1183 1176 704
1204 1136 1281 1177 (50).

475 1212 517 1243 M.
546 1211 721 1243 CICERO
748 1211 840 1243 IMP.
867 1212 900 1243 S.
929 1212 969 1242 D.
996 1211 1040 1243 M.
1067 1212 1255 1245 CATONI.

140 1305 176 1336 ¹5
253 1290 415 1328 Summa
442 1297 508 1328 tua
534 1289 744 1328 auctoritas
772 1288 863 1328 fecit
890 1303 1103 1339 meumque
1128 1298 1361 1341 perpetuum
1386 1293 1436 1331 de
1463 1301 1529 1331 tua
1548 1306 1564 1332 1

198 1353 381 1404 singulari
402 1354 542 1393 virtute
572 1354 762 1393 iudicium
791 1362 833 1392 ut
860 1353 991 1405 magni
1019 1368 1106 1393 mea
1133 1355 1320 1395 interesse
1350 1365 1528 1407 putarem

197 1427 235 1458 et
265 1433 324 1459 res
355 1433 419 1458 eas
449 1433 546 1470 quas
575 1419 783 1470 gessissem
819 1419 888 1458 tibi
923 1427 1036 1458 notas
1070 1434 1155 1459 esse
1185 1429 1223 1459 et
1252 1435 1332 1460 non
1362 1422 1528 1473 ignorari

196 1499 219 1523 a
239 1493 276 1524 te
293 1498 370 1536 qua
390 1485 587 1535 aequitate
603 1493 641 1524 et
657 1485 900 1524 continentia
917 1493 1042 1524 tuerer
1063 1486 1190 1525 socios
1207 1487 1528 1539 provinciamque

196 1550 520 1589 administrarem.
569 1550 623 1588 Iis
644 1550 749 1589 enim
770 1564 793 1589 a
814 1558 850 1589 te
871 1550 1037 1601 cognitis
1058 1551 1272 1590 arbitrabar
1292 1553 1442 1592 facilius
1464 1569 1526 1594 me

136 1632 176 1654 ιο
196 1614 266 1653 tibi
288 1629 388 1665 quae
410 1617 549 1654 vellem
571 1616 838 1665 probaturum.

250 1681 353 1720 Cum
374 1680 413 1718 in
435 1680 676 1731 provinciam
698 1695 751 1731 pr.
778 1683 827 1719 K.
852 1682 952 1720 Sext.
976 1681 1170 1720 venissem
1199 1690 1236 1720 et
1257 1692 1414 1734 propter
1433 1685 1526 1722 anni
1545 1696 1568 1723 2

195 1754 349 1796 tempus
370 1747 421 1784 ad
442 1746 653 1785 exercitum
681 1747 777 1786 mihi
798 1746 1006 1785 confestim
1032 1760 1117 1786 esse
1142 1749 1317 1786 eundum
1338 1749 1523 1797 viderem,

194 1811 360 1849 biduum
392 1811 614 1850 Laudiceae
644 1812 709 1858 fui,
747 1811 892 1851 deinde
926 1814 1129 1862 Apameae
1159 1813 1434 1862 quadriduum,
1467 1815 1528 1853 tri-

194 1877 317 1914 duum
340 1877 544 1926 Synnadis,
569 1876 734 1915 totidem
756 1877 840 1915 dies
863 1877 1081 1916 Philomeli.
1133 1878 1288 1927 Quibus
1310 1879 1348 1916 in
1370 1880 1526 1930 oppidis

137 1957 173 1988 25
194 1955 284 1979 cum
313 1942 442 1992 magni
469 1950 687 1980 conventus
708 1942 882 1989 fuissent,
908 1945 1048 1981 multas
1069 1943 1245 1983 civitates
1265 1944 1525 1983 acerbissimis

195 2006 346 2045 tributis
374 2016 411 2045 et
441 2007 676 2057 gravissimis
713 2008 837 2046 usuris
872 2017 909 2047 et
944 2010 1041 2047 falso
1073 2022 1160 2047 aere
1191 2009 1320 2048 alieno
1353 2010 1524 2049 liberavi.

194 2073 376 2122 Cumque
401 2081 491 2110 ante
518 2074 732 2111 adventum
762 2087 894 2112 meum
922 2074 1116 2113 seditione
1140 2076 1312 2124 quadam
1333 2076 1524 2114 exercitus

193 2145 294 2174 esset
319 2136 539 2187 dissipatm,
564 2137 740 2188 quinque
767 2140 949 2176 cohortes
977 2139 1061 2177 sine
1092 2141 1230 2190 legato,
1255 2140 1338 2179 sine
1366 2140 1523 2179 tribuno

194 2200 371 2248 militum,
407 2202 578 2253 denique
614 2203 730 2241 etiam
763 2203 847 2242 sine
879 2204 1107 2242 centurione
1142 2206 1222 2243 ullo
1253 2207 1359 2255 apud
1395 2206 1523 2244 Philo-

239 2315 251 2335 1
279 2305 361 2335 haec
383 2303 571 2345 lVesenlmg
686 2317 707 2345 9
731 2312 766 2336 ut
783 2317 869 2345 quae
888 2331 893 2337 .
914 2332 920 2338 .
943 2332 948 2338 .
968 2313 1142 2339 teneamus
1159 2308 1253 2339 lmbet
1268 2308 1398 2340 Nonius
1408 2316 1440 2350 p.
1459 2320 1522 2349 273

196 2358 229 2378 11
257 2354 432 2378 teneamus
457 2348 528 2378 HF
543 2348 655 2389 vulga:
682 2354 836 2380 tueamur
861 2349 1057 2391 li'eseazhctg,
1078 2362 1116 2382 ex
1139 2351 1225 2382 codd.
1250 2352 1342 2383 Noui
1360 2354 1421 2392 qui
1440 2353 1523 2384 dant

192 2396 367 2422 teneamur
382 2391 432 2422 vel
454 2396 650 2423 tuneamur:
680 2399 858 2424 teneamur
873 2393 926 2426 D:
952 2400 1108 2425 tenemus
1126 2393 1167 2424 M
1260 2406 1298 2434 19
1324 2396 1368 2427 Iis
1385 2397 1442 2427 M:
1469 2397 1521 2428 his

191 2433 297 2465 HDF
349 2436 353 2438 i
412 2446 453 2475 23
477 2437 700 2475 quadriduum
715 2436 774 2468 M:
799 2438 1015 2477 quatriduum
1033 2437 1155 2470 HDF:
1180 2440 1327 2471 triduum
1346 2440 1446 2470 Ruete

1372 2496 1432 2525 30³¹<
