1791 2796
137 151 257 189 XIII.
277 161 308 186 v
627 150 684 187 M.
716 150 886 207 TVLLI
919 149 1227 189 CICERONIS

217 271 241 297 2
316 263 358 301 C.
398 260 535 301 Curtio
573 261 622 299 ab
662 260 823 299 ineunte
862 268 988 299 aetate
1028 259 1325 298 familiarissime
1365 273 1451 298 sum
1490 273 1593 299 usus.

262 326 357 365 Eius
392 334 431 365 et
464 325 613 365 Sullani
648 325 834 377 temporis
869 325 1123 364 iniustissima
1161 324 1382 364 calamitate
1416 324 1525 364 dolui
1559 333 1597 364 et

259 405 350 430 cum
376 391 434 439 iis,
456 391 522 442 qui
553 391 721 430 similem
751 391 931 430 iniuriam
962 398 1206 442 acceperant,
1229 390 1381 429 amissis
1411 389 1596 429 omnibus

260 457 424 496 fortunis
446 457 592 496 reditus
614 465 746 496 tamen
767 457 807 496 in
828 457 992 507 patriam
1007 458 1209 496 voluntate
1230 455 1408 495 omnium
1430 455 1596 495 concedi

258 522 464 570 videretur,
506 522 662 562 adiutor
700 522 981 561 incolumitatis
1020 522 1085 561 fui.
1151 523 1191 560 Is
1236 522 1357 560 habet
1401 521 1441 559 in
1479 523 1596 560 Vola-

259 595 414 627 terrano
449 587 751 639 possessionem,
787 602 878 627 cum
911 587 950 626 in
985 601 1071 626 eam
1105 595 1307 638 tamquam
1342 601 1363 625 e
1396 586 1595 638 naufragio

260 653 441 703 reliquias
472 653 712 692 contulisset.
776 655 869 692 Hoc
898 661 1031 692 autem
1063 660 1240 703 ternpore
1270 665 1359 691 eum
1384 653 1528 691 Caesar
1557 651 1596 690 in

261 726 441 757 senatum
469 718 560 768 legit
576 733 585 767 3
616 732 735 769 quem
767 718 946 757 ordinem
979 718 1043 757 ille
1074 717 1147 756 ista
1177 716 1426 768 possessione
1455 716 1597 756 amissa

261 783 358 822 tueri
398 784 459 821 vix
498 792 638 834 potest.
701 783 986 823 Gravissimum
1026 791 1158 822 autem
1195 791 1264 830 est,
1296 796 1385 821 cum
1422 781 1597 833 superior

262 851 386 887 factus
417 849 465 887 sit
495 849 643 897 ordine,
668 849 890 888 inferiorem
921 863 1006 888 esse
1037 850 1202 896 fortuna,
1236 847 1477 898 minimeque
1506 861 1597 887 con-

263 914 367 953 venit
389 929 435 953 ex
456 929 504 953 eo
524 929 627 966 agro,
652 915 716 965 qui
748 915 925 955 Caesaris
956 915 1062 954 iussu
1093 914 1300 961 dividatur,
1324 927 1414 952 eum
1436 912 1594 960 moveri,

1618 863 1657 885 10

221 994 245 1030 3
264 979 329 1030 qui
359 980 537 1019 Caesaris
571 980 767 1019 beneficio
800 988 956 1019 senator
987 980 1045 1019 sit.
1105 981 1184 1019 Sed
1215 978 1309 1017 mihi
1342 978 1471 1017 minus
1503 978 1619 1017 libet'

263 1047 385 1083 multa
410 1047 459 1085 de
485 1045 683 1096 aequitate
710 1045 763 1084 rei
791 1045 969 1092 scribere,
994 1060 1043 1084 ne
1064 1059 1182 1084 causa
1202 1044 1332 1096 potius
1352 1045 1459 1094 apud
1481 1051 1517 1082 te
1537 1057 1598 1082 va-

261 1110 378 1149 luisse
408 1111 540 1150 videar
574 1125 692 1161 quam
723 1111 853 1161 gratia.
915 1113 1047 1160 Quam
1078 1111 1130 1149 ob
1160 1123 1240 1148 rem
1272 1117 1309 1147 te
1339 1108 1379 1146 in
1409 1108 1598 1147 maiorem

262 1177 425 1215 modum
457 1190 551 1227 rogo
582 1184 624 1214 ut
653 1177 696 1216 C.
722 1175 833 1216 Curti
864 1190 945 1214 rem
978 1189 1109 1214 meam
1139 1183 1252 1226 putes
1283 1188 1379 1221 esse,
1409 1173 1598 1224 quicquid

262 1254 349 1280 mea
378 1255 494 1280 causa
524 1243 682 1288 faceres,
709 1249 761 1288 ut,
788 1240 829 1279 id
857 1242 900 1280 C.
929 1240 1039 1280 Curti
1067 1253 1185 1279 causa
1215 1253 1305 1279 cum
1341 1239 1487 1286 feceris,
1525 1238 1600 1278 exi-

261 1306 406 1353 stimes,
441 1307 550 1357 quod
583 1306 647 1345 ille
681 1320 750 1357 per
784 1320 847 1345 me
877 1305 1070 1354 habuerit,
1105 1305 1145 1344 id
1176 1319 1238 1343 me
1268 1305 1417 1361 haberev
1447 1304 1517 1343 abs
1547 1312 1595 1343 te.

262 1373 355 1411 Hoc
377 1380 414 1411 te
435 1373 688 1411 vehementer
708 1371 825 1410 etiam
846 1378 965 1422 atque
986 1370 1104 1410 etiarn
1126 1383 1230 1421 rogo.

304 1541 371 1576 VI
610 1544 679 1576 Ser.
702 1544 831 1575 Romae
843 1548 917 1584 pos!
935 1544 1018 1575 med.
1037 1555 1067 1575 a.
1089 1545 1155 1586 698
1174 1546 1248 1585 (56.

379 1626 422 1658 M.
453 1627 625 1658 CICERO
651 1627 692 1666 Q.
721 1627 932 1658 VALERIO
959 1627 999 1666 Q.
1031 1627 1065 1658 F.
1095 1627 1255 1658 ORCAE
1282 1626 1480 1658 PROCOS.

231 1724 247 1750 1
321 1713 355 1749 S.
389 1725 421 1748 v.
454 1711 490 1749 b.
524 1724 554 1748 e.
588 1724 620 1748 v.
682 1711 813 1749 Credo
845 1718 882 1749 te
918 1709 1106 1749 memoria
1136 1718 1267 1749 tenere
1303 1723 1365 1748 me
1397 1717 1434 1747 et
1465 1722 1598 1747 coram

267 1778 306 1814 P.
332 1775 482 1826 Cuspio
509 1783 639 1814 tecum
668 1776 844 1814 locutum
873 1789 968 1823 esse,
992 1789 1082 1814 cum
1105 1783 1142 1814 te
1163 1788 1417 1825 prosequerer
1440 1774 1600 1824 paluda-

264 1849 358 1888 tum,
388 1850 425 1879 et
456 1840 548 1879 item
579 1849 716 1891 postea
746 1841 922 1892 pluribus
948 1841 1075 1880 verbis
1101 1848 1231 1880 tecum
1261 1839 1385 1891 egisse
1409 1847 1460 1887 ut,
1485 1853 1600 1889 quos-

262 1920 434 1956 cumque
455 1906 525 1945 tibi
548 1906 630 1945 eius
654 1907 894 1946 necessarios
921 1907 1254 1953 commendarem,
1277 1905 1442 1944 haberes
1466 1918 1533 1943 eos
1558 1903 1597 1942 in

262 1985 427 2010 numero
448 1985 624 2010 meorum
649 1972 968 2011 necessariorum.
1026 1972 1074 2010 Id
1096 1979 1136 2009 tu
1158 1984 1228 2022 pro
1249 1978 1315 2009 tua
1335 1982 1489 2008 summa
1509 1982 1599 2019 erga

263 2051 325 2076 me
346 2036 621 2076 benevolentia
643 2045 910 2088 perpetuaque
938 2035 1187 2076 observantia
1213 2035 1308 2073 mihi
1329 2033 1597 2073 liberalissime

263 2110 380 2153 atque
402 2102 684 2141 humanissime
713 2101 901 2153 recepisti.

221 2182 245 2208 2
319 2167 499 2218 Cuspius,
537 2169 658 2206 homo
699 2167 737 2206 in
777 2167 905 2207 omnis
949 2181 1040 2206 suos
1081 2165 1399 2214 officiosissimus,
1437 2163 1598 2203 mirifice

264 2234 458 2283 quosdam
480 2232 661 2271 homines
682 2246 728 2271 ex
744 2232 815 2270 ista
830 2232 1029 2283 provincia
1046 2240 1175 2271 tuetur
1190 2239 1227 2270 et
1241 2230 1375 2281 diligit,
1394 2237 1598 2280 propterea

309 2349 344 2368 εἰ
373 2348 484 2369 coram
511 2337 546 2368 P.
568 2335 714 2376 Cuspio]
738 2336 906 2368 inccrtmn,
927 2346 1001 2365 cnm
1025 2346 1134 2366 coram
1161 2334 1387 2366 adverbialiter
1408 2344 1428 2363 a
1452 2332 1598 2363 Cicerone

263 2387 391 2422 semper
406 2385 582 2422 Μεμφίτην
589 2384 720 2420 praeter
734 2379 801 2410 Pis.
821 2389 869 2413 12.
887 2379 941 2409 uln'
952 2385 984 2409 et
1001 2378 1211 2409 inserendum
1224 2389 1289 2409 csse
1301 2380 1376 2408 ante
1389 2387 1448 2407 voc.
1468 2387 1596 2416 genero

264 2425 351 2456 Reid
373 2425 472 2464 ⁸Lael.
494 2435 525 2465 3]
548 2423 769 2463 docm‘t:sor!.
789 2433 902 2453 coram
921 2432 981 2462 pro
1001 2421 1037 2452 P.
1060 2422 1186 2462 Cuspio

1619 1632 1658 1654 20
