1791 2796
168 143 217 182 V.
235 144 295 180 xii
615 144 670 181 M.
702 143 871 181 TVLLI
903 143 1211 182 CICERONIS

248 255 305 294 tui
335 257 395 294 vel
421 255 569 295 indicio
596 255 896 295 benevolentiae
925 257 986 295 vel
1016 256 1207 296 suavitate
1236 256 1368 307 ingeni
1394 258 1472 297 vivi
1500 272 1584 310 per-

249 322 431 360 fruamur.

205 398 230 425 2
305 388 446 437 Neque
467 395 610 433 tamen,
629 388 727 426 haec
748 400 838 425 cum
860 387 1092 433 scribebam,
1111 400 1216 426 eram
1247 387 1404 427 nescius
1424 389 1582 439 quantis

249 454 435 493 oneribus
456 468 673 505 premerere
699 462 969 505 susceptarum
990 468 1118 493 reruni
1140 462 1178 494 et
1195 455 1272 493 iam
1293 455 1557 495 institutarum
1571 472 1582 506 ;

250 520 333 567 sed,
354 519 447 570 quia
466 519 651 558 videbam
673 519 801 558 Italici
831 519 922 558 belli
950 527 988 558 et
1013 519 1136 558 civilis
1156 519 1359 559 historiam
1387 520 1464 559 iam
1491 534 1514 560 a
1542 528 1580 560 te
1601 531 1618 562 5

250 598 376 636 paene
409 598 495 624 esse
527 587 751 636 perfectam,
782 585 934 624 dixeras
963 593 1097 624 autem
1125 585 1224 623 mihi
1253 594 1291 625 te
1320 586 1489 637 reliquas
1521 600 1581 626 res

250 652 378 698 ordiri,
411 653 525 691 desse
557 651 653 690 mihi
683 651 792 690 nolui
823 651 918 702 quin
948 659 986 691 te
1015 653 1283 698 admonerem,
1307 659 1349 690 ut
1376 652 1576 703 cogitares,

250 718 514 757 coniunctene
535 719 670 757 malles
691 731 782 756 cum
803 717 962 768 reliquis
990 718 1106 756 rebus
1133 725 1266 756 nostra
1287 725 1495 757 contexere
1516 732 1578 765 an,

250 792 292 822 ut
331 784 442 823 multi
476 783 615 823 Graeci
651 785 836 829 fecerunt,
875 782 1137 823 Callisthenes
1170 783 1388 822 Phocicum
1418 784 1577 831 bellum,

250 849 437 888 Timaeus
468 849 613 899 Pyrrhi,
638 848 825 898 Polybius
851 848 1152 895 Numantinum,
1182 848 1251 898 qui
1280 861 1418 887 omnes
1447 862 1470 887 a
1499 862 1581 900 per-
1603 864 1641 887 10

250 915 377 966 petuis
409 915 488 954 suis
519 915 689 954 historiis
723 928 778 961 ea,
815 928 917 965 quae
953 912 1044 962 dixi,
1079 915 1183 954 bella
1216 923 1500 966 separaverunt,
1537 922 1579 954 tu

249 994 408 1031 quoque
425 980 518 1019 item
535 980 689 1019 civilem
710 979 1022 1018 coniurationem
1038 980 1089 1018 ab
1110 979 1318 1018 hostilibus
1333 979 1579 1030 externisque

250 1047 361 1085 bellis
389 1046 620 1097 seiungeres.
682 1046 881 1096 Equidem
905 1047 955 1085 ad
982 1054 1156 1085 nostram
1186 1047 1343 1084 laudem
1374 1059 1454 1085 non
1484 1047 1580 1084 mul-

249 1121 333 1151 tum
360 1112 476 1150 video
506 1111 702 1158 interesse,
726 1112 796 1150 sed
816 1112 867 1150 ad
894 1112 1209 1162 properationem
1237 1125 1365 1150 meam
1387 1111 1578 1162 quiddam

249 1178 406 1217 interest
437 1191 517 1216 non
546 1185 584 1216 te
604 1185 838 1228 exspectare,
870 1178 966 1215 dum
987 1178 1037 1215 ad
1057 1178 1189 1216 locum
1216 1176 1359 1223 venias,
1382 1190 1428 1215 ac
1448 1176 1578 1216 statim
1602 1192 1638 1224 ¹5

249 1257 406 1282 causam
429 1243 534 1282 illam
556 1250 678 1281 totam
706 1250 744 1281 et
769 1250 925 1292 tempus
951 1242 1142 1293 arripere,
1171 1250 1210 1281 et
1230 1242 1356 1288 simul,
1379 1241 1411 1280 si
1431 1255 1512 1280 uno
1539 1242 1579 1280 in

249 1316 480 1359 argumento
514 1321 672 1359 unaque
707 1308 745 1346 in
778 1321 945 1358 persona
979 1321 1091 1346 mens
1125 1315 1192 1346 tua
1230 1314 1313 1346 tota
1350 1307 1575 1354 versabitur,

249 1388 367 1413 cerno
399 1375 476 1413 iam
505 1373 649 1420 animo,
684 1382 834 1424 quanto
863 1373 997 1412 omnia
1024 1372 1204 1412 uberiora
1235 1380 1353 1423 atque
1384 1372 1579 1412 ornatiora

248 1442 377 1478 futura
397 1440 482 1478 sint.
549 1441 691 1489 Neque
707 1446 839 1477 tamen
860 1438 997 1489 ignoro
1014 1451 1133 1489 quam
1154 1438 1405 1488 impudenter
1425 1437 1575 1485 faciam,

248 1505 314 1556 qui
342 1505 511 1556 primum
534 1504 605 1543 tibi
629 1510 782 1542 tantum
808 1503 936 1542 oneris
961 1503 1164 1554 imponam
1187 1503 1333 1553 (potest
1359 1502 1465 1541 enim
1481 1501 1578 1540 mihi
1600 1514 1638 1535 20

247 1572 440 1620 denegare
462 1569 670 1620 occupatio
690 1568 785 1619 tua),
816 1568 960 1607 deinde
992 1568 1109 1607 etiam
1140 1575 1182 1606 ut
1214 1581 1328 1606 ornes
1359 1581 1421 1606 me
1448 1575 1579 1618 postu-

246 1638 332 1675 lem.
394 1635 513 1683 Quid,
537 1634 568 1672 si
592 1634 657 1672 illa
677 1633 747 1672 tibi
775 1647 855 1672 non
886 1641 996 1673 tanto
1026 1648 1144 1685 opere
1172 1634 1353 1672 videntur
1374 1632 1579 1672 ornanda?

204 1708 226 1744 3
246 1702 322 1739 Sed
345 1708 487 1745 tamen,
512 1699 578 1749 qui
601 1700 720 1738 semel
742 1699 1001 1738 verecundiae
1024 1699 1111 1737 finis
1139 1698 1340 1745 transierit,
1364 1711 1454 1737 eum
1476 1698 1578 1736 bene

244 1774 281 1804 et
302 1766 450 1804 naviter
471 1773 624 1815 oportet
645 1778 729 1803 esse
754 1765 1035 1815 impudentem.
1097 1766 1237 1815 Itaque
1264 1773 1302 1803 te
1323 1765 1438 1814 plane
1459 1763 1575 1802 etiam

243 1839 361 1881 atque
390 1831 507 1869 etiam
534 1843 638 1880 rogo,
663 1837 705 1868 ut
733 1838 771 1868 et
792 1843 906 1868 ornes
936 1844 982 1869 ea
1008 1829 1279 1869 vehementius
1308 1829 1426 1867 etiam
1456 1841 1575 1878 quam
1599 1839 1636 1870 25

244 1897 405 1933 fortasse
430 1895 559 1941 sentis,
583 1903 621 1933 et
643 1895 681 1932 in
705 1908 753 1933 eo
774 1897 878 1945 leges
906 1895 1090 1934 historiae
1124 1896 1304 1945 neglegas
1334 1894 1577 1944 gratiamque

245 1961 360 2006 illam,
394 1962 444 1998 de
478 1974 556 2010 qua
591 1960 820 1999 suavissime
853 1962 1027 2010 quodam
1063 1961 1101 1998 in
1136 1959 1340 2010 prooemio
1378 1959 1574 2010 scripsisti,

243 2040 265 2064 a
299 2039 376 2076 qua
407 2034 444 2064 te
479 2026 634 2064 deflecti
676 2040 756 2064 non
796 2026 918 2076 magis
956 2026 1131 2076 potuisse
1173 2026 1418 2064 demonstras
1457 2037 1575 2074 quam

247 2092 460 2129 Herculem
497 2091 824 2140 Xenophontium
860 2091 968 2129 illum
1003 2104 1026 2129 a
1059 2091 1283 2140 Voluptate,
1320 2102 1418 2135 eam,
1450 2089 1481 2126 si
1512 2102 1574 2127 me

243 2155 313 2193 tibi
330 2155 600 2193 vehementius
618 2156 925 2201 commendabit,
941 2169 990 2193 ne
1002 2168 1208 2205 aspernere
1223 2154 1426 2204 amorIque
1440 2161 1573 2192 nostro
1593 2164 1634 2195 30

244 2222 465 2272 plusculum
490 2221 618 2266 etiam,
642 2234 760 2270 quam
783 2222 974 2277 concedet
995 2220 1146 2267 veritas,
1169 2219 1337 2269 largiare.
1421 2210 1425 2211 ⁷

289 2337 310 2365 9
336 2325 516 2356 Phocicum
541 2325 788 2355 ll'cstermann:
814 2324 967 2355 Troicum
986 2323 1072 2354 codd.
1188 2333 1226 2362 13
1251 2324 1431 2362 seiungere
1448 2322 1578 2353 Ernesti

246 2379 284 2400 21
314 2369 382 2410 me]
402 2380 475 2400 mea
495 2369 611 2400 Lamo.
749 2380 788 2406 24
814 2373 847 2398 et
864 2378 928 2399 om.
952 2367 1053 2397 Orelli
1177 2377 1216 2406 27
1243 2367 1394 2397 suavissu
1415 2367 1453 2396 -i·
1469 2365 1574 2403 lee

247 2411 340 2444 MR:
367 2413 565 2452 plenissime
591 2412 642 2449 G;
664 2412 747 2451 sort.
768 2412 976 2450 suavissime,
1001 2411 1197 2450 plenissime
1376 2410 1418 2440 28
1441 2409 1573 2440 deflecti

249 2457 297 2488 G:
324 2457 502 2487 dessectum
522 2457 575 2487 R:
601 2456 709 2486 effecti
730 2454 788 2486 M:
814 2455 901 2486 flecti
923 2453 996 2485 Vz'rt.
1016 2466 1022 2485 ε
1047 2455 1131 2485 affici
1149 2457 1218 2484 vett.
