1791 2796
130 161 239 199 XVI.

217 469 233 495 1

220 1759 238 1786 1

259 171 289 197 x
611 160 666 197 M.
700 160 868 207 TVLLI
902 158 1209 197 CICERONIS

296 294 336 328 X
573 295 641 328 Ser.
661 298 693 328 in
714 296 867 328 Cumano
882 307 926 327 xz*
944 297 985 328 K.
1007 296 1083 327 Mai
1107 307 1139 328 a.
1159 306 1215 336 701
1234 297 1309 337 (Β).

691 376 888 407 TVLLIVS
915 375 1079 405 TIRONI
1108 374 1141 406 S.

309 456 394 505 Ego
417 468 509 493 vero
541 454 660 505 cupio
687 462 724 492 te
751 455 802 492 ad
830 467 893 492 me
918 453 1060 499 venire,
1084 454 1154 491 sed
1176 452 1278 491 viam
1304 453 1434 492 timeo.
1496 454 1589 492 Gra-

252 519 409 559 vissime
429 519 649 571 aegrotasti,
674 519 804 558 inedia
825 526 862 557 et
883 518 1182 569 purgationibus
1203 527 1240 557 et
1261 518 1297 556 vi
1319 518 1439 569 ipsius
1461 519 1588 558 morbi

253 592 512 636 consumptus
543 597 583 623 es
599 599 609 631 3
637 597 771 634 graves
799 584 926 622 solent
954 582 1192 622 offensiones
1223 597 1307 622 esse
1335 597 1381 621 ex
1406 583 1588 634 gravibus
1609 596 1628 629 5

254 650 412 697 morbis,
447 651 477 689 si
508 663 609 700 quae
641 647 755 700 culpa
786 649 997 688 commissa
1027 657 1111 697 est,·
1146 649 1221 687 iam
1252 650 1303 687 ad
1334 649 1374 688 id
1407 649 1586 697 biduum,

253 718 361 767 quod
389 716 506 755 fueris
534 716 573 754 in
601 715 672 761 via,
696 716 792 754 dum
821 715 859 752 in
889 716 1115 754 Cumanum
1137 715 1257 762 venis,
1280 716 1471 754 accedent
1489 729 1589 759 ⁴con-

253 782 364 820 tinuo
385 783 435 820 ad
458 782 625 820 reditum
644 780 728 820 dies
745 781 931 831 quinque.
976 782 1060 830 Ego
1078 780 1116 818 in
1136 780 1346 819 Formiano
1361 794 1393 818 a.
1413 782 1449 819 d.
1470 793 1515 819 111
1537 783 1585 820 K.

255 861 338 886 esse
360 849 459 886 volo.
522 847 581 886 Ibi
605 856 642 885 te
664 855 704 885 ut
726 847 881 884 firmum
904 847 1116 892 offendam,
1142 846 1193 884 mi
1215 846 1319 892 Tiro,
1343 847 1463 885 effice.

310 913 521 952 Litterulae
549 926 660 951 meae
688 913 767 951 sive
798 921 953 951 nostrae
983 912 1039 950 tui
1070 912 1266 951 desiderio
1288 913 1586 963 oblanguerunt,
1611 927 1649 949 ιο

254 981 326 1017 liae
362 988 493 1018 tamen
529 979 706 1030 epistula,
739 992 857 1029 quani
884 981 1052 1017 Acastus
1087 978 1229 1025 attulit,
1257 979 1393 1016 oculos
1427 980 1587 1028 paulum

252 1046 501 1083 sustulerunt.
565 1044 777 1094 Pompeius
798 1052 877 1083 erat
899 1045 1005 1094 apud
1029 1056 1102 1090 me,
1123 1056 1213 1081 cum
1237 1045 1332 1081 haec
1355 1043 1586 1089 scribebam,

254 1110 374 1148 hilare
404 1118 441 1148 et
472 1110 647 1148 libenter.
721 1109 767 1147 Ei
798 1109 969 1159 cupienti
999 1109 1134 1147 audire
1167 1117 1298 1146 nostra
1329 1107 1408 1146 dixi
1439 1108 1522 1146 sine
1551 1117 1589 1146 te

255 1176 388 1213 onmia
419 1188 506 1213 mea
533 1183 640 1213 muta
668 1188 762 1213 esse.
835 1176 897 1212 Tu
930 1174 1057 1212 Musis
1088 1173 1229 1212 nostris
1260 1187 1352 1223 para
1383 1181 1424 1211 ut
1451 1186 1589 1224 operas

254 1241 405 1279 reddas.
467 1242 611 1278 Nostra
631 1241 682 1278 ad
703 1239 809 1278 diem
831 1240 977 1278 dictam
1001 1241 1119 1286 fient;
1150 1238 1268 1277 docui
1290 1239 1394 1277 enim
1426 1247 1463 1277 te
1492 1239 1589 1277 fides
1612 1252 1650 1284 15

255 1307 386 1355 ἔτυμον
406 1306 514 1356 quod
542 1306 713 1344 haberet.
776 1307 852 1344 Fac
873 1306 990 1356 plane
1011 1313 1051 1343 ut
1073 1305 1210 1343 valeas.
1274 1305 1358 1343 Nos
1387 1305 1586 1361 adsumus.

256 1372 365 1409 Vale.
426 1383 520 1409 xlm
547 1372 596 1408 K.

299 1523 366 1558 XI
546 1524 612 1557 Ser.
633 1524 680 1556 ad
694 1525 806 1557 urbem
819 1525 906 1567 pm'd.
929 1525 976 1557 Id.
998 1526 1069 1557 Ian.
1090 1538 1119 1557 a.
1141 1538 1195 1567 70)-
1215 1528 1298 1569 ⁴¹49).

271 1603 468 1636 TVLLIVS
495 1603 552 1634 ET
577 1603 763 1637 CICERO.
789 1603 1037 1643 TERENTIA,
1065 1605 1246 1643 TVLLIA,
1272 1605 1312 1645 Q.
1341 1605 1382 1645 Q.
1407 1605 1574 1637 TIRONI

838 1665 872 1696 S.
903 1665 938 1696 P.
971 1665 1008 1695 D.
1613 1678 1650 1700 20

313 1743 394 1782 Etsi
417 1742 751 1793 opportunitatem
783 1756 924 1793 operae
951 1752 1040 1782 tuae
1065 1745 1251 1783 omnibus
1279 1744 1375 1783 loeis
1396 1744 1588 1791 desidem,

255 1817 387 1847 tamen
410 1823 489 1847 non
517 1817 596 1846 tam
626 1822 713 1846 mea
740 1822 858 1858 quam
887 1817 953 1847 tua
981 1823 1098 1849 eausa
1126 1811 1244 1848 doleo
1273 1818 1309 1848 te
1335 1823 1413 1848 non
1441 1811 1566 1848 valere
1581 1824 1590 1856 3

255 1875 324 1912 sed
360 1874 547 1924 quoniam
588 1873 626 1911 in
667 1882 898 1924 quartanam
941 1888 1129 1913 conversa
1163 1874 1220 1920 vis
1259 1882 1316 1913 est
1356 1874 1482 1913 morbi
1519 1875 1591 1924 (sic

255 1939 360 1977 enim
396 1939 528 1977 scribit
564 1939 735 1986 Curius),
768 1953 882 1989 spero
918 1948 955 1978 te
987 1928 1189 1990 diligentia
1219 1939 1396 1978 adhibita
1426 1940 1502 1978 iam
1534 1941 1591 1977 fir-

258 2005 421 2042 miorem
439 2006 544 2046 fore:
575 2005 696 2043 modo
728 2007 797 2051 fac,
831 2005 869 2043 id
901 2007 1009 2056 quod
1039 2014 1096 2044 est
1123 2005 1378 2044 humanitatis
1408 2013 1507 2051 tuae,
1541 2019 1590 2043 ne
1613 2015 1650 2048 25

257 2070 352 2119 quid
378 2070 484 2108 aliud
512 2084 622 2109 cures
645 2073 721 2109 boc
746 2080 922 2122 tempore
954 2071 1026 2109 nisi
1056 2079 1095 2109 ut
1124 2084 1242 2121 quam
1269 2070 1590 2109 commodissime

259 2137 520 2174 convalescas.
579 2138 670 2175 Non
707 2137 843 2187 ignoro
883 2144 1073 2187 quantum
1107 2151 1153 2174 ex
1187 2136 1383 2174 desiderio
1413 2136 1589 2185 labore53

260 2202 328 2240 sed
357 2210 468 2240 erunt
499 2202 632 2240 omnia
663 2202 799 2249 facilia,
830 2202 860 2240 si
889 2202 1045 2240 valebis.
1108 2201 1306 2240 Festinare
1336 2209 1373 2239 te
1404 2202 1506 2247 nolo,
1540 2215 1589 2239 ne

260 2279 429 2305 nauseae
477 2267 697 2306 molestiam
743 2266 930 2318 suscipias
973 2279 1086 2316 aeger
1127 2274 1163 2304 et
1203 2265 1420 2316 periculose
1459 2265 1589 2304 hieme

260 2332 426 2382 naviges.
1606 2342 1649 2373 30

403 2445 440 2465 12
466 2435 674 2475 Pomponius
691 2434 786 2466 Man.
924 2446 963 2473 24
990 2432 1209 2464 iam'Mt'illcr:
1236 2433 1336 2464 etiam
1355 2432 1442 2464 codd.
