1791 2796
166 134 217 172 ΙΙ.
242 135 334 171 xvii
647 137 702 173 M.
734 137 903 173 TVLLI
924 137 1241 175 CICERONIS

233 254 259 291 4
281 259 462 284 sermone
491 245 633 284 dimisi.
696 247 886 285 Rationes
917 246 995 286 mei
1025 247 1242 297 quaestoris
1272 261 1345 286 nec
1374 261 1509 287 verum
1540 249 1611 287 suit

280 324 342 349 me
391 311 460 349 tibi
511 311 679 358 mittere,
717 326 792 350 nee
831 320 963 350 tamen
1002 320 1114 351 erant
1157 314 1385 361 confectae3
1434 328 1499 352 eas
1539 328 1610 352 nos

277 378 479 427 Apameae
510 378 712 427 deponere
742 377 1026 428 cogitabamus.
1089 380 1151 417 De
1172 380 1318 429 praeda
1345 392 1433 417 mea
1454 387 1612 430 praeter

275 451 504 492 quaestores
526 443 709 490 urbanos,
734 443 775 482 id
803 452 861 482 est
890 445 1082 494 populum
1105 446 1346 492 Romanum,
1371 444 1610 483 terruncium

276 522 348 547 nec
387 508 513 559 attigit
552 522 626 547 nec
665 516 839 547 tacturus
879 517 937 547 est
980 509 1200 560 quisquam.
1279 510 1502 549 Laudiceae
1549 523 1648 553 me5

276 575 439 623 praedes
460 582 717 623 accepturum
738 575 904 613 arbitror
924 575 1054 613 omnis
1081 575 1272 625 pecuniae
1294 575 1489 625 publicae,
1510 583 1552 614 ut
1574 583 1611 614 et

276 639 371 678 mi‘hi
402 648 440 678 et
469 642 620 690 populo
650 649 810 679 cautum
841 640 891 680 sit
920 640 1005 680 sine
1031 649 1214 680 vecturae
1243 641 1428 693 periculo.
1490 643 1611 690 Quod

275 706 412 745 scribis
434 707 485 745 ad
508 721 570 745 me
591 707 642 745 de
664 708 899 746 drachmum
927 720 1108 755 ecclam,
1132 708 1229 746 nibil
1257 716 1315 746 est
1336 708 1445 758 quod
1475 707 1513 745 in
1536 707 1610 746 isto

274 786 416 822 genere
447 772 633 822 cuiquam
663 772 813 823 possim
844 775 1124 819 commodare3
1154 773 1284 812 omnis
1312 774 1416 812 enim
1442 773 1611 825 pecunia

275 836 328 876 ita
365 845 562 886 tractatur,
604 846 646 876 ut
690 839 837 888 praeda
876 854 898 877 a
938 838 1157 889 praefectis,
1198 853 1299 889 quae
1340 846 1470 877 autem
1514 838 1607 876 mibi
1631 852 1672 873 10

231 903 460 952 5attributa
492 912 563 944 est.
602 918 625 942 a
668 912 877 954 quaestore
914 912 1080 944 curetur.
1154 906 1275 954 Quod
1316 904 1483 955 quaeris,
1513 904 1610 955 quid

275 968 492 1015 existimem
535 970 584 1007 de
624 968 846 1019 legionibus
887 983 988 1020 quae
1027 971 1208 1009 decretae
1247 978 1337 1008 sunt
1373 970 1411 1008 in
1446 970 1609 1019 Syriam,

274 1043 390 1072 antea
421 1033 654 1073 dubitabam
689 1042 929 1073 venturaene
963 1043 1118 1083 essent3
1159 1049 1264 1073 nunc
1297 1035 1392 1073 mibi
1432 1049 1510 1073 non
1551 1043 1609 1073 est

274 1100 440 1139 dubium
471 1100 579 1150 quin,
611 1100 642 1139 si
673 1109 789 1139 antea
817 1101 997 1140 auditum
1029 1101 1099 1140 erit
1129 1101 1253 1140 otium
1290 1116 1374 1140 esse
1414 1101 1452 1139 in
1488 1101 1607 1151 syria,

274 1176 460 1205 venturae
501 1181 581 1205 non
622 1166 724 1214 sint3
774 1166 945 1205 Marium
986 1166 1149 1217 quidem
1190 1181 1458 1205 successorem
1500 1168 1609 1205 tarde
1634 1179 1668 1209 15

274 1232 390 1271 video
418 1246 504 1271 esse
526 1241 750 1281 venturum,
772 1240 981 1283 propterea
1011 1234 1119 1283 quod
1150 1240 1308 1271 senatus
1339 1232 1392 1271 ita
1422 1232 1606 1279 decrevit,

228 1300 255 1337 6
275 1306 315 1337 ut
337 1312 427 1337 cum
450 1297 674 1349 legionibus
695 1297 775 1337 iret.
838 1298 920 1338 Uni
941 1297 1132 1348 epistulae
1160 1297 1372 1349 respondi;
1412 1297 1529 1336 venio
1557 1299 1608 1337 ad

273 1365 444 1402 alteram.
1423 1367 1426 1369 ’

330 1428 433 1467 Petis
463 1443 483 1467 a
516 1443 589 1475 me,
619 1436 661 1467 ut
695 1428 838 1467 Bibulo
869 1436 906 1467 te
933 1441 1050 1479 quam
1082 1427 1379 1479 diligentissime
1408 1442 1608 1476 ‚commen-

274 1494 375 1532 dem.
456 1495 502 1531 In
543 1507 622 1544 quo
663 1493 756 1531 mihi
796 1495 976 1532 voluntas
1016 1508 1095 1532 non
1135 1496 1232 1542 dest,
1269 1495 1339 1533 sed
1373 1495 1482 1533 locus
1522 1508 1606 1532 esse
1629 1509 1668 1530 ευ

274 1558 427 1597 videtur
459 1566 589 1597 tecum
625 1558 908 1608 expostulandi.
970 1561 1084 1597 Solus
1117 1559 1220 1597 enim
1254 1567 1294 1596 tu
1327 1573 1373 1597 ex
1407 1558 1603 1605 omnibus,

273 1623 340 1673 qui
361 1637 450 1662 cum
476 1623 619 1662 Bibulo
639 1632 740 1670 sunt,
764 1623 967 1662 certiorem
995 1637 1057 1662 me
1085 1637 1300 1673 numquam
1327 1622 1461 1670 fecisti,
1487 1637 1605 1673 quam

273 1690 387 1727 valde
422 1687 551 1726 Bibuli
583 1689 764 1727 voluntas
796 1703 818 1726 a
852 1702 914 1726 me
944 1688 1028 1727 sine
1060 1702 1177 1726 eausa
1211 1689 1446 1727 abhorreret.
1524 1691 1606 1727 l'er-

274 1753 384 1792 multi
421 1753 524 1792 enim
560 1754 610 1791 ad
647 1767 709 1792 me
745 1754 980 1800 detulerunt,
1015 1767 1133 1803 quom
1172 1767 1336 1803 magnus
1369 1753 1604 1792 Antiochiae

274 1829 400 1857 metus
431 1826 531 1857 esset
565 1826 602 1856 et
633 1832 773 1868 magna
803 1832 891 1868 spes
923 1818 960 1856 in
995 1826 1199 1868 meatque
1231 1818 1269 1856 in
1301 1818 1470 1857 exercitu
1503 1832 1601 1865 meo,
1627 1832 1664 1862 25

272 1884 429 1922 solitum
452 1884 583 1922 dicere
605 1883 760 1934 quidvis
781 1899 822 1923 se
851 1884 999 1934 perpeti
1030 1885 1144 1936 malle
1170 1898 1287 1934 quam
1310 1883 1430 1923 videri
1452 1883 1604 1933 eguisse

271 1949 416 1988 auxilio
457 1964 570 1987 meo:
614 1951 722 1999 quod
762 1965 834 2001 ego
874 1950 1004 1989 officio
1044 1949 1268 2000 quaestorio
1311 1958 1346 1988 te
1385 1950 1602 1988 adductum

273 2015 432 2053 reticere
453 2015 503 2053 de
532 2023 708 2063 praetore
736 2023 804 2053 tuo
836 2029 913 2054 non
947 2017 1110 2054 moleste
1141 2015 1325 2061 ferebam,
1349 2027 1601 2064 quamquam,

272 2094 388 2130 quem
422 2080 472 2117 ad
507 2080 668 2117 modum
705 2087 921 2127 tractarere,
955 2080 1175 2119 audiebam.
1238 2081 1308 2118 Ille
1335 2087 1479 2124 autem,
1511 2092 1601 2116 (tum

271 2146 320 2183 ad
356 2146 571 2183 'l'bermum
609 2145 658 2183 de
693 2145 874 2184 l'artliico
901 2146 1006 2184 bello
1037 2144 1230 2191 scriberet,
1261 2146 1312 2183 ad
1343 2158 1405 2182 me
1436 2143 1601 2194 litteram
1623 2155 1662 2184 30

272 2223 488 2260 numquam
530 2209 643 2256 misit,
684 2212 735 2249 ad
781 2225 900 2261 quem
946 2210 1196 2261 intellegebat
1246 2209 1329 2248 eius
1375 2208 1466 2247 belli
1506 2208 1602 2259 peri-

316 2325 333 2344 2
360 2319 469 2344 tamen
489 2311 596 2342 codd:
624 2317 690 2342 tum
712 2312 746 2342 Ν
908 2324 916 2351 ι
945 2313 1152 2344 terruncium
1170 2311 1256 2343 codd.
1274 2322 1279 2341 :
1305 2311 1491 2342 teruncium
1510 2311 1595 2351 vulg.

272 2359 290 2387 8
316 2358 508 2389 drachmum
536 2355 743 2397 lVescubcsg:
781 2357 960 2387 dracclium
985 2356 1075 2387 MG:
1109 2356 1266 2386 drachum
1289 2355 1342 2385 R:
1379 2355 1599 2385 drachumum

270 2403 319 2432 vel
333 2402 591 2433 drachumarum
609 2400 767 2431 Bt'c'cltcler
892 2412 920 2431 ιι
952 2405 1087 2431 curatur
1102 2400 1131 2432 S
1148 2400 1207 2440 qui
1221 2399 1326 2430 denuo
1342 2399 1450 2440 incipit
1466 2410 1486 2429 a
1504 2409 1598 2438 prac-

270 2446 367 2477 scetis
390 2445 419 2485 J-
447 2455 499 2485 ιο,
643 2446 684 2475 26
708 2444 843 2476 solitum
862 2455 938 2475 eum
955 2443 1068 2474 Baiter
