1791 2796
498 170 610 207 EPP.
644 171 720 207 AD
753 170 1100 210 FAMILIARES
1415 172 1444 209 Ι.
1467 171 1512 208 iii

186 303 260 338 III
408 306 476 339 Sct'.
496 306 625 338 Romae
643 306 748 339 medio
765 319 872 340 tartense
887 307 959 339 Ian.
980 319 1010 340 a.
1034 310 1097 350 698
1117 309 1199 349 (56).

348 388 394 420 ΑΗ.
423 390 594 422 CICERO
618 390 654 423 S.
681 391 724 423 D.
751 391 790 424 P.
817 391 1042 422 LENTVLO
1065 390 1264 423 PROCOS.

196 476 242 512 A.
262 472 473 521 Trebonio,
492 474 559 524 qui
580 473 618 511 in
640 481 705 512 tua
726 474 926 524 provincia
947 488 1088 525 magna
1109 474 1265 525 negotia
1286 481 1323 513 et
1343 476 1474 525 ampla
1492 485 1508 511 1

143 546 180 578 et
201 538 382 590 expedita
401 538 530 586 habet,
555 540 698 578 multos
718 553 844 578 annos
875 547 962 578 utor
982 541 1095 578 valde
1125 539 1372 578 familiariter.
1434 541 1473 578 Is

105 619 120 651 5
142 618 233 643 cum
253 612 368 642 antea
397 617 551 654 semper
571 612 609 643 et
629 618 701 643 suo
731 606 941 655 splendore
962 613 999 644 et
1021 613 1153 643 nostra
1174 613 1473 655 ceterorumque

141 670 358 709 amicorum
388 670 734 709 commendatione
760 670 1062 721 gratiosissimus
1095 669 1133 708 in
1158 669 1358 720 provincia
1388 669 1471 717 fuit,

142 744 224 774 tum
247 737 322 774 hoc
343 743 519 785 tempore
540 743 697 786 propter
722 743 833 774 tuum
861 735 900 773 in
926 749 987 774 me
1015 749 1189 774 amorem
1219 744 1473 785 nostramque

141 800 472 839 necessitudinem
493 801 746 839 vehementer
766 800 931 839 confidit
951 800 1010 839 his
1032 800 1128 839 meis
1150 800 1284 839 litteris
1305 814 1346 838 se
1367 801 1473 850 apud

141 874 178 904 te
198 865 409 916 gratiosum
431 867 512 904 fore
530 880 539 913 3
559 879 660 915 quae
681 880 730 904 ne
751 880 839 917 spes
860 880 950 905 eum
972 867 1088 913 fallat,
1106 867 1359 905 vehementer
1379 879 1473 915 rogo
1493 874 1517 901 2

86 948 122 970 10
141 939 178 970 te
199 932 517 981 commendoque
543 930 612 969 tibi
643 930 725 970 eius
755 931 889 970 omnia
910 932 1076 982 negotia,
1100 931 1269 978 libertos,
1295 944 1473 981 procura-

141 1003 253 1043 tores,
277 995 474 1043 familiam‘,
497 995 535 1033 in
557 995 771 1046 primisque
792 1004 844 1043 ut,
868 1010 968 1046 quae
989 998 1033 1034 T.
1058 996 1225 1046 Ampius
1252 997 1302 1034 de
1330 995 1412 1035 eius
1433 1010 1472 1035 re

119 1061 322 1116 decrevit,
346 1075 391 1100 ea
420 1062 655 1112 comprobes
685 1061 950 1112 omnibusque
980 1063 1096 1101 rebus
1126 1076 1215 1100 eum
1242 1061 1294 1100 ita
1318 1069 1469 1109 tractes,

141 1135 183 1166 ut
203 1126 400 1177 intellegat
422 1141 549 1166 meam
571 1127 959 1167 commendationem
982 1141 1061 1167 non
1083 1129 1279 1178 vulgarem
1302 1126 1430 1166 fuisse.

184 1291 249 1326 IV
391 1294 458 1326 Ser.
479 1295 608 1326 Rom'ae
621 1295 740 1325 circiter
753 1306 796 1326 xv
812 1295 888 1327 Kal.
910 1294 999 1326 Feb».
1020 1306 1049 1327 a.
1072 1296 1135 1335 693
1153 1296 1232 1335 (56).

86 1385 122 1416 15
343 1377 390 1409 Μ.
420 1378 591 1410 CICERO
614 1378 650 1410 S.
679 1378 723 1410 D.
750 1378 788 1410 Ρ.
818 1378 1044 1410 LENTVLO
1067 1378 1263 1410 PROCOS.

194 1463 240 1499 A.
264 1462 300 1500 d.
324 1473 394 1499 XVI
420 1463 468 1499 K.
494 1462 605 1500 Febr.
633 1476 723 1500 cum
751 1461 789 1500 in
815 1471 952 1501 senatu
979 1461 1239 1513 pulcherrime
1267 1470 1467 1509 staremus,
1490 1471 1506 1498 1

139 1528 246 1578 quod
278 1526 354 1566 iam
385 1527 490 1565 illam
520 1528 754 1566 sententiam
788 1528 918 1567 Bibuli
950 1529 1000 1567 de
1030 1527 1152 1566 tribus
1182 1527 1316 1578 legatis
1347 1527 1470 1578 pridie

139 1593 220 1632 eius
242 1593 319 1632 diei
340 1595 585 1643 fregeramus,
611 1608 812 1644 unumque
833 1602 1029 1632 certamen
1057 1602 1157 1632 esset
1188 1593 1364 1632 relictum
1387 1606 1471 1632 sen-

139 1658 260 1698 tentia
279 1659 452 1706 Volcaci‚
477 1673 535 1698 res
564 1659 615 1697 ab
644 1658 873 1698 adversariis
903 1658 1044 1697 nostris
1075 1666 1245 1697 extracta
1275 1666 1332 1697 est
1356 1658 1469 1696 variis

82 1739 119 1760 20
138 1724 371 1772 calumniis;
418 1738 575 1763 causam
624 1724 729 1763 enim
778 1724 970 1774 frequenti
1014 1733 1150 1763 senatu
1199 1738 1279 1762 non
1328 1738 1469 1774 magna

137 1788 320 1828 varietate
350 1803 570 1840 magnaque
598 1790 745 1829 invidia
774 1804 920 1837 eorum,
944 1789 1009 1839 qui
1031 1804 1053 1828 a
1080 1798 1117 1828 te
1143 1803 1301 1828 causam
1324 1788 1466 1839 regiam

137 1854 213 1892 alio
243 1856 486 1902 trafereb'ant‚
509 1855 797 1894 obtinebamus.
858 1857 919 1893 Eo
949 1854 1012 1893 die
1041 1855 1227 1908 acerbum
1258 1854 1467 1893 habuimus

138 1919 363 1967 Curionem,
389 1920 573 1959 Bibulum
603 1922 726 1959 multo
753 1919 964 1967 iustiorem,
989 1933 1113 1969 paene
1134 1919 1250 1958 etiam
1272 1919 1468 1966 amicum;

139 1985 328 2024 Caninius
349 1993 386 2024 et
408 1987 508 2025 Cato
529 1994 718 2036 negarunt
738 2000 779 2024 se
800 1987 925 2036 legem
947 1987 1064 2024 ullam
1093 1993 1183 2024 ante
1204 1985 1362 2024 comitia
1384 2000 1468 2024 esse

83 2063 117 2093 25
139 2051 293 2089 laturos.
366 2054 531 2090 Senatus
571 2051 704 2090 haberi
743 2060 834 2090 ante
875 2054 923 2090 K.
967 2051 1195 2090 Februarias
1235 2065 1303 2102 per
1341 2053 1464 2101 legem

141 2113 316 2165 Pupiam,
348 2115 386 2155 id
418 2118 524 2166 quod
555 2117 639 2163 scis,
664 2131 743 2155 non
774 2125 903 2167 potest
933 2131 1062 2167 neque
1091 2131 1225 2155 mense
1249 2118 1358 2155 Febr.
1383 2125 1466 2155 toto

138 2180 210 2219 nisi
232 2181 411 2230 perfectis
431 2189 497 2220 aut
518 2181 669 2220 reiectis
699 2181 971 2232 legationibus.
1034 2184 1147 2221 Haec
1169 2190 1299 2220 tamen
1330 2181 1465 2231 opinio
1484 2196 1508 2222 2
1529 2179 1535 2185 ’

138 2254 196 2283 est
211 2245 345 2296 populi
364 2246 544 2294 Romani,
560 2261 582 2285 a
599 2247 672 2285 tuis
689 2247 830 2286 invidis
843 2256 960 2298 atque
975 2247 1302 2286 obtrectatoribus
1319 2260 1464 2285 nomen

181 2351 202 2379 6
226 2350 488 2388 gratiosissimus
501 2349 618 2381 Lamb.
636 2362 640 2379 1
668 2351 879 2389 gratissimus
893 2349 978 2381 codd.
1056 2360 1094 2380 10
1118 2350 1254 2381 libertos
1267 2349 1317 2379 R:
1343 2349 1464 2379 liberos

139 2391 210 2423 MG
324 2394 360 2423 18
386 2403 458 2423 cum
476 2398 551 2423 ante
566 2395 733 2424 sententia
750 2394 824 2425 add.
845 2394 881 2424 N
894 2394 1011 2424 Lamb.
1126 2405 1167 2424 20
1185 2394 1266 2434 non]
1287 2394 1318 2423 in
1337 2393 1469 2423 Ernesti

139 2447 181 2466 22
205 2436 451 2468 transferebant
472 2437 534 2467 GR
665 2439 707 2468 26
732 2437 781 2479 id]
799 2438 841 2468 ob
859 2438 890 2468 id
911 2438 973 2468 GR
