1791 2796
182 146 252 186 IV.
276 146 321 184 vi
657 147 713 183 M.
745 146 914 183 TVLLI
947 145 1253 184 CICERONIS

289 260 406 297 talem
440 271 528 307 erga
560 272 624 297 me
655 257 832 296 animum
864 256 936 296 tibi
971 263 1124 306 gratum
1159 262 1311 307 putaret
1346 256 1437 294 fore.
1498 254 1621 294 Cuius

287 324 416 362 officia
448 323 682 362 iucundiora
716 323 866 361 scilicet
901 335 1020 372 saepe
1058 321 1156 360 mihi
1194 323 1360 368 suerunt,
1402 333 1621 371 numquam

287 397 419 427 tamen
440 388 617 439 gratiora.
679 389 749 426 Me
768 396 902 426 autem
920 401 1001 425 non
1022 386 1148 425 oratio
1169 394 1235 425 tua
1248 387 1375 424 solum
1396 393 1434 425 et
1455 385 1620 424 societas

287 467 412 504 paene
439 453 705 505 aegritudinis,
734 455 805 493 sed
831 453 949 491 etiam
973 452 1185 491 auctoritas
1215 453 1440 490 consolatur
1455 466 1465 499 ς
1508 459 1621 502 turpe

288 519 393 558 enim
414 532 500 557 esse
520 518 701 558 existimo
722 532 786 557 me
807 532 889 557 non
910 518 964 556 ita
984 519 1082 556 ferre
1104 531 1239 556 casum
1261 530 1405 563 meum,
1429 524 1471 555 ut
1491 524 1533 555 tu
1555 516 1621 555 tali
1641 530 1658 562 5

289 583 478 634 sapientia
507 583 708 634 praeditus
743 584 950 622 ferendum
986 591 1110 633 putas.
1171 583 1249 621 Sed
1280 582 1480 632 opprimor
1508 582 1622 621 inter-

287 650 383 688 dum
416 657 453 688 ct
485 649 547 687 vix
578 648 716 688 resisto
751 649 889 696 dolori,
925 649 1034 699 quod
1066 662 1112 687 ea
1146 661 1209 687 me
1241 647 1387 686 solacia
1417 647 1618 695 deficiunt,

287 728 389 765 quae
432 714 584 762 ceteris,
625 728 795 764 quorum
836 713 933 752 mihi
973 715 1153 764 exempla
1191 726 1383 764 propono,
1425 712 1541 751 simili
1580 713 1619 751 in

286 781 442 818 fortuna
476 794 558 819 non
587 781 807 819 defuerunt.
868 781 973 819 Nam
1006 787 1044 819 et
1074 780 1123 829 Q.
1158 778 1368 826 Maximus,
1397 778 1465 829 qui
1496 778 1619 817 filium

286 847 545 893 consularem,
579 847 726 884 clarum
758 845 884 884 virum
916 853 954 884 et
989 845 1139 896 magnis
1171 846 1287 884 rebus
1318 844 1447 895 gestis,
1478 844 1617 892 amisit,
1645 859 1681 882 [ο

285 919 324 950 et
355 913 397 949 L.
432 913 599 958 Paullus,
633 910 700 961 qui
730 912 811 950 duo
842 919 993 960 septem
1023 910 1175 958 dicbus,
1208 918 1246 949 et
1275 917 1402 949 vester
1431 910 1553 948 Galus
1583 918 1620 949 et

288 978 344 1015 M.
370 977 482 1023 Cato,
505 976 573 1026 qui
594 989 750 1014 summo
767 975 941 1026 ingenio,
962 989 1117 1014 summa
1131 975 1271 1014 virtute
1291 974 1415 1013 filium
1436 974 1618 1025 perdidit,

286 1041 332 1080 iis
357 1041 600 1092 temporibus
630 1042 800 1090 fuerunt,
830 1048 872 1080 ut
902 1054 1038 1080 eorum
1067 1042 1216 1079 luctum
1247 1040 1420 1091 ipsorum
1451 1040 1620 1091 dignitas

242 1121 267 1148 2
287 1109 556 1146 consolaretur
576 1120 634 1155 ea,
656 1120 775 1157 quam
798 1120 844 1145 ex
874 1120 914 1146 re
935 1106 1094 1158 publica
1115 1106 1461 1156 consequebantur
1475 1121 1486 1154 ,·
1523 1105 1620 1144 mihi

284 1181 417 1212 autem
438 1172 591 1211 amissis
612 1172 854 1211 ornamentis
876 1172 935 1221 iis,
957 1186 1057 1223 quae
1079 1172 1162 1223 ipse
1184 1185 1485 1220 commemoras,
1504 1185 1620 1222 quae-
1644 1187 1679 1220 15

285 1252 362 1288 que
392 1252 497 1277 eram
525 1237 705 1276 maximis
733 1237 934 1277 laboribus
964 1239 1143 1288 adeptus,
1171 1250 1295 1276 unum
1316 1238 1502 1276 manebat
1523 1237 1620 1276 illud

285 1303 486 1351 solacium,
511 1304 619 1353 quod
641 1310 819 1353 ereptum
845 1312 913 1342 est.
975 1304 1069 1342 Non
1097 1302 1315 1342 amicorum
1337 1302 1517 1353 negotiis,
1538 1316 1619 1341 non

285 1368 337 1407 rei
360 1368 541 1419 publicae
563 1368 839 1419 procuratione
870 1368 1189 1419 impediebantur
1215 1368 1473 1419 cogitationes
1495 1381 1617 1415 meae,

285 1433 381 1472 nihil
413 1433 452 1471 in
488 1435 571 1473 foro
602 1447 716 1484 agere
745 1433 907 1482 libebat,
936 1433 1110 1484 aspicere
1140 1433 1287 1472 curiam
1318 1447 1399 1472 non
1429 1441 1616 1484 poteram,

285 1498 569 1546 existimabam,
606 1499 645 1538 id
677 1500 787 1549 quod
816 1506 910 1547 erat,
941 1499 1071 1538 omnis
1105 1512 1169 1538 me
1198 1507 1236 1537 et
1266 1498 1479 1537 industriae
1509 1512 1619 1537 meae
1641 1515 1680 1537 το

285 1565 432 1602 fructus
465 1571 503 1602 et
532 1565 712 1603 fortunae
741 1564 969 1615 perdidisse.
1030 1565 1118 1611 Sed,
1151 1578 1242 1603 cum
1278 1564 1489 1614 cogitarem
1521 1565 1619 1603 haec

286 1628 382 1666 mihi
417 1636 547 1668 tecum
587 1637 626 1668 et
659 1643 751 1668 cum
785 1629 1023 1680 quibusdam
1059 1643 1144 1668 esse
1184 1629 1420 1677 communia,
1455 1636 1493 1668 et
1527 1642 1618 1668 cum

286 1695 503 1744 frangerem
535 1694 613 1733 iam
645 1694 728 1745 ipse
763 1708 826 1733 me
861 1708 1122 1746 cogeremque
1157 1694 1221 1733 illa
1260 1696 1356 1734 ferre
1395 1696 1615 1742 toleranter,

286 1760 483 1798 habebam
523 1773 603 1810 quo
642 1762 909 1810 confugerem,
944 1760 1012 1799 ubi
1052 1761 1385 1811 conquiescerem,
1427 1760 1538 1799 cuius
1577 1760 1616 1799 in

285 1838 467 1864 sermone
501 1832 538 1863 et
572 1825 762 1865 suavitate
792 1826 921 1865 omnis
955 1840 1066 1865 curas
1095 1828 1331 1877 doloresque
1362 1826 1613 1877 deponerem.
1638 1842 1676 1874 25

286 1891 405 1928 Nunc
437 1898 569 1928 autem
603 1892 678 1929 hoc
712 1899 791 1929 tam
821 1891 925 1941 gravi
955 1893 1114 1941 vulnere
1143 1891 1261 1933 etiam
1290 1891 1368 1940 illa,
1397 1904 1498 1942 quae
1527 1905 1618 1930 con-

285 1954 461 1992 sanuisse
490 1955 734 2003 videbantur,
767 1958 1070 2005 recrudescunt;
1110 1971 1189 1996 non
1220 1956 1336 2004 enim,
1369 1965 1411 1995 ut
1440 1965 1523 1995 tum
1555 1970 1617 1996 me

283 2032 307 2057 a
336 2032 376 2058 re
400 2019 558 2070 publica
587 2029 780 2060 maestum
811 2023 953 2061 domus
984 2022 1212 2072 excipiebat,
1244 2036 1346 2073 quae
1376 2024 1528 2070 levaret,
1561 2022 1616 2061 sic

285 2097 391 2122 nunc
411 2085 533 2123 domo
556 2099 733 2125 maerens
752 2088 803 2126 ad
825 2101 904 2126 rem
928 2088 1126 2137 publicam
1147 2089 1357 2138 confugere
1378 2101 1551 2138 possum,
1574 2096 1616 2127 ut

285 2148 324 2187 in
346 2148 428 2188 eius
450 2149 564 2188 bonis
592 2151 858 2200 adquiescam.
922 2154 1062 2202 Itaque
1089 2160 1126 2191 ct
1148 2154 1269 2191 domo
1297 2153 1437 2203 absum
1459 2160 1497 2191 et
1517 2154 1613 2200 foro,
1635 2161 1676 2192 30

285 2215 394 2265 quod
415 2229 487 2254 nec
508 2230 598 2254 eum
626 2217 814 2264 dolorem,
839 2230 957 2267 quem
982 2218 1033 2256 de
1062 2231 1101 2255 rc
1131 2217 1289 2267 publica
1315 2216 1440 2268 capio,
1471 2218 1615 2256 domus

286 2281 362 2318 iam
384 2281 577 2319 consolari
600 2289 729 2331 potest
751 2295 824 2320 nec
845 2281 1107 2320 domesticum
1130 2295 1188 2320 res
1210 2281 1378 2332 publica.

328 2390 348 2409 2
372 2379 510 2410 fuerunt
529 2379 615 2411 Crat.
634 2391 641 2409 :
666 2379 791 2410 fuerint
807 2379 894 2411 codd.
974 2390 1007 2410 11
1036 2378 1142 2411 Galus
1159 2378 1218 2410 M:
1244 2379 1362 2411 Gallus
1380 2379 1453 2413 GR.
1474 2380 1511 2419 cf
1530 2379 1616 2411 Reia

285 2422 330 2452 ad
343 2421 449 2456 Lael..
467 2434 497 2463 p.
522 2424 582 2463 156
670 2433 711 2462 23
735 2434 959 2463 cogeremque
979 2422 1061 2454 GR:
1091 2434 1246 2463 cogerem
1266 2423 1306 2453 M
1402 2434 1441 2463 31
1469 2424 1510 2455 de
1530 2423 1611 2455 GR:

283 2466 326 2497 ad
344 2476 421 2499 corr.
439 2467 473 2498 in
491 2478 533 2498 ax
550 2466 610 2498 M:
634 2478 653 2498 a
669 2466 742 2498 ΜΠ
769 2479 787 2499 6
806 2467 923 2499 Lamb.
940 2479 946 2498 :
970 2467 1027 2499 dcl.
1053 2467 1240 2503 ll'csenheae
