1791 2796
161 136 230 174 IX.
249 136 295 173 vi
620 137 674 173 M.
707 137 874 174 TVLLI
908 137 1215 175 CICERONIS

255 249 400 286 multos
434 247 469 286 ei
505 249 691 287 molestos
730 249 810 287 fore
850 248 1059 299 ipsumque
1096 248 1228 287 multis
1247 263 1256 296 3
1300 248 1435 288 Ostiae
1465 248 1586 289 videri

255 312 505 352 commodius
540 327 630 351 eum
665 313 767 352 exire
801 327 926 364 posse.
1004 315 1050 352 Id
1085 327 1158 364 ego
1196 327 1277 353 non
1312 313 1587 364 intellegebam

255 377 351 429 quid
372 377 576 417 interesset
594 393 603 427 3
632 380 702 419 sed
728 387 860 418 tamen
884 379 1037 418 Hirtius
1066 378 1161 417 mihi
1190 379 1286 418 dixit
1307 388 1345 419 et
1365 393 1406 419 se
1426 380 1476 418 ad
1497 392 1587 418 eum

255 452 293 484 et
315 446 484 484 Balbum
512 453 549 484 et
578 445 754 496 Oppium
782 445 983 496 scripsisse
1007 454 1049 484 ut
1074 445 1126 484 ita
1154 447 1310 494 faceret,
1331 445 1526 493 homines,
1547 453 1589 484 ut

213 520 237 547 2
256 510 437 561 cognovi,
461 510 628 550 amantis
659 511 724 550 tui.
788 513 880 551 Hoc
911 525 984 562 ego
1014 510 1161 550 idcirco
1192 525 1309 550 nosse
1336 519 1373 550 tc
1401 510 1521 560 volui,
1546 518 1588 549 ut
1609 526 1626 557 5

255 576 372 616 scires
406 577 621 627 hospitium
659 577 725 616 tibi
764 577 831 616 ubi
862 591 1027 628 parares,
1058 579 1117 616 vel
1149 577 1279 628 potius
1308 583 1354 615 ut
1379 576 1588 626 utrubique

254 642 368 693 (quid
389 642 494 682 enim
517 642 580 681 ille
601 644 772 681 facturus
794 642 841 681 sit
869 642 1061 682 incertum
1084 642 1173 692 est),
1195 650 1232 680 et
1260 641 1375 680 simul
1397 640 1588 681 ostentavi

255 708 324 748 tibi
353 722 415 747 me
448 707 530 747 istis
564 722 649 747 esse
681 708 910 747 familiarem
943 716 981 747 et
1013 707 1187 747 consiliis
1222 721 1356 746 eorum
1388 707 1586 747 interesse.

255 775 376 824 Quod
404 788 476 825 ego
504 788 572 813 cur
600 774 722 813 nolim
751 774 847 813 nihil
869 774 1011 822 video3
1042 788 1122 813 non
1145 773 1249 813 enim
1272 781 1329 813 est
1352 773 1456 813 idem
1478 774 1589 820 ferre,

253 839 284 878 si
315 839 411 890 quid
442 841 646 878 ferendum
678 847 748 888 est,
770 847 807 878 et
838 840 1017 889 probare,
1039 839 1069 878 si
1101 839 1307 890 quidnon
1337 839 1586 889 probandum
1611 851 1649 873 10

253 913 320 943 est.
384 904 466 943 Etsi
497 904 594 955 quid
624 918 704 943 non
734 905 898 955 probem
931 904 1117 955 equidem
1149 903 1225 942 iam
1257 903 1404 951 nescio,
1438 911 1589 954 praeter

253 970 363 1009 initia
393 984 520 1010 rerum
537 986 545 1018 3
580 984 671 1009 nam
702 972 799 1010 haec
829 970 869 1009 in
899 972 1101 1010 voluntate
1132 971 1297 1008 fuerunt.
1359 969 1452 1009 Vidi
1482 969 1588 1008 enim

253 1036 361 1086 (nam
385 1043 425 1074 tu
446 1035 600 1086 aberas)
622 1043 776 1075 nostros
800 1035 949 1075 amicos
980 1050 1123 1087 cupere
1146 1035 1307 1081 bellum,
1329 1036 1435 1073 hunc
1455 1042 1587 1075 autem

253 1115 333 1141 non
365 1110 444 1140 tam
474 1116 617 1152 cupere
647 1115 765 1152 quam
799 1115 879 1140 non
913 1101 1049 1140 timere
1083 1103 1191 1151 (ergo
1222 1101 1319 1139 haec
1344 1099 1483 1141 consili
1511 1102 1589 1139 fue-

255 1174 356 1215 runt,
387 1166 535 1217 reliqua
565 1166 813 1216 necessaria),
848 1166 1003 1205 vincere
1036 1173 1168 1205 autem
1201 1173 1267 1204 aut
1299 1166 1372 1204 hos
1403 1173 1469 1204 aut
1501 1164 1587 1205 illos
1611 1178 1648 1209 15

210 1245 235 1283 3
256 1248 415 1274 necesse
437 1248 531 1274 esse.
592 1233 683 1273 Scio
710 1242 747 1273 te
775 1247 929 1284 semper
957 1247 1113 1272 mecum
1141 1232 1180 1271 in
1211 1234 1317 1271 luctu
1346 1232 1477 1280 fuisse,
1497 1247 1587 1271 cum

253 1299 476 1339 videremus
510 1314 631 1351 quom
664 1299 761 1338 illud
788 1299 925 1350 ingens
960 1300 1121 1345 malum,
1145 1297 1303 1337 alterius
1336 1298 1457 1337 utrius
1487 1313 1589 1338 exer-

253 1365 352 1404 citus
392 1373 430 1405 et
469 1367 616 1405 ducum
650 1364 864 1411 interitum,
900 1372 983 1403 tum
1016 1378 1107 1403 vero
1143 1372 1359 1403 extremum
1397 1364 1587 1403 malorum

253 1431 431 1470 omnium
471 1445 555 1470 esse
590 1430 712 1469 civilis
752 1429 844 1469 belli
883 1429 1110 1477 victoriam3
1156 1443 1273 1480 quam
1315 1429 1476 1480 quidem
1516 1443 1588 1480 ego

252 1496 369 1535 etiam
411 1496 564 1535 illorum
605 1495 807 1543 timebam,
846 1496 895 1534 ad
936 1509 1035 1546 quos
1075 1508 1332 1539 veneramus;
1381 1495 1589 1534 crudeliter
1611 1507 1646 1527 20

252 1562 356 1601 enim
379 1561 604 1601 otiosissimi
626 1560 890 1608 minabantur,
911 1568 1071 1611 eratque
1092 1560 1137 1599 iis
1159 1568 1197 1599 et
1218 1568 1283 1599 tua
1310 1559 1433 1599 invisa
1454 1562 1588 1599 volun-

254 1636 309 1666 tas
338 1636 376 1666 et
403 1641 490 1667 mea
517 1626 667 1675 oratio;
698 1640 803 1664 nunc
832 1640 937 1673 vero,
959 1626 989 1665 si
1018 1633 1147 1665 essent
1172 1625 1294 1665 nostri
1325 1625 1452 1676 potiti,
1474 1627 1587 1665 valde

251 1693 558 1745 intemperantes
593 1692 771 1739 fuissent,
805 1700 915 1731 erant
955 1691 1060 1730 enim
1102 1691 1217 1731 nobis
1255 1691 1434 1743 perirati3
1476 1691 1587 1742 quasi

251 1759 464 1812 quicquam
489 1760 539 1799 de
570 1766 702 1798 nostra
732 1759 856 1797 salute
887 1757 1210 1805 decrevissemus,
1231 1758 1339 1809 quod
1370 1770 1449 1796 non
1481 1756 1585 1796 idem

252 1825 325 1864 illis
346 1824 650 1871 censuissemus,
669 1831 737 1863 aut
757 1822 867 1874 quasi
888 1822 1020 1863 utilius
1041 1823 1094 1863 rei
1116 1837 1151 1874 p.
1175 1822 1290 1862 fuerit
1309 1836 1377 1862 eos
1398 1822 1515 1862 etiam
1535 1823 1586 1862 ad
1607 1837 1622 1859 2
1628 1838 1645 1869 5

253 1891 466 1930 bestiarum
487 1889 673 1928 auxilium
696 1890 907 1940 confugere
928 1890 1129 1940 quanrvel
1152 1888 1274 1928 emori
1298 1889 1358 1927 vel
1386 1902 1476 1927 cum
1504 1901 1586 1938 spe,

205 1971 232 2008 4
253 1957 283 1995 si
314 1970 395 1995 non
425 1955 586 2006 optima,
616 1963 655 1993 at
683 1955 815 2004 aliqua
847 1963 978 1993 tamen
1009 1954 1146 1993 vivere.
1207 1956 1260 1991 At
1292 1953 1330 1991 in
1363 1953 1587 2004 perturbata

253 2036 291 2061 re
321 2036 356 2072 p.
380 2021 555 2059 vivimus.
618 2020 717 2069 Quis
748 2023 892 2071 negat?
923 2021 991 2059 sed
1019 2021 1094 2058 hoc
1125 2019 1293 2058 viderint
1322 2018 1360 2060 ii,
1384 2018 1450 2068 qui
1482 2019 1587 2056 nulla

253 2087 327 2126 sibi
347 2086 522 2126 subsidia
542 2087 591 2124 ad
614 2086 742 2125 omnis
764 2087 865 2126 vitae
888 2094 1010 2125 status
1032 2092 1288 2136 paraverunt,
1320 2085 1397 2122 huc
1418 2082 1521 2122 enim
1544 2091 1587 2121 ut

254 2152 441 2200 venirem,
472 2151 645 2202 superior
677 2152 830 2202 longius
861 2165 978 2202 quam
1011 2149 1116 2189 volui
1148 2149 1256 2188 fluxit
1287 2148 1442 2190 oratio„
1481 2149 1582 2188 Cum
1605 2162 1643 2192 50

253 2217 358 2257 enim
394 2225 431 2256 te
465 2231 619 2268 semper
656 2231 841 2268 magnum
881 2215 1083 2256 hominem
1117 2214 1223 2262 duxi,
1258 2222 1340 2252 tum
1379 2213 1487 2264 quod
1525 2212 1585 2251 his

296 2325 317 2354 6
342 2329 376 2355 ut
393 2323 468 2355 add.
489 2323 611 2354 Scln‘c'l:
750 2332 782 2353 11
812 2321 926 2352 nescio
943 2319 999 2349 D:
1027 2319 1096 2350 scio
1116 2318 1194 2348 ΜΗ
1325 2327 1361 2347 21
1389 2315 1584 2348 otiosissimi

254 2368 347 2398 HD:
372 2368 469 2399 otiosi
489 2368 514 2399 si
537 2367 596 2397 M:
621 2366 738 2397 otiosis
755 2365 843 2406 vulg.
970 2374 1008 2402 31
1037 2362 1117 2394 duxi
1136 2367 1205 2393 tum
1226 2359 1406 2392 Graevius:
1430 2359 1583 2391 duxerim

254 2411 339 2442 codd.
