1791 2796
106 171 175 209 XI.
197 171 273 207 xxi
593 170 647 206 M.
680 168 847 210 TVLLI
880 165 1186 205 FICERONIS

265 305 376 339 XXI
511 307 581 338 Ser.
604 307 732 338 Romae
745 307 829 348 [ιι-Μ.
851 305 938 337 Nan.
961 306 1035 338 Iun.
1057 317 1086 336 a.
1110 316 1162 345 711
1185 304 1266 346 (⁴45).

359 397 401 428 M.
430 397 605 428 CICERO
631 397 664 428 S.
695 396 734 427 1).
765 397 803 426 D.
833 395 990 426 BRVTO
1017 394 1106 425 IMP.
1135 393 1234 424 COS.
1266 392 1412 424 DESIG.

187 499 204 526 1
283 486 354 525 l)ei
377 487 437 525 isti
460 486 617 537 Segulio
639 487 739 524 male
760 484 914 531 saciant,
933 483 1081 521 homini
1104 482 1347 533 nequissimo
1363 482 1552 530 omnium,

223 552 289 602 qui
323 561 423 600 sunt,
461 552 527 603 qui
563 554 729 598 fuerunt,
764 551 831 602 qui
864 549 980 588 futuri
1013 552 1126 587 sunt!
1186 548 1325 597 Quid?
1366 556 1408 587 tu
1444 548 1554 587 illum

219 627 350 657 tecum
373 620 499 657 solum
517 626 583 656 aut
600 631 690 656 cum
708 618 907 657 Caesare?
937 615 1002 666 qui
1025 614 1224 653 neminem
1242 614 1551 664 praetermiserit,
1574 633 1591 665 5

219 684 380 734 quicum
413 684 521 735 loqui
556 682 735 734 potuerit,
773 682 835 721 eui
876 695 956 719 non
993 681 1132 719 eadem
1169 679 1242 718 ista
1277 679 1424 719 dixerit.
1495 682 1554 719 Te

219 759 362 798 tamen,
394 750 445 788 mi
478 751 607 796 Brute,
642 748 696 787 sic
725 761 817 786 amo
847 755 888 785 ut
920 747 1059 793 debeo,
1091 746 1199 796 quod
1230 744 1335 783 istud
1365 745 1555 796 quicquid

219 824 320 855 esset
355 829 545 866 nugarum
579 829 641 853 me
673 813 770 852 scire
801 812 982 860 voluisti3
1025 811 1179 861 signum
1216 810 1321 849 enim
1368 824 1555 861 magnum

175 896 199 923 2
218 882 361 920 amoris
382 881 535 921 dedisti.
598 882 701 919 Nam
723 878 961 933 quodjdem
991 876 1180 927 Segulius,
1205 884 1409 915 veteranos
1431 877 1551 927 queri,

217 949 324 997 quod
356 957 396 986 tu
429 956 466 986 et
499 949 643 987 Caesar
670 946 709 984 in
739 946 877 984 decem
908 943 997 981 viris
1030 956 1110 981 non
1145 941 1290 989 essetis,
1326 941 1474 980 utinam
1503 957 1552 982 ne
1576 961 1614 984 10

216 1028 289 1063 ego
310 1014 469 1064 quidem
493 1026 618 1051 essem
638 1016 643 1050 ἲ
674 1011 770 1062 quid
791 1009 895 1048 enim
915 1007 1145 1046 molestius?
1199 1009 1275 1046 Sed
1297 1015 1441 1056 tamen,
1461 1022 1550 1048 cum

215 1093 288 1128 ego
327 1079 535 1118 sensissem
575 1080 625 1117 de
664 1078 709 1115 iis
749 1077 813 1128 qui
854 1076 1043 1115 exereitus
1086 1075 1275 1113 haberent
1317 1075 1550 1114 sententiam

216 1145 300 1182 serri
330 1153 520 1195 oportere,
544 1144 649 1183 idem
677 1143 728 1181 illi
758 1142 824 1193 qui
855 1144 981 1180 solent
1014 1142 1298 1188 reclanmrunt3
1330 1140 1462 1191 itaque
1493 1156 1552 1180 ex—

214 1211 316 1260 cepti
357 1211 473 1249 etiam
509 1210 600 1249 estis
642 1223 704 1248 me
738 1210 992 1248 vehementer
1034 1215 1285 1258 repugnante.
1354 1207 1549 1256 Quocirca

217 1277 414 1326 Segulium
447 1277 698 1326 neglegamus
728 1274 795 1325 qui
823 1288 882 1313 res
906 1287 1027 1313 novas
1050 1273 1210 1324 quaerit,
1241 1285 1321 1311 non
1347 1286 1426 1324 quo
1448 1282 1549 1313 vete·
1571 1289 1608 1322 15

217 1356 296 1380 rem
319 1341 534 1380 comederit
556 1342 720 1391 (nullam
743 1339 847 1379 enim
870 1339 1023 1390 habuit)
1047 1341 1115 1378 sed
1138 1341 1240 1378 hanc
1265 1339 1389 1389 ipsam
1411 1354 1548 1380 -recen-

173 1420 197 1458 3
217 1416 294 1446 tem
318 1421 459 1446 novam
483 1406 693 1446 devoravit.
755 1407 876 1455 Quod
898 1414 1029 1444 autem
1052 1405 1188 1444 scribis
1212 1414 1259 1452 te,
1284 1408 1392 1457 quod
1415 1420 1484 1458 pro
1513 1416 1551 1446 te

216 1474 301 1524 ipso
326 1487 405 1511 non
431 1472 560 1520 facias,
584 1473 623 1512 id
651 1486 721 1523 pro
750 1485 823 1519 me,
847 1479 888 1510 ut
916 1472 966 1510 de
995 1485 1057 1510 me
1089 1471 1226 1510 timeas
1257 1472 1417 1523 aliquid,
1442 1473 1550 1512 omni

214 1548 262 1586 te,
287 1539 341 1577 vir
361 1539 509 1589 optime
531 1538 707 1588 mihique
729 1536 937 1584 carissime,
978 1540 1092 1584 3rute,
1116 1539 1166 1576 de
1189 1552 1251 1577 me
1274 1546 1379 1577 metu
1403 1538 1549 1588 libero,

213 1619 285 1654 ego
315 1605 419 1643 enim
455 1618 556 1654 quae
586 1602 778 1654 provideri
812 1610 994 1653 poterunt
1025 1617 1105 1641 non
1139 1605 1246 1642 fallar
1281 1604 1319 1642 in
1356 1604 1411 1652 iis,
1447 1619 1547 1656 quae
1569 1620 1610 1642 20

212 1671 435 1709 cautionem
458 1684 537 1708 non
560 1670 764 1708 habebunt
789 1669 838 1707 de
867 1668 911 1706 iis
937 1682 1017 1707 non
1046 1669 1097 1707 ita
1120 1672 1232 1709 valde
1258 1671 1403 1709 laboro.
1464 1671 1545 1709 Sim

212 1737 315 1774 enim
352 1736 573 1786 impudens,
607 1735 635 1773 si
672 1736 758 1785 plus
791 1736 986 1785 postulem
1023 1749 1140 1786 quam
1178 1735 1326 1775 homini
1362 1750 1384 1774 a
1419 1750 1545 1776 rerum

213 1811 347 1840 natura
370 1801 484 1840 tribui
508 1810 646 1851 potest.

165 1875 190 1911 4
267 1869 387 1916 Quod
411 1867 503 1905 mihi
526 1867 716 1918 praecipis
739 1876 780 1906 ut
801 1882 960 1907 caveam
989 1882 1038 1907 ne
1067 1868 1244 1927 timendo
1266 1869 1387 1919 magis
1409 1868 1544 1908 timere

211 1947 337 1983 cogar,
361 1942 397 1972 et
425 1933 620 1983 sapienter
649 1942 687 1972 et
717 1935 953 1974 amicissime
983 1933 1198 1986 praecipis,
1228 1936 1297 1974 sed
1327 1935 1441 1973 velim
1473 1935 1542 1974 tibi
1565 1948 1604 1981 25

212 2000 457 2048 persuadeas,
481 2009 570 2037 'cum
600 2009 637 2038 te
665 2009 818 2039 constet
844 2002 1032 2040 excellere
1063 2002 1138 2039 hoc
1165 2015 1306 2051 genere
1327 2000 1476 2039 virtutis
1502 2009 1544 2039 ut

213 2078 427 2114 numquam
461 2066 701 2113 extimescas,
735 2081 951 2117 numquam
984 2068 1218 2118 perturbere,
1246 2080 1309 2105 me
1337 2065 1426 2104 huic
1454 2074 1544 2104 tuae

213 2129 339 2168 virtuti
370 2131 544 2180 proxime
573 2133 769 2171 accedere.
832 2134 962 2181 Quam
992 2134 1044 2171 ob
1073 2146 1151 2171 rem
1181 2146 1253 2171 nec
1282 2139 1415 2171 metuo
1439 2131 1544 2182 quic-

212 2209 329 2245 quam
361 2205 398 2235 et
429 2198 577 2235 cavebo
609 2198 751 2236 onmia.
812 2199 889 2236 Sed
918 2198 1007 2237 vide
1038 2212 1087 2237 ne
1114 2206 1181 2237 tua
1210 2198 1298 2245 iam,
1326 2197 1377 2235 mi
1411 2192 1540 2243 Brute,

212 2263 326 2312 culpa
354 2263 479 2300 sutura
511 2263 568 2309 sit,
593 2263 621 2300 si
651 2277 724 2313 ego
745 2263 956 2313 quicquam
980 2263 1150 2302 timeam.
1211 2263 1307 2301 Tuis
1332 2262 1436 2301 enim
1462 2261 1542 2312 opi-
1563 2276 1602 2306 30

257 2378 276 2407 3
301 2365 378 2406 Dei]
398 2365 429 2396 di
447 2371 516 2398 vett.
658 2377 694 2397 12
718 2368 921 2397 sententiam
947 2368 1021 2397 ferri
1051 2367 1110 2398 M:
1141 2377 1167 2397 s.
1189 2367 1261 2397 fieri
1279 2365 1332 2398 D:
1365 2366 1539 2396 scientiam

214 2411 284 2441 fieri
303 2411 360 2440 ll:
386 2421 411 2442 s.
433 2422 458 2441 c.
481 2411 552 2441 sieri
573 2410 673 2441 Orelli
801 2421 834 2450 ¹7
862 2421 978 2441 novam
998 2410 1045 2441 vel
1059 2409 1232 2441 drlendum
1252 2409 1426 2449 (Ursinus)
1444 2408 1493 2440 vel
1507 2413 1540 2440 et

212 2455 474 2495 anteponemlmn
494 2455 605 2495 (Boot)
741 2455 782 2484 28
807 2460 920 2485 metuo
938 2454 1028 2486 HD:
1055 2459 1178 2485 metum
1199 2455 1258 2484 M:
1284 2458 1428 2485 metuam
1447 2452 1535 2493 vulg.
