1791 2796
92 141 209 178 XIII.
229 139 321 178 xliv
604 139 659 179 M.
692 140 860 179 TVLLI
893 140 1200 181 CICERONIS

284 290 430 326 XLIV
543 293 613 325 δαν.
636 293 766 325 Romae
782 297 856 324 ante
872 304 902 325 a.
924 293 988 333 696
1007 294 1075 334 (58⁸)
1094 283 1276 325 nonizullt's

699 349 865 380 mensibus
876 353 950 390 post
965 354 1010 390 cp.
1029 349 1109 381 xliii.

688 439 864 470 CICERO
898 438 1054 469 GALLO
1088 438 1123 470 S.

296 527 380 567 Etsi
401 542 448 567 ex
469 528 544 567 tuis
564 535 603 567 et
624 542 670 567 ex
696 530 739 566 L.
764 527 880 579 Oppi,
906 526 1102 566 familiaris
1131 526 1219 574 mei,
1243 526 1378 566 litteris
1405 526 1572 578 cognovi

242 601 279 632 te
310 607 527 633 memorem
557 592 916 633 commendationis
952 606 1062 631 meae
1097 591 1216 631 fuisse
1251 592 1370 643 idque
1402 606 1472 643 pro
1507 599 1611 638 tua5

241 673 397 698 summa
427 673 518 710 erga
546 673 609 698 me
633 659 909 699 benevolentia
938 672 1088 709 proque
1118 665 1252 697 nostra
1282 657 1574 698 necessitudine

242 724 404 764 minime
446 739 533 764 sum
578 724 803 771 admiratus,
846 733 977 764 tamen
1023 723 1142 763 etiam
1175 732 1294 774 atque
1339 723 1456 762 etiam
1503 723 1574 762 tibi

243 792 286 829 L.
310 790 485 841 Oppium
508 799 753 842 praesentem
774 798 813 829 et
834 792 876 829 L.
901 789 1053 841 Egnati,
1078 789 1155 828 mei
1179 788 1478 836 familiarissimi,
1509 790 1575 828 ab·

242 856 364 896 sentis
385 856 543 907 negotia
562 857 813 895 commendo.
873 857 1002 894 Tanta
1023 854 1119 893 mihi
1140 868 1230 893 curn
1253 869 1301 893 eo
1322 854 1574 893 necessitudo

243 929 301 960 est
331 921 667 972 familiaritasque*
687 929 741 969 ut,
773 920 804 960 si
839 935 927 960 mea
958 935 1016 960 res
1049 928 1161 968 esset,
1198 934 1279 959 non
1315 919 1437 970 magis
1469 918 1574 959 la'bo-
1598 936 1636 958 10

244 1001 379 1026 rarem.
451 989 701 1038 Quapropter
734 986 996 1038 gratissimum
1037 986 1132 1024 mihi
1172 985 1319 1033 seceris,
1360 985 1391 1024 si
1431 985 1575 1025 curaris

244 1061 288 1092 ut
318 1053 348 1092 is
379 1052 577 1104 intellegat
613 1067 675 1092 me
706 1067 728 1091 a
758 1060 795 1091 te
825 1060 978 1091 tantum
1008 1051 1130 1091 amari
1161 1059 1353 1103 quantum
1385 1050 1468 1103 ipse
1502 1051 1577 1091 exi-

246 1118 372 1157 stimo.
435 1121 528 1157 Hoc
550 1118 644 1157 mihi
665 1117 809 1169 gratius
831 1119 957 1158 facere
984 1117 1080 1156 nihil
1102 1125 1224 1169 potes,
1248 1117 1369 1168 idque
1390 1124 1432 1156 ut
1459 1116 1577 1156 facias

245 1187 498 1225 vehementer
519 1192 556 1224 te
577 1198 681 1236 rogo.

289 1391 411 1428 XLV
577 1393 647 1426 Ser.
666 1393 793 1425 Romae
810 1393 875 1425 cod.
888 1393 958 1433 firc
975 1404 1004 1424 a.
1026 1404 1089 1434 quo
1104 1397 1148 1433 cp.
1168 1391 1246 1424 xliv.
1599 1396 1638 1429 15

491 1483 666 1515 CICERO
692 1482 923 1514 APPVLEIO
953 1480 1332 1521 PROQVAESTORI.

302 1575 343 1612 L.
370 1572 538 1624 Egnatio
565 1585 646 1611 uno
671 1571 802 1622 equite
836 1573 881 1609 R.
906 1572 965 1609 vel
994 1569 1292 1609 familiarissime
1323 1577 1419 1608 utor.
1483 1568 1577 1607 Eius

248 1639 484 1679 Anchialum
525 1651 680 1677 servum
720 1637 956 1688 negotiaque
995 1650 1097 1687 quac
1137 1636 1256 1674 habet
1295 1635 1334 1673 in
1374 1634 1466 1673 Asia
1507 1634 1576 1673 tibi

246 1706 487 1744 commendo
517 1718 598 1742 non
628 1703 779 1742 minore
813 1702 945 1741 studio
976 1716 1093 1753 quam
1127 1701 1157 1740 si
1199 1715 1279 1740 rem
1313 1714 1440 1740 meam
1474 1714 1577 1739 com-

247 1773 486 1810 mendarem.
546 1769 610 1808 Sic
642 1768 747 1808 enim
783 1767 980 1808 existimes
1011 1767 1139 1814 velim,
1170 1766 1265 1805 mihi
1296 1780 1385 1805 cum
1417 1780 1464 1805 co
1496 1780 1576 1804 non
1599 1781 1639 1803 20

247 1838 367 1876 modo
389 1835 628 1875 cotidianam
656 1834 985 1873 consuetudinem
1014 1847 1209 1873 summam
1232 1832 1483 1879 intercedere,
1507 1832 1576 1871 sed

247 1903 363 1942 etiam
386 1901 513 1941 officia
534 1914 675 1951 magna
695 1907 732 1938 ct
754 1908 889 1938 mutua
910 1906 1042 1939 nostra
1067 1898 1269 1938 inter'nos
1290 1912 1384 1937 esse.
1446 1899 1575 1947 Quam

246 1969 299 2007 ob
325 1982 403 2006 rem
433 1966 549 2006 etiam
577 1974 695 2016 atque
728 1965 844 2005 etiam
873 1979 895 2004 a
924 1972 960 2004 te
989 1972 1081 2015 peto
1109 1972 1149 2002 ut
1175 1977 1286 2003 cures
1313 1972 1354 2002 ut
1380 1963 1578 2013 intellegat

247 2048 310 2072 me
339 2034 389 2071 ad
421 2040 457 2071 tc
488 2031 579 2070 satis
614 2031 820 2081 diligenter
850 2030 1076 2081 scripsissc;
1107 2043 1197 2068 nam
1228 2030 1277 2068 de
1306 2037 1372 2067 tua
1399 2042 1487 2078 erga
1515 2042 1577 2066 mc

246 2100 447 2136 voluntate
469 2111 548 2135 non
571 2096 787 2135 dubitabat.
854 2096 902 2135 Id
924 2102 965 2134 ut
986 2094 1104 2134 facias
1125 2102 1162 2134 te
1183 2094 1300 2133 etiam
1321 2102 1439 2144 atque
1460 2092 1576 2132 etiam
1599 2103 1636 2136 25

247 2177 351 2213 rogo.
412 2164 519 2200 Vale.

292 2278 310 2305 ¹3
335 2276 446 2296 ‹nrm›
475 2265 519 2301 D,
548 2264 608 2295 vid.
641 2269 686 2304 cp.
709 2269 835 2305 pmcn:
875 2273 1001 2294 sutrio
1028 2262 1107 2293 Mll
1269 2273 1285 2300 4
1314 2261 1484 2293 familiaris
1513 2260 1576 2291 mei

249 2299 487 2383 Allilivulcgesnlin,
505 2309 571 2340 coll.
593 2318 644 2348 43.
667 2318 678 2338 1
697 2319 704 2346 ;
731 2317 790 2346 74:
818 2307 1064 2338 familiarissimi
1081 2305 1172 2338 codd.
1280 2316 1316 2345 17
1341 2306 1393 2336 vel
1410 2305 1468 2336 dcl.
1488 2305 1574 2335 Crat.

284 2364 361 2385 fcscn
384 2365 441 2394 etjg
