1791 2796
584 153 694 189 EPP.
729 152 805 188 Ab
839 152 1183 188 FAMILIARES
1499 154 1566 190 lx.
1587 163 1648 190 xv

215 270 338 301 tuum.
398 263 606 301 Accedunt
636 275 716 299 non
744 261 874 307 Attici,
905 262 973 299 sed
1005 262 1181 300 salsiores
1211 276 1329 313 quam
1363 263 1413 300 illi
1446 263 1542 301 Atti-
1561 274 1583 300 2

215 341 350 366 corum
392 327 563 366 Romani
602 334 750 365 veteres
788 334 906 376 atque
946 327 1082 365 urbani
1123 330 1230 366 sales.
1293 330 1377 378 Ego
1411 336 1541 366 autem

217 393 430 444 (existimes
465 393 555 431 licet
593 392 805 443 quidlibet)
838 392 999 430 mirifice
1033 392 1165 442 capior
1195 393 1345 431 facetiis
1376 393 1544 431 maxime

216 458 464 505 nostratibus,
501 457 727 508 praesertim
767 471 857 495 cum
897 471 962 495 eas
1001 457 1155 496 videam
1195 458 1364 508 primum
1403 458 1545 497 oblitas

178 536 196 568 5
217 523 330 562 Latio
358 531 451 570 tum,
475 536 566 561 cum
596 523 635 560 in
665 523 803 561 urbem
835 531 1008 561 nostram
1038 531 1096 561 est
1126 523 1252 561 infusa
1279 523 1541 574 peregrinitas,

216 601 322 626 nunc
360 601 451 626 vero
490 587 607 626 etiam
648 587 814 625 bracatis
854 595 891 626 et
923 588 1191 638 Transalpinis
1231 588 1468 635 nationibus⁷
1503 596 1545 626 ut

215 653 367 689 nullum
395 652 533 690 veteris
561 652 703 702 leporis
728 652 933 702 vestigium
961 661 1155 703 appareat.
1217 655 1358 703 Itaque
1387 660 1426 692 te
1453 667 1543 692 cum

215 717 341 763 video,
365 717 493 755 omnis
525 717 620 755 mihi
649 717 826 759 Granios,
851 718 979 755 omnis
1008 718 1190 765 Lucilios,
1215 732 1303 757 vere
1332 726 1374 757 ut
1401 719 1542 764 dicam,

216 783 377 820 Crassos
399 796 558 832 quoque
579 790 617 820 et
635 783 789 821 Laelios
811 783 942 821 videre
962 783 1107 822 videor.
1162 783 1319 829 Moriar,
1344 783 1373 821 si
1395 792 1546 834 praeter

158 861 196 883 ιο
215 855 253 885 te
287 860 527 897 quemquam
567 847 760 897 reliquum
796 848 935 894 habeo,
969 847 1007 885 in
1038 861 1118 898 quo
1153 848 1299 898 possim
1334 848 1544 898 imaginem

214 912 398 962 antiquae
442 920 480 950 et
525 914 757 951 vernaculae
802 913 1018 951 festivitatis
1061 927 1284 964 agnoscere.
1367 916 1432 953 Ad
1472 916 1544 953 hos
1585 946 1588 949 .

214 979 366 1027 lepores
387 991 478 1016 cum
505 990 615 1016 amor
635 991 724 1027 erga
746 992 808 1016 me
829 986 960 1016 tantus
987 980 1159 1025 accedat,
1184 979 1333 1017 miraris
1354 993 1417 1018 me
1438 987 1545 1018 tanta

214 1042 507 1092 perturbatione
546 1043 781 1082 valetudinis
822 1051 912 1082 tuae
956 1052 1034 1082 tam
1075 1044 1240 1094 graviter
1278 1044 1544 1083 exanimatum

215 1107 362 1146 fuisse?
410 1108 531 1156 Quod
557 1116 689 1146 autem
717 1110 836 1146 altera
866 1108 1031 1158 epistula
1059 1122 1200 1159 purgas
1227 1117 1265 1148 te
1293 1123 1372 1148 non
1400 1109 1546 1148 dissua-
1565 1115 1588 1151 3

160 1184 196 1217 15
216 1186 343 1210 sorem
381 1172 476 1209 mihi
512 1172 723 1222 emptionis
761 1173 1047 1222 Neapolitanae
1083 1173 1200 1212 fuisse
1239 1175 1307 1212 sed
1342 1182 1544 1212 auctorem

217 1237 508 1283 moderationis,
547 1238 706 1284 urbane,
743 1251 873 1287 neque
914 1251 987 1287 ego
1025 1238 1135 1276 aliter
1172 1238 1334 1288 accepi3
1375 1238 1544 1276 intellexi

216 1310 348 1339 tamen
377 1301 494 1347 idem,
519 1303 627 1351 quod
658 1302 717 1339 his
747 1302 932 1351 intellego
963 1302 1107 1348 litteris,
1132 1316 1212 1341 non
1240 1303 1481 1342 existimasse
1509 1312 1546 1341 te

218 1366 312 1404 mihi
346 1366 470 1412 licere,
504 1366 543 1404 id
576 1368 684 1416 quod
720 1380 792 1416 ego
823 1366 1047 1413 arbitrabar,
1080 1380 1139 1405 res
1171 1369 1240 1406 has
1271 1381 1351 1406 non
1381 1367 1546 1405 omnino

217 1432 379 1482 quidem
412 1432 481 1470 sed
514 1445 697 1481 magnam
737 1440 886 1482 partem
926 1432 1154 1482 relinquere.
1229 1434 1414 1472 Catulum
1452 1433 1546 1470 mihi

158 1516 198 1538 20
218 1510 348 1535 narras
377 1505 415 1535 et
444 1497 509 1535 illa
539 1505 725 1547 tempora.
787 1497 896 1546 Quid
926 1497 1081 1536 simile?
1119 1511 1169 1536 ne
1199 1498 1250 1536 mi
1281 1498 1441 1548 quidem
1474 1497 1546 1547 ipsi

217 1570 311 1600 tunc
331 1562 512 1612 placebat
531 1562 678 1600 diutius
705 1562 843 1601 abesse
867 1563 917 1600 ab
944 1562 997 1600 rei
1018 1576 1053 1612 p.
1077 1562 1281 1609 custodia:
1310 1563 1546 1601 sedebamus

217 1627 321 1666 enim
350 1627 388 1665 in
416 1627 539 1678 puppi
569 1635 607 1667 et
633 1629 787 1666 clavum
819 1628 1075 1674 tenebamus;
1109 1641 1215 1666 nunc
1241 1635 1371 1666 autem
1400 1627 1461 1665 vix
1488 1635 1545 1665 est

218 1692 256 1730 in
278 1692 431 1731 sentina
450 1694 570 1731 locus.
631 1695 695 1730 An
718 1693 846 1731 minus
873 1694 995 1730 multa
1015 1706 1041 1730 S.
1062 1706 1092 1730 c.
1117 1694 1244 1730 futura
1268 1700 1391 1742 putaS‚
1416 1692 1445 1729 si
1472 1705 1544 1741 ego
1561 1701 1588 1739 4

218 1757 291 1795 sim
313 1757 510 1808 Neapoli?
559 1759 713 1796 Romae
741 1771 830 1796 cum
862 1770 947 1795 sum
979 1765 1016 1796 et
1043 1770 1162 1806 urgeo
1192 1758 1329 1803 forum,
1353 1770 1379 1795 s.
1403 1770 1434 1794 c.
1459 1756 1546 1794 scri-

161 1840 199 1871 25
218 1823 364 1861 buntur
383 1823 490 1872 apud
510 1831 725 1861 amatorem
743 1830 864 1868 tuum,
882 1822 1111 1860 familiarem
1134 1835 1265 1860 meum
1281 1837 1290 1869 3
1318 1829 1355 1860 et
1372 1821 1544 1871 quidem,

220 1901 309 1925 cum
337 1887 376 1924 in
405 1895 578 1926 mentem
600 1887 716 1933 venit,
740 1900 866 1937 ponor
892 1888 942 1924 ad
971 1886 1223 1924 scribendum
1251 1894 1289 1924 et
1312 1894 1403 1925 ante
1429 1886 1549 1924 audio

219 1965 246 1989 S.
271 1965 301 1990 c.
326 1951 365 1989 in
387 1952 615 1991 Armeniam
643 1960 681 1991 et
703 1952 851 2002 Syriam
879 1966 963 1990 esse
993 1952 1196 2002 perlatum,
1221 1951 1328 2000 quod
1353 1950 1392 1988 in
1420 1965 1546 1989 meam

220 2017 454 2055 sententiam
485 2018 631 2055 factum
662 2030 746 2056 esse
776 2017 937 2063 dicatur,
962 2030 1080 2067 quam
1111 2016 1276 2054 omnino
1305 2015 1547 2054 mentionem

221 2083 339 2119 ullam
367 2083 417 2120 de
447 2095 492 2120 ea
522 2096 561 2120 re
590 2095 675 2120 esse
705 2083 858 2120 factam.
918 2084 1050 2131 Atque
1082 2083 1158 2120 hoc
1187 2080 1310 2120 nolim
1340 2095 1403 2119 me
1430 2080 1548 2119 iocari

161 2165 202 2196 30
221 2154 334 2196 putes
350 2161 358 2193 ,·
392 2160 483 2184 nam
514 2146 610 2184 mihi
638 2146 736 2185 scito
767 2147 843 2184 iam
872 2160 895 2184 a
924 2146 1079 2196 regibus
1109 2146 1254 2185 ultimis
1285 2147 1434 2184 adlatas
1463 2159 1548 2184 esse

264 2260 282 2289 5
309 2250 394 2281 Latii
412 2249 550 2291 Madvig
566 2262 572 2281 ι
595 2250 665 2281 luto
682 2249 870 2289 Htrsclzfild
954 2251 975 2280 6
991 2251 1091 2280 etiam
1109 2250 1144 2280 in
1163 2249 1303 2289 Madvzg
1389 2259 1409 2287 9
1432 2247 1550 2278 Aelios

223 2294 323 2324 Orelli
471 2295 508 2324 16
533 2293 790 2331 moderationis]
820 2294 1092 2324 commorationis
1125 2293 1269 2323 Lama:
1307 2292 1550 2322 demorationis

224 2337 418 2367 Gulielmius
541 2337 668 2367 urbane
687 2336 847 2376 Madvzg:
871 2336 1018 2368 urbanae
1034 2335 1122 2368 codd.
1347 2336 1388 2365 26
1413 2335 1454 2365 ad
1471 2336 1547 2365 scri-

221 2380 383 2421 bendum]
402 2379 550 2411 adfuisse
567 2380 745 2411 scribendo
763 2379 855 2411 Man.

268 2449 329 2469 cxc.
348 2448 395 2468 AD
413 2445 492 2468 FAM.
862 2435 868 2440 '
1427 2435 1464 2465 17
