1791 2796
118 152 238 190 XIII.
258 152 367 188 xxiv
636 151 693 189 M.
725 151 894 210 TVLLI
926 151 1232 191 CICERONIS

266 262 658 303 commendationem
698 261 869 301 maximo
902 262 1134 302 adiumento
1169 262 1297 312 fuisse,
1334 265 1443 314 quod
1476 266 1527 304 ad
1563 273 1600 304 te

265 330 441 367 delatum
473 328 622 367 diceret
655 341 740 366 sese
779 336 915 367 contra
949 328 1179 379 dignitatem
1215 337 1320 367 tuam
1358 331 1511 369 Romae
1550 332 1600 370 de

222 402 302 435 2te
347 393 453 444 loqui
499 393 657 432 solitum
706 407 801 432 esse.
864 395 925 432 De
966 407 1045 444 quo
1087 393 1158 433 etsi
1199 408 1269 445 pro
1310 402 1376 433 tua
1417 394 1600 435 facilitate

265 468 303 498 et
334 458 578 498 humanitate
608 467 815 509 purgatum
836 472 877 497 se
898 458 969 498 tibi
990 458 1123 498 scribit
1144 473 1238 507 esse,
1263 467 1394 499 tamen
1415 460 1596 511 primum,

265 534 306 563 ut
346 525 487 572 debeo,
520 524 590 563 tibi
633 524 821 562 maximas
855 524 995 574 gratias
1029 538 1112 575 ago,
1146 539 1236 563 cum
1267 533 1420 564 tantum
1450 526 1598 565 litterae
1619 541 1636 573 5

265 605 375 629 meae
396 597 619 641 potuerunt,
639 598 680 628 ut
697 590 741 628 iis
758 589 867 628 lectis
888 603 1047 628 omnem
1071 590 1329 629 offensionem
1351 591 1596 642 suspicionis,

263 670 381 706 quam
414 656 606 694 habueras
636 656 685 694 de
717 657 884 705 Lysone,
907 656 1138 706 deponeres,
1162 655 1307 695 deinde
1337 657 1472 695 credas
1503 657 1598 696 mihi

263 721 486 760 adfirmanti
508 721 624 760 velim
647 735 709 760 me
737 722 813 759 hoc
841 734 921 759 non
949 734 1019 771 pro
1047 723 1204 771 Lysone
1232 721 1354 772 magis
1381 736 1499 773 quam
1527 736 1598 773 pro

263 786 449 825 omnibus
481 786 661 833 scribere,
698 785 899 825 hominem
939 799 1024 825 esse
1062 786 1277 835 neminem,
1308 787 1373 838 qui
1409 801 1597 838 umquam

264 852 508 891 mentionem
545 851 599 890 tui
635 851 718 890 sine
751 859 816 889 tua
850 865 1005 889 summa
1034 852 1151 890 laude
1182 851 1340 899 feceritJ
1374 854 1476 902 Lyso
1506 866 1597 891 vero
1620 868 1657 890 ιο

263 931 353 955 cum
377 931 533 955 mecum
556 930 677 967 prope
705 916 851 955 cotidie
879 925 981 955 esset
1009 930 1166 967 unaque
1188 916 1343 964 viveret,
1367 931 1447 956 non
1469 919 1596 956 solum

263 983 355 1033 quia
376 983 544 1021 libenter
565 996 628 1020 me
653 981 788 1020 audire
812 981 1080 1029 arbitrabatur,
1105 982 1175 1020 sed
1196 981 1287 1032 quia
1308 981 1492 1021 libentius
1514 982 1597 1033 ipse

263 1049 509 1100 loquebatur,
556 1047 690 1087 onmia
729 1047 824 1086 mihi
861 1056 926 1086 tua
965 1056 1003 1086 et
1042 1049 1144 1086 facta
1182 1056 1219 1086 et
1254 1047 1360 1086 dicta
1398 1048 1593 1087 laudabat.

221 1129 244 1165 3
266 1118 518 1167 Quapropter
549 1115 621 1154 etsi
651 1129 673 1153 a
708 1122 745 1153 te
780 1114 831 1152 ita
872 1122 1068 1161 tractatur,
1099 1122 1140 1152 ut
1175 1113 1251 1152 iam
1287 1128 1366 1153 non
1401 1113 1596 1153 desideret

263 1181 653 1221 commendationem
694 1194 821 1219 meam
861 1179 1028 1230 unisque
1067 1194 1108 1218 se
1147 1179 1282 1219 litteris
1321 1179 1417 1219 meis
1462 1179 1654 1225 omnia15

262 1255 520 1287 consecutum
543 1255 664 1297 putet,
689 1254 819 1284 tamen
847 1260 869 1284 a
890 1254 927 1284 te
954 1254 1047 1295 peto
1074 1245 1113 1284 in
1142 1245 1328 1284 maiorem
1362 1246 1526 1284 modum
1554 1254 1596 1284 ut

261 1327 351 1351 eum
374 1312 493 1351 etiam
513 1320 633 1362 atque
660 1311 777 1350 etiam
806 1310 882 1349 tuis
909 1310 1056 1357 officiis,
1081 1310 1311 1349 liberalitate
1332 1312 1592 1360 conplectare.

261 1378 481 1417 Scriberem
521 1379 571 1417 ad
608 1386 645 1416 tc
684 1377 809 1427 qualis
844 1377 899 1415 vir
938 1384 1050 1424 esset,
1085 1384 1126 1415 ut
1161 1369 1425 1427 superioribus
1460 1376 1595 1415 litteris

260 1446 439 1491 feceram,
464 1443 537 1482 nisi
568 1457 658 1483 eum
689 1443 765 1482 iam
796 1456 864 1494 per
893 1457 934 1482 se
964 1442 1092 1494 ipsum
1123 1441 1193 1481 tibi
1223 1441 1314 1481 satis
1341 1450 1479 1482 notum
1509 1455 1595 1481 esse

259 1510 473 1549 arbitrarer.
1616 1520 1655 1542 πο

303 1663 432 1698 XXV
587 1667 656 1698 ΞΝ.
679 1666 815 1706 Roman,
838 1650 1025 1706 albidum,
1047 1678 1076 1698 a.
1101 1670 1160 1707 708
1192 1670 1235 1707 46
1254 1692 1261 1699 .

709 1744 882 1775 CICERO
909 1744 1082 1775 SERVIO
1109 1745 1141 1775 S.

317 1823 582 1872 Hagesaretus
606 1821 811 1872 Larisaeus
834 1821 984 1872 magnis
1013 1821 1108 1860 meis
1136 1821 1337 1860 beneficiis
1365 1829 1523 1859 ornatus
1553 1820 1591 1858 in

259 1888 465 1924 consulatu
503 1900 591 1925 meo
625 1900 775 1925 memor
807 1895 845 1925 et
875 1894 1005 1937 gratus
1045 1886 1115 1936 fuit
1156 1900 1297 1937 meque
1337 1893 1473 1937 postea
1511 1885 1593 1924 dili-

258 1951 483 2001 gentissime
508 1951 638 1989 coluit.
701 1954 803 1990 Eum
825 1951 894 1990 tibi
918 1965 1060 2002 magno
1084 1965 1202 2002 opere
1232 1952 1471 1990 commendo
1492 1958 1534 1989 ut
1554 1958 1591 1989 et
1614 1966 1652 1997 25

260 2016 454 2065 hospitem
485 2030 616 2054 meum
647 2025 683 2055 et
711 2017 939 2056 familiarem
964 2015 1130 2069 [meum]
1153 2025 1189 2055 et
1210 2024 1361 2067 gratum
1389 2016 1590 2054 hominem

260 2089 296 2118 et
318 2080 441 2119 virum
465 2081 614 2119 bonum
638 2090 675 2120 et
699 2082 914 2132 principem
946 2082 1112 2120 civitatis
1142 2095 1235 2120 suae
1265 2089 1302 2120 et
1332 2089 1398 2120 tua
1428 2080 1593 2119 necessi-

261 2145 397 2184 tudine
436 2146 722 2196 dignissimum.
785 2150 1010 2198 Pergratum
1052 2147 1146 2185 mihi
1187 2147 1333 2194 seceris,
1368 2147 1397 2185 si
1429 2146 1592 2195 ‘dederis

260 2228 418 2264 operam
449 2223 489 2252 ut
518 2214 548 2252 is
581 2215 778 2266 intellegat
806 2217 907 2254 hanc
936 2229 1064 2254 meam
1095 2214 1483 2254 commendationem
1515 2227 1592 2252 ma-

260 2294 380 2328 gnum
401 2281 507 2330 apud
530 2288 566 2318 te
589 2281 744 2330 pondus
765 2281 959 2319 habuisse.
1613 2289 1652 2320 30

304 2392 322 2421 5
348 2382 439 2423 cum]
462 2384 551 2422 quod
581 2383 778 2423 llfescnbmg,
799 2383 856 2413 scd
876 2385 913 2423 cs.
934 2384 974 2413 iv.
993 2395 1021 2422 3.
1043 2395 1058 2421 4
1166 2385 1207 2414 26
1231 2393 1341 2414 meum
1377 2386 1452 2424 post
1477 2382 1591 2424 famil.)

260 2438 326 2458 om.
343 2427 436 2458 HD:
462 2427 629 2466 hospitem
649 2432 681 2458 et
701 2427 898 2458 familiarem
917 2437 1026 2458 mcum
1045 2426 1164 2458 Lamb.
