1791 2796
150 111 180 148 Ι.
204 116 270 147 vb
589 110 644 146 M.
677 109 844 146 TVLLI
877 108 1184 148 CICERONIS

217 220 333 260 scribi
354 228 543 271 oportere.
604 223 746 259 Postea
773 234 891 271 quam
920 220 1132 272 Pompeius
1159 228 1197 260 et
1222 222 1328 271 apud
1356 223 1547 273 populum

217 300 249 325 a.
287 287 322 325 d.
361 298 434 324 V111
478 287 574 325 Idus
615 285 854 332 Februarias,
897 299 1018 336 quom
1066 300 1137 337 pro
1187 286 1340 326 Milone
1387 286 1545 335 diceret,

217 353 386 391 clamore
427 351 687 402 convicioque
725 351 889 390 iactatus
928 359 986 390 est
1019 351 1058 389 in
1090 359 1309 402 senatuque
1341 366 1365 391 a
1395 353 1548 392 Catone

215 430 351 467 aspere
381 424 418 455 et
441 417 581 455 acerbe
611 415 858 455 inimicorum
887 430 1030 467 magno
1054 416 1209 455 silentio
1240 425 1298 456 est
1328 425 1545 465 accusatus,

215 482 320 521 visus
353 489 410 520 est
440 481 535 519 mihi
562 483 815 520 vehementer
844 496 929 520 esse
956 482 1212 532 perturbatus.
1274 484 1414 533 Itaque
1435 484 1548 522 Alex-

215 547 379 586 andrina
400 560 527 593 causa,
552 560 652 596 quae
673 546 788 585 nobis
808 547 938 585 adhuc
966 546 1116 597 integra
1136 555 1194 585 est
1215 546 1329 599 (nihil
1350 547 1454 586 enirn
1476 547 1547 586 tibi

215 612 379 651 detraxit
407 620 563 650 senatus
589 611 662 649 nisi
689 611 740 658 id,
777 613 885 661 quod
910 625 978 662 per
1004 613 1172 650 eandem
1207 611 1434 662 religionem
1464 613 1546 652 dari

172 687 195 713 2
214 676 322 716 alteri
345 690 424 715 non
444 676 601 727 potest),
620 675 773 715 videtur
787 677 838 715 ab
859 676 926 715 illo
946 677 1062 727 plane
1078 690 1162 716 esse
1179 676 1369 728 deposita.
1429 679 1547 716 Nunc

214 741 253 781 id
275 754 476 792 speramus
493 741 612 791 idque
635 741 827 789 molimur,
846 748 888 780 ut
909 755 984 788 rex,
1003 755 1093 780 curn
1112 741 1309 793 intellegat
1325 756 1420 790 sese,
1437 744 1545 793 quod

213 806 421 856 cogitabat,
445 814 487 844 ut
516 820 538 844 a
569 806 761 856 Pompeio
791 807 1008 854 reducatur,
1043 806 1206 857 adsequi
1237 821 1317 846 non
1347 821 1463 858 posse
1494 815 1542 856 et,

214 871 287 910 nisi
309 885 377 921 per
407 880 443 910 te
473 871 521 910 sit
551 871 761 918 restitutus,
786 873 985 910 desertum
1009 885 1050 910 se
1071 879 1190 922 atque
1220 872 1419 911 abiectum
1449 874 1542 920 fore,

213 936 480 987 proficiscatur
500 938 551 976 ad
572 945 610 976 te
625 951 635 985 ,·
664 938 773 987 quod
794 936 878 976 sine
899 938 978 976 ulla
1000 937 1257 985 dubitatione,
1278 937 1309 976 si
1332 938 1544 989 Pompeius

213 1003 373 1051 paulum
413 1003 535 1041 modo
573 1001 788 1041 ostenderit
827 1002 901 1041 sibi
940 1004 1104 1053 placere,
1142 1002 1282 1051 faciet,
1330 1004 1400 1042 sed
1441 1003 1543 1043 nosti

161 1065 165 1072 “
212 1067 383 1105 hominis
414 1067 635 1106 tarditatem
675 1075 713 1106 et
752 1066 1066 1106 taciturnitatem.
1145 1069 1230 1107 Nos
1269 1075 1400 1107 tamen
1431 1068 1539 1115 nihil,

213 1134 322 1182 quod
361 1133 411 1171 ad
453 1146 539 1171 eam
583 1146 664 1171 rem
712 1132 916 1183 pertineat,
958 1133 1312 1183 praetermittimus.
1392 1133 1542 1174 Ceteris

212 1197 372 1245 iniuriis,
413 1212 513 1248 quae
543 1198 766 1249 propositae
800 1206 891 1237 sunt
928 1212 951 1237 a
990 1200 1154 1247 Catone,
1187 1200 1310 1248 facile,
1341 1207 1384 1238 ut
1414 1213 1540 1250 spero,

212 1263 446 1302 resistemus.
522 1263 786 1302 Amicumcx
817 1264 1087 1303 consularibus
1123 1265 1322 1305 neminem
1358 1265 1428 1304 tibi
1458 1279 1543 1304 esse

211 1328 328 1367 video
349 1336 499 1378 praeter
522 1329 781 1367 Hortensium
812 1337 849 1367 et
882 1331 1090 1368 Lucullum
1110 1345 1120 1377 ,·
1150 1330 1269 1369 ceteri
1290 1338 1381 1369 sunt
1402 1330 1540 1381 partim

212 1393 415 1432 obscurius
431 1393 713 1443 iniqui,partim
729 1407 809 1432 non
824 1393 1115 1433 dissimulanter
1128 1394 1222 1433 irati.
1259 1397 1321 1433 Tu
1336 1396 1395 1433 fac
1409 1394 1542 1434 animo

212 1458 298 1497 forti
321 1472 543 1508 magnoque
564 1458 615 1496 sis
640 1471 850 1508 speresque
871 1460 951 1497 fore
973 1466 1015 1497 ut
1044 1460 1165 1498 fracto
1187 1459 1335 1510 impetu
1357 1459 1541 1498 levissimi

212 1523 383 1563 hominis
405 1531 511 1562 tuam
533 1523 735 1574 pristinam
758 1523 988 1574 dignitatem
1011 1532 1047 1563 et
1069 1525 1230 1575 gloriam
1253 1538 1506 1576 consequare.

255 1711 320 1747 VI
427 1715 494 1749 Scr.
515 1716 643 1749 Romae
660 1730 775 1758 mense,
798 1723 832 1750 u!
848 1720 978 1761 vidam,
1000 1720 1098 1754 illari.
1117 1732 1145 1754 a.
1167 1722 1230 1762 698
1248 1722 1328 1761 (562

417 1794 464 1826 M.
493 1795 664 1826 CICERO
687 1797 724 1828 S.
750 1796 793 1828 D.
823 1798 860 1828 P.
890 1797 1112 1847 LENTVLO
1134 1798 1334 1830 PROCOS.

176 1881 193 1908 1
266 1874 379 1922 Quae
399 1882 589 1923 gerantur,
613 1876 781 1927 accipies
803 1892 848 1916 ex
871 1877 1059 1926 Pollione,
1078 1878 1145 1928 qui
1167 1877 1352 1917 omnibus
1373 1875 1538 1927 negotiis

212 1952 290 1976 non
324 1938 494 1976 interfuit
526 1942 664 1987 solum,
697 1943 765 1980 sed
796 1942 970 1993 praefuit.
1033 1945 1102 1982 Me
1133 1943 1170 1981 in
1203 1956 1359 1981 summo
1388 1942 1534 1987 dolore,
1579 1956 1594 1987 g

211 2016 328 2052 quem
358 2003 394 2040 in
425 2003 498 2041 tuis
526 2006 641 2043 rebus
669 2006 791 2057 capio,
818 2007 984 2046 maxime
1015 2008 1163 2046 scilicet
1188 2003 1410 2045 consolatur
1434 2018 1535 2055 speS,

211 2068 318 2117 quod
336 2069 448 2106 valde
469 2069 646 2118 suspicor
668 2072 746 2109 fore
768 2079 809 2109 ut
831 2071 1059 2121 infringatur
1079 2071 1284 2109 hominum
1307 2069 1536 2120 improbitas

211 2140 248 2170 et
283 2132 453 2170 consiliis
489 2141 643 2171 tuorum
679 2134 893 2173 amicorum
930 2144 967 2173 et
1000 2135 1082 2185 ipsa
1120 2135 1193 2181 die,
1224 2149 1324 2185 quae
1358 2133 1535 2178 debilitat

256 2248 272 2275 4
300 2238 509 2269 inimicorum
534 2237 711 2271 li'et'nlmld.
733 2239 795 2269 mll.
813 2239 849 2277 Q.
870 2238 920 2269 Fr.
937 2239 966 2269 ii.
981 2249 1009 2277 3.
1031 2248 1071 2276 3:
1100 2239 1235 2269 nimium
1249 2237 1337 2269 codd.
1356 2250 1361 2268 2
1386 2238 1533 2268 omnium

212 2280 304 2312 Man.
413 2292 428 2320 7
454 2282 638 2312 detraxerit
659 2281 686 2309 G
781 2292 817 2319 ¹3
844 2282 978 2320 paulum
997 2280 1069 2312 Ml:
1096 2282 1242 2320 paullum
1262 2280 1336 2317 M'';
1363 2280 1532 2320 paululum

214 2323 276 2355 GR
415 2335 449 2364 ¹5
475 2325 782 2364 praetermittemus
800 2325 931 2355 Ernesti
1063 2335 1099 2364 17
1125 2325 1312 2356 resistimus
1329 2324 1361 2354 R
1494 2324 1536 2354 26

211 2369 262 2408 inJ
280 2379 322 2399 ex
343 2368 458 2399 Lamb.
479 2380 485 2398 :
509 2379 574 2399 om.
600 2367 788 2408 chscnbm‘g

1567 495 1584 527 5

1569 823 1606 846 10

1565 1149 1602 1181 Ι5

1563 1476 1602 1497 20
