1791 2796
185 151 232 186 V.
250 150 294 185 iii
616 147 672 184 M.
705 146 872 183 TVLLI
906 145 1212 185 CICERONIS

246 262 306 299 De
340 259 436 299 meis
467 260 597 306 rebus,
627 273 676 297 ne
706 258 818 298 vobis
849 258 1100 297 multitudine
1132 257 1347 296 litterarum
1380 256 1580 296 molestior

243 339 385 373 essem,
405 326 456 364 ad
478 324 649 363 Lollium
673 323 892 374 perscripsi,
914 325 964 363 de
988 323 1205 362 rationibus
1232 322 1457 374 provinciae
1483 323 1580 374 quid

242 393 383 430 vellem
424 390 520 438 fieri,
560 398 602 428 ut
642 389 672 427 is
711 403 780 427 vos
820 390 981 428 doceret
1019 397 1057 428 et
1096 390 1466 428 commonefaceret.
1539 388 1579 428 Si

242 455 402 507 poteris,
441 454 558 494 velim
598 453 802 506 pristinam
843 462 950 492 tuam
990 467 1079 504 erga
1118 467 1182 493 me
1213 455 1457 493 voluntatem
1489 467 1580 494 con-

243 535 380 560 serves,
1600 521 1617 552 5

285 701 351 737 IV
523 704 592 736 scr.
613 703 804 745 Dyrrhachi
816 704 882 736 circ.
905 715 948 736 m.
970 703 1054 745 Apr.
1076 715 1106 736 a.
1128 706 1190 745 697
1210 704 1292 746 (57).

499 787 543 818 M.
573 788 747 818 CICERO
772 788 805 818 S.
837 788 874 819 D.
905 788 945 827 Q.
976 787 1195 819 METELLO
1221 788 1320 819 COS.

207 888 224 914 1
299 877 469 916 Litterae
503 876 642 926 Quinti
682 876 805 915 fratris
837 885 875 916 et
910 879 954 915 T.
991 876 1201 928 Pomponi,
1239 876 1447 916 necessarii
1486 877 1577 925 mei,

242 950 393 981 tantum
427 941 510 992 spei
540 943 742 990 dederant,
769 950 811 981 ut
842 942 880 981 in
912 950 950 981 te
981 957 1061 982 non
1092 942 1220 981 minus
1247 942 1363 981 auxili
1389 956 1507 994 quam
1535 942 1573 981 in

240 1017 308 1048 tuo
334 1010 499 1059 conlega
526 1008 621 1046 mihi
649 1008 908 1048 constitutum
936 1008 1059 1047 fuerit.
1122 1011 1261 1059 Itaque
1290 1010 1341 1048 ad
1367 1017 1404 1047 te
1428 1009 1573 1047 litteras
1595 1023 1634 1046 ιο

240 1074 370 1113 statim
399 1073 498 1121 misi,
525 1087 593 1124 per
620 1088 728 1124 quas,
752 1082 794 1112 ut
821 1075 976 1113 fortuna
1006 1073 1242 1125 postulabat,
1272 1082 1309 1112 et
1333 1073 1473 1124 gratias
1504 1073 1573 1113 tibi

239 1140 300 1191 egi
322 1149 359 1179 et
381 1141 431 1179 de
452 1139 605 1190 reliquo
635 1147 812 1190 tempore
835 1139 1021 1178 auxilium
1050 1139 1153 1189 petii.
1215 1142 1357 1178 Postea
1379 1139 1470 1177 mihi
1494 1154 1574 1179 non

240 1215 319 1245 tam
354 1220 532 1245 meorum
564 1205 713 1245 litterae
743 1220 862 1256 quam
893 1219 1093 1244 sermones
1124 1219 1272 1252 eorum,
1304 1204 1370 1256 qui
1401 1206 1474 1244 hac
1504 1205 1575 1245 iter

240 1272 447 1319 faciebant,
466 1271 643 1310 animum
661 1279 772 1310 tuum
794 1271 1045 1310 immutatum
1068 1270 1341 1322 significabant
1357 1285 1364 1318 ;
1393 1284 1494 1320 quae
1514 1285 1573 1309 res

196 1347 219 1373 2
239 1337 330 1376 fecit
364 1345 406 1376 ut
437 1336 508 1376 tibi
538 1337 675 1376 litteris
700 1337 927 1388 obstrepere
958 1351 1037 1376 non
1068 1338 1266 1376 auderem.
1329 1338 1447 1375 Nunc
1478 1335 1572 1375 mihi
1597 1350 1632 1381 ¹5

240 1402 413 1452 Quintus
439 1404 554 1441 frater
582 1416 693 1442 meus
724 1402 971 1441 mitissimam
1001 1411 1108 1441 tuam
1136 1402 1366 1449 orationem,
1389 1415 1507 1452 quam
1533 1403 1572 1440 in

238 1476 376 1506 senatu
405 1467 622 1515 habuisseS,
655 1467 907 1519 perscripsit;
948 1481 1026 1518 qua
1053 1467 1239 1506 inductus
1265 1468 1316 1505 ad
1345 1475 1384 1505 te
1403 1466 1572 1506 scribere

238 1547 324 1571 sum
357 1541 524 1572 conatus
559 1540 596 1571 et
629 1532 700 1571 abs
735 1541 782 1579 te,
820 1541 1013 1583 quantum
1049 1540 1115 1571 tua
1146 1533 1218 1570 fert
1253 1533 1444 1578 voluntas,
1480 1540 1572 1582 peto

237 1612 477 1649 quaesoque,
511 1607 553 1636 ut
593 1607 682 1637 tuos
720 1611 1046 1654 mccumhserves
1086 1597 1216 1648 potius
1255 1611 1373 1647 quam
1409 1606 1572 1649 propter

236 1665 493 1714 adrogantem
522 1663 795 1703 crudelitatem
827 1671 984 1703 tuorum
1016 1677 1079 1702 me
1109 1676 1326 1714 oppugnes.
1386 1664 1460 1711 Tu,
1485 1671 1570 1703 tuas
1593 1681 1631 1702 20

236 1728 460 1768 inimicitias
493 1737 534 1768 ut
567 1729 621 1768 rei
652 1742 687 1780 p.
725 1730 904 1777 donares,
938 1737 976 1767 te
1010 1727 1146 1776 vicisti,
1177 1727 1324 1767 alienas
1359 1736 1401 1766 ut
1435 1736 1571 1768 contra

236 1809 316 1833 rem
348 1809 383 1845 p.
416 1796 639 1842 confirmes,
670 1794 910 1834 adduceris?
952 1795 1076 1843 Quod
1097 1794 1128 1832 si
1150 1793 1245 1832 mihi
1276 1802 1341 1832 tua
1361 1794 1571 1833 clementia

236 1873 352 1910 opem
376 1860 519 1906 tuleris,
543 1859 729 1899 omnibus
751 1859 790 1898 in
812 1860 928 1899 rebus
950 1873 1013 1898 me
1034 1861 1116 1899 fore
1138 1859 1176 1897 in
1197 1867 1264 1898 tua
1284 1867 1478 1909 potestate
1499 1859 1569 1899 tibi

235 1926 437 1963 confirmo.
499 1925 538 1963 Si
584 1925 679 1963 mihi
721 1939 850 1976 neque
900 1920 1184 1975 magistratum'
1218 1939 1347 1976 neque
1388 1932 1567 1964 senatum

235 2003 364 2039 neque
386 1991 578 2040 populum
607 1990 781 2028 auxiliari
808 1998 967 2041 propter
988 2004 1075 2029 eam
1097 1989 1187 2037 vim,
1211 2004 1311 2040 quae
1334 2004 1396 2028 me
1417 2003 1506 2029 cum
1528 2004 1567 2029 re
1589 2007 1626 2037 25

234 2068 268 2105 p.
293 2055 394 2102 vicit,
415 2055 577 2102 licuerit,
593 2055 682 2094 vide
705 2070 763 2102 ne,
781 2069 872 2094 cum
894 2055 988 2094 velis
1009 2069 1191 2095 revocare
1213 2064 1367 2106 tempus
1388 2054 1565 2094 omnium

234 2121 527 2166 servandorum,
552 2133 641 2158 cum
665 2119 731 2170 qui
753 2128 927 2158 servetur
947 2134 1027 2159 non
1049 2120 1129 2167 erit,
1154 2134 1233 2158 non
1255 2119 1392 2170 possis.

277 2234 313 2254 21
344 2224 558 2254 condonares
577 2221 824 2262 Mtrr0r11r'-L(rg.
1013 2233 1052 2261 24
1078 2223 1128 2253 sin
1148 2222 1226 2252 mihi
1245 2227 1314 2254 vell.
1463 2223 1565 2263 magi-

233 2273 358 2298 stratus
379 2267 624 2307 Mczrtyni-Lag.
696 2286 698 2288 v
763 2269 804 2296 26
828 2266 904 2296 vide
928 2276 970 2296 nc
989 2272 1058 2296 tum
1077 2266 1162 2297 velis
1186 2277 1210 2297 r.
1232 2271 1253 2296 t.
1274 2277 1302 2297 0.
1323 2267 1563 2297 servandorum

233 2322 307 2342 cum
325 2312 403 2351 quia
419 2311 475 2350 qui
494 2310 634 2351 Madvig
721 2320 760 2349 27
778 2310 1020 2340 servandorum
1040 2309 1254 2340 Lalleumnd:
1280 2310 1563 2341 reservandorum

231 2355 316 2385 codd.
336 2367 341 2384 :
369 2355 449 2394 reip.
474 2354 755 2385 reservandorum
778 2352 906 2393 Jjwcll,
925 2352 979 2383 scd
990 2353 1190 2393 probabilius
1205 2357 1250 2383 cst
1271 2364 1321 2384 rc·
1339 2364 1376 2383 cx
1392 2363 1562 2384 rc—vocare

231 2403 340 2428 onum
357 2409 420 2430 cssc
