1791 2796
552 153 664 191 EPP.
696 153 774 190 ΑΓ)
806 152 1153 191 FAMILIARES
1471 153 1638 191 XIII.x

189 278 332 315 meque
361 264 507 314 recipio
536 265 618 302 fore
647 277 738 302 eum
768 263 838 301 tibi
868 271 905 301 et
933 263 1123 313 voluptati
1151 271 1188 302 et
1216 264 1328 311 usui;
1363 278 1454 302 nam
1483 272 1521 303 et

188 332 412 369 modestum
435 329 636 368 bominem
658 341 872 378 cognosces
894 336 931 366 ct
948 330 1182 378 prudentem
1205 336 1242 367 et
1263 343 1285 367 a
1306 329 1522 379 cupiditate

188 395 296 434 omni
331 395 646 442 remotissimum,
680 402 879 444 praeterea
918 394 1049 444 magni
1088 394 1230 433 laboris
1264 408 1521 446 summaeque

188 460 411 500 industriae.

149 541 166 571 5
242 527 384 576 Neque
411 539 484 575 ego
505 527 602 564 haec
623 525 798 576 polliceri
819 526 960 572 debeo,
984 539 1085 576 quae
1106 525 1177 564 tibi
1198 526 1282 577 ipsi,
1305 540 1395 565 cum
1419 527 1519 565 bene
1537 537 1564 574 4

187 591 378 641 cognoris,
416 590 628 629 iudicanda
665 599 779 639 sunt3
823 592 893 629 sed
932 599 1064 629 tamen
1104 591 1143 629 in
1183 592 1368 630 omnibus
1408 592 1519 630 novis

186 655 533 695 coniunctionibus
571 656 731 695 interest
764 656 890 706 qualis
928 656 1075 706 primus
1114 657 1243 696 aditus
1283 657 1330 696 sit
1370 666 1407 696 et
1441 671 1518 708 qua

186 721 533 760 commendatione
554 722 664 772 quasi
690 721 886 760 amicitiae
913 723 1014 760 fores
1039 722 1262 772 aperiantur
1277 738 1285 770 3
1315 724 1423 773 quod
1445 736 1518 772 ego

187 787 246 824 his
281 786 416 825 litteris
450 788 602 825 efficere
631 786 762 834 volui3
799 787 872 826 etsi
902 786 943 826 id
977 787 1060 838 ipsa
1091 801 1159 838 per
1191 802 1232 827 se
1266 788 1517 827 necessitudo

130 864 168 886 10
187 860 419 902 quaesturae
440 852 614 891 effecisse
634 853 779 901 debet3
807 853 878 892 sed
898 860 1031 892 tamen
1059 853 1181 893 nihilo
1210 853 1401 892 infirmius
1422 854 1518 892 illud

187 918 263 956 hoc
291 917 438 956 addito.
500 919 604 957 Cura
629 917 753 968 igitur,
780 917 812 956 si
839 932 903 956 me
929 918 1027 956 tanti
1054 918 1148 957 facis
1178 919 1315 969 quanti
1340 927 1377 957 et
1394 921 1518 957 Varro

185 982 379 1022 existimat
407 990 448 1022 et
472 982 555 1034 ipse
584 983 722 1031 sentio,
745 991 787 1022 ut
812 997 931 1034 quam
961 984 1131 1034 primum
1161 984 1383 1035 intellegam
1416 986 1518 1023 hanc

186 1062 314 1087 meam
341 1048 731 1088 commendationem
752 1056 904 1087 tantum
926 1049 979 1087 illi
1002 1049 1177 1089 utilitatis
1201 1050 1377 1089 attulisse
1397 1064 1517 1101 quan-

185 1121 268 1152 tum
289 1121 327 1153 et
347 1113 430 1165 ipse
451 1114 614 1165 sperarit
631 1127 705 1153 nec
726 1127 798 1165 ego
818 1114 1042 1154 dubitarim.

127 1282 162 1314 15
227 1272 294 1308 XI
575 1275 646 1308 Scr.
668 1275 797 1308 Romae
807 1277 911 1317 paulo
922 1281 997 1318 post
1011 1281 1058 1318 ep.
1078 1288 1112 1309 x.

637 1353 813 1385 CICERO
839 1354 995 1385 BRVTO
1022 1354 1057 1386 S.

237 1431 342 1480 Quia
368 1444 524 1482 semper
548 1431 807 1470 animadverti
835 1431 1011 1471 studiose
1035 1439 1074 1471 te
1101 1445 1261 1483 operam
1283 1434 1375 1473 dare
1400 1441 1441 1472 ut
1465 1448 1514 1474 ne
1535 1444 1552 1471 1

182 1496 279 1547 quid
317 1510 495 1535 meorum
534 1496 605 1535 tibi
644 1505 746 1535 esset
785 1497 974 1547 ignotum,
1007 1505 1213 1548 propterea
1253 1512 1332 1537 non
1374 1499 1515 1538 dubito

181 1561 277 1611 quin
307 1561 405 1600 scias
435 1575 516 1600 non
543 1563 671 1600 solum
698 1561 810 1601 cuius
837 1562 1026 1612 municipi
1054 1563 1138 1611 sim,
1162 1565 1231 1602 sed
1256 1564 1373 1602 etiam
1396 1578 1514 1614 quam

123 1645 162 1666 20
182 1627 387 1677 diligenter
407 1629 555 1666 soleam
577 1641 687 1666 meos
709 1627 928 1678 municipes
945 1628 1146 1678 Arpinatis
1168 1628 1276 1667 tueri.
1334 1630 1514 1678 Quorum

181 1692 342 1742 quidem
373 1692 507 1730 omnia
544 1694 758 1732 commoda
793 1706 1011 1742 omnesque
1050 1694 1263 1740 facultates,
1299 1694 1442 1743 quibus
1476 1703 1515 1734 et

180 1771 287 1796 sacra
312 1759 507 1796 conficere
533 1765 572 1796 et
593 1766 693 1796 sarta
720 1766 823 1797 tecta
849 1758 1008 1797 aedium
1036 1772 1230 1797 sacrarum
1257 1760 1514 1811 locorumque

179 1822 453 1860 Communium
493 1823 591 1861 tueri
630 1823 792 1873 possint,
827 1823 1048 1862 consistunt
1087 1824 1126 1861 in
1165 1824 1210 1863 iis
1245 1825 1511 1875 vectigalibus,

179 1901 280 1937 quae
315 1889 462 1927 habent
493 1888 533 1926 in
564 1888 766 1939 provincia
796 1889 932 1928 Gallia.
994 1890 1059 1927 Ad
1090 1903 1135 1928 ea
1164 1889 1326 1928 visenda
1355 1891 1513 1941 pecuni-

122 1971 157 2003 25
178 1967 310 2003 asque,
333 1967 434 2003 quae
463 1968 485 1992 a
505 1955 656 1993 colonis
677 1956 882 2002 debentur,
906 1955 1116 2005 exigendas
1144 1963 1347 2006 totamque
1371 1970 1453 1995 rem
1474 1965 1512 1996 et

177 2020 495 2068 cognoscendam
521 2028 560 2059 et
578 2021 930 2060 administrandam
956 2023 1103 2072 legatos
1131 2021 1282 2072 equites
1305 2024 1526 2062 Romanos·

178 2083 366 2132 misimus,
399 2086 448 2134 Q.
482 2086 679 2124 Fufidium
715 2089 762 2136 Q.
799 2089 835 2133 f.‚
870 2089 925 2124 M.
960 2087 1149 2126 Faucium
1185 2089 1239 2125 M.
1274 2089 1310 2135 f.‚
1343 2089 1391 2136 Q.
1426 2089 1518 2131 Ma<

178 2148 366 2187 mercium
392 2150 441 2198 Q.
468 2151 490 2188 f.
551 2153 648 2190 Peto
677 2165 699 2189 a
726 2160 764 2190 te
793 2151 832 2189 in
863 2152 1051 2191 maiorem
1082 2154 1247 2191 modum
1277 2166 1347 2202 pro
1377 2160 1508 2191 nostra
1527 2164 1552 2191 2

178 2214 468 2254 necessitudine
495 2222 538 2253 ut
561 2215 634 2254 ,tibi
662 2230 708 2254 ea
734 2230 793 2255 res
820 2230 936 2255 curae
957 2217 1005 2255 sit
1026 2231 1267 2268 operamque
1288 2219 1358 2255 des
1379 2225 1420 2255 ut
1442 2231 1509 2267 per

119 2294 159 2325 30
178 2286 216 2317 te
245 2292 364 2329 quam
398 2280 719 2319 commodissime
757 2281 959 2331 negotium
994 2282 1183 2332 municipi
1217 2282 1509 2321 administretur

221 2394 240 2414 2
264 2385 447 2424 pudentem
468 2384 634 2416 Corradus
751 2396 794 2417 20
816 2386 993 2426 Arpinatis
1010 2386 1069 2418 del.
1090 2386 1183 2418 Bake
1300 2397 1339 2426 27
1367 2386 1509 2418 Mamer-

179 2437 254 2458 cum
272 2432 357 2468 vett„
377 2428 485 2468 sedcfi
508 2428 543 2460 C.
563 2429 590 2460 I.
611 2427 652 2460 L.
674 2428 718 2461 ix.
739 2431 813 2469 668,
835 2440 919 2470 1159
