<?xml version="1.0" encoding="UTF-8"?>
<!DOCTYPE html PUBLIC "-//W3C//DTD XHTML 1.0 Transitional//EN"
    "http://www.w3.org/TR/xhtml1/DTD/xhtml1-transitional.dtd">
<html xmlns="http://www.w3.org/1999/xhtml" xml:lang="en" lang="en">
 <head>
  <title>
</title>
<meta http-equiv="Content-Type" content="text/html;charset=utf-8" />
  <meta name='ocr-system' content='tesseract 3.04.00' />
  <meta name='ocr-capabilities' content='ocr_page ocr_carea ocr_par ocr_line ocrx_word'/>
</head>
<body>
  <div class='ocr_page' id='page_1' title='image "./epistulaerecogno01ciceuoft_0321.png"; bbox 0 0 1791 2796; ppageno 0'>
   <div class='ocr_carea' id='block_1_1' title="bbox 572 153 1666 192">
    <p class='ocr_par' dir='ltr' id='par_1_1' title="bbox 572 153 1666 192">
     <span class='ocr_line' id='line_1_1' title="bbox 572 153 1666 192; baseline -0.002 0"><span class='ocrx_word' id='word_1_1' title='bbox 572 155 683 192; x_wconf 81' lang='lat' dir='ltr'>EPP.</span> <span class='ocrx_word' id='word_1_2' title='bbox 717 155 794 192; x_wconf 81' lang='lat' dir='ltr'>AD</span> <span class='ocrx_word' id='word_1_3' title='bbox 826 153 1174 191; x_wconf 79' lang='lat' dir='ltr'><strong>FAMILIARES</strong></span> <span class='ocrx_word' id='word_1_4' title='bbox 1508 154 1555 191; x_wconf 87' lang='lat' dir='ltr'>X.</span> <span class='ocrx_word' id='word_1_5' title='bbox 1576 163 1666 190; x_wconf 85' lang='lat' dir='ltr'>xxv</span> 
     </span>
    </p>
   </div>
   <div class='ocr_carea' id='block_1_2' title="bbox 135 264 1577 1953">
    <p class='ocr_par' dir='ltr' id='par_1_2' title="bbox 135 264 1577 1953">
     <span class='ocr_line' id='line_1_2' title="bbox 204 264 1533 317; baseline -0.004 -10"><span class='ocrx_word' id='word_1_6' title='bbox 204 267 310 307; x_wconf 87' lang='lat' dir='ltr'>enim</span> <span class='ocrx_word' id='word_1_7' title='bbox 350 275 386 306; x_wconf 89' lang='lat' dir='ltr'>te</span> <span class='ocrx_word' id='word_1_8' title='bbox 422 267 596 317; x_wconf 85' lang='lat' dir='ltr'>ignorare</span> <span class='ocrx_word' id='word_1_9' title='bbox 629 274 815 317; x_wconf 86' lang='lat' dir='ltr'>quantam</span> <span class='ocrx_word' id='word_1_10' title='bbox 851 266 1008 304; x_wconf 89' lang='lat' dir='ltr'>laudem</span> <span class='ocrx_word' id='word_1_11' title='bbox 1045 272 1280 304; x_wconf 83' lang='lat' dir='ltr'>consecutus</span> <span class='ocrx_word' id='word_1_12' title='bbox 1314 264 1390 313; x_wconf 88' lang='lat' dir='ltr'>sis;</span> <span class='ocrx_word' id='word_1_13' title='bbox 1438 264 1533 303; x_wconf 88' lang='lat' dir='ltr'>mihi</span> 
     </span>
     <span class='ocr_line' id='line_1_3' title="bbox 204 330 1535 383; baseline -0.002 -11"><span class='ocrx_word' id='word_1_14' title='bbox 204 334 333 381; x_wconf 82' lang='lat' dir='ltr'>crede,</span> <span class='ocrx_word' id='word_1_15' title='bbox 366 332 581 383; x_wconf 82' lang='lat' dir='ltr'>proximam</span> <span class='ocrx_word' id='word_1_16' title='bbox 614 333 775 378; x_wconf 83' lang='lat' dir='ltr'>Planco,</span> <span class='ocrx_word' id='word_1_17' title='bbox 807 330 927 381; x_wconf 89' lang='lat' dir='ltr'>idque</span> <span class='ocrx_word' id='word_1_18' title='bbox 961 330 1082 380; x_wconf 80' lang='lat' dir='ltr'>ipsius</span> <span class='ocrx_word' id='word_1_19' title='bbox 1118 331 1252 369; x_wconf 82' lang='lat' dir='ltr'>Planci</span> <span class='ocrx_word' id='word_1_20' title='bbox 1292 330 1535 377; x_wconf 85' lang='lat' dir='ltr'>testimonio,</span> 
     </span>
     <span class='ocr_line' id='line_1_4' title="bbox 203 395 1577 449; baseline -0.001 -12"><span class='ocrx_word' id='word_1_21' title='bbox 203 406 403 449; x_wconf 87' lang='lat' dir='ltr'>praeterea</span> <span class='ocrx_word' id='word_1_22' title='bbox 441 399 543 436; x_wconf 86' lang='lat' dir='ltr'>fama</span> <span class='ocrx_word' id='word_1_23' title='bbox 582 396 825 446; x_wconf 78' lang='lat' dir='ltr'>scientiaque</span> <span class='ocrx_word' id='word_1_24' title='bbox 864 396 1053 435; x_wconf 90' lang='lat' dir='ltr'>omnium.</span> <span class='ocrx_word' id='word_1_25' title='bbox 1115 398 1246 445; x_wconf 83' lang='lat' dir='ltr'>Quam</span> <span class='ocrx_word' id='word_1_26' title='bbox 1286 396 1337 434; x_wconf 89' lang='lat' dir='ltr'>ob</span> <span class='ocrx_word' id='word_1_27' title='bbox 1373 410 1468 443; x_wconf 82' lang='lat' dir='ltr'>rem,</span> <span class='ocrx_word' id='word_1_28' title='bbox 1503 395 1577 435; x_wconf 88' lang='lat' dir='ltr'>si2</span> 
     </span>
     <span class='ocr_line' id='line_1_5' title="bbox 203 461 1534 514; baseline -0.004 -11"><span class='ocrx_word' id='word_1_29' title='bbox 203 464 299 514; x_wconf 89' lang='lat' dir='ltr'>quid</span> <span class='ocrx_word' id='word_1_30' title='bbox 321 464 448 514; x_wconf 91' lang='lat' dir='ltr'>operis</span> <span class='ocrx_word' id='word_1_31' title='bbox 470 464 539 502; x_wconf 90' lang='lat' dir='ltr'>tibi</span> <span class='ocrx_word' id='word_1_32' title='bbox 568 463 685 502; x_wconf 86' lang='lat' dir='ltr'>etiam</span> <span class='ocrx_word' id='word_1_33' title='bbox 713 476 818 501; x_wconf 91' lang='lat' dir='ltr'>nunc</span> <span class='ocrx_word' id='word_1_34' title='bbox 845 469 977 509; x_wconf 78' lang='lat' dir='ltr'>restat,</span> <span class='ocrx_word' id='word_1_35' title='bbox 997 461 1037 500; x_wconf 91' lang='lat' dir='ltr'>id</span> <span class='ocrx_word' id='word_1_36' title='bbox 1060 461 1230 500; x_wconf 82' lang='lat' dir='ltr'>maximo</span> <span class='ocrx_word' id='word_1_37' title='bbox 1251 475 1368 511; x_wconf 77' lang='lat' dir='ltr'>opere</span> <span class='ocrx_word' id='word_1_38' title='bbox 1389 474 1534 499; x_wconf 81' lang='lat' dir='ltr'>censeo</span> 
     </span>
     <span class='ocr_line' id='line_1_6' title="bbox 163 526 1534 580; baseline -0.004 -12"><span class='ocrx_word' id='word_1_39' title='bbox 163 543 180 575; x_wconf 81' lang='lat'><strong><em>5</em></strong></span> <span class='ocrx_word' id='word_1_40' title='bbox 203 531 548 580; x_wconf 87' lang='lat' dir='ltr'>persequendum;</span> <span class='ocrx_word' id='word_1_41' title='bbox 589 528 684 578; x_wconf 91' lang='lat' dir='ltr'>quid</span> <span class='ocrx_word' id='word_1_42' title='bbox 724 527 829 566; x_wconf 88' lang='lat' dir='ltr'>enim</span> <span class='ocrx_word' id='word_1_43' title='bbox 869 528 1083 573; x_wconf 80' lang='lat' dir='ltr'>honestius,</span> <span class='ocrx_word' id='word_1_44' title='bbox 1125 534 1192 564; x_wconf 91' lang='lat' dir='ltr'>aut</span> <span class='ocrx_word' id='word_1_45' title='bbox 1231 526 1326 575; x_wconf 87' lang='lat' dir='ltr'>quid</span> <span class='ocrx_word' id='word_1_46' title='bbox 1367 527 1534 563; x_wconf 76' lang='lat' dir='ltr'>honesto</span> 
     </span>
     <span class='ocr_line' id='line_1_7' title="bbox 201 591 1534 645; baseline -0.003 -12"><span class='ocrx_word' id='word_1_47' title='bbox 201 596 557 645; x_wconf 88' lang='lat' dir='ltr'>anteponendum?</span> <span class='ocrx_word' id='word_1_48' title='bbox 628 594 696 633; x_wconf 87' lang='lat' dir='ltr'>Sin</span> <span class='ocrx_word' id='word_1_49' title='bbox 735 601 867 632; x_wconf 89' lang='lat' dir='ltr'>autem</span> <span class='ocrx_word' id='word_1_50' title='bbox 914 593 1005 632; x_wconf 83' lang='lat' dir='ltr'>satis</span> <span class='ocrx_word' id='word_1_51' title='bbox 1051 594 1198 631; x_wconf 86' lang='lat' dir='ltr'>factum</span> <span class='ocrx_word' id='word_1_52' title='bbox 1237 591 1290 630; x_wconf 88' lang='lat' dir='ltr'>rei</span> <span class='ocrx_word' id='word_1_53' title='bbox 1329 606 1364 642; x_wconf 88' lang='lat' dir='ltr'>p.</span> <span class='ocrx_word' id='word_1_54' title='bbox 1407 599 1534 641; x_wconf 87' lang='lat' dir='ltr'>putas,</span> 
     </span>
     <span class='ocr_line' id='line_1_8' title="bbox 201 656 1534 710; baseline -0.004 -11"><span class='ocrx_word' id='word_1_55' title='bbox 201 661 376 699; x_wconf 75' lang='lat' dir='ltr'>celeriter</span> <span class='ocrx_word' id='word_1_56' title='bbox 395 662 446 699; x_wconf 87' lang='lat' dir='ltr'>ad</span> <span class='ocrx_word' id='word_1_57' title='bbox 467 661 636 707; x_wconf 90' lang='lat' dir='ltr'>comitia,</span> <span class='ocrx_word' id='word_1_58' title='bbox 653 660 841 710; x_wconf 85' lang='lat' dir='ltr'>quoniam</span> <span class='ocrx_word' id='word_1_59' title='bbox 859 666 1008 697; x_wconf 88' lang='lat' dir='ltr'>mature</span> <span class='ocrx_word' id='word_1_60' title='bbox 1029 660 1157 696; x_wconf 88' lang='lat' dir='ltr'>futura</span> <span class='ocrx_word' id='word_1_61' title='bbox 1177 665 1281 704; x_wconf 84' lang='lat' dir='ltr'>sunt,</span> <span class='ocrx_word' id='word_1_62' title='bbox 1294 656 1534 695; x_wconf 80' lang='lat' dir='ltr'>veniendum</span> 
     </span>
     <span class='ocr_line' id='line_1_9' title="bbox 201 721 1535 777; baseline -0.004 -13"><span class='ocrx_word' id='word_1_63' title='bbox 201 739 355 773; x_wconf 88' lang='lat' dir='ltr'>censeo,</span> <span class='ocrx_word' id='word_1_64' title='bbox 397 727 492 764; x_wconf 90' lang='lat' dir='ltr'>dum</span> <span class='ocrx_word' id='word_1_65' title='bbox 533 727 654 764; x_wconf 87' lang='lat' dir='ltr'>modo</span> <span class='ocrx_word' id='word_1_66' title='bbox 693 739 742 764; x_wconf 91' lang='lat' dir='ltr'>ne</span> <span class='ocrx_word' id='word_1_67' title='bbox 783 723 912 777; x_wconf 88' lang='lat' dir='ltr'>[quid]</span> <span class='ocrx_word' id='word_1_68' title='bbox 953 725 1049 762; x_wconf 86' lang='lat' dir='ltr'>haec</span> <span class='ocrx_word' id='word_1_69' title='bbox 1088 722 1298 761; x_wconf 85' lang='lat' dir='ltr'>ambitiosa</span> <span class='ocrx_word' id='word_1_70' title='bbox 1336 721 1535 760; x_wconf 76' lang='lat' dir='ltr'>festinatio</span> 
     </span>
     <span class='ocr_line' id='line_1_10' title="bbox 201 786 1531 841; baseline -0.004 -12"><span class='ocrx_word' id='word_1_71' title='bbox 201 791 349 841; x_wconf 86' lang='lat' dir='ltr'>aliquid</span> <span class='ocrx_word' id='word_1_72' title='bbox 371 790 577 829; x_wconf 78' lang='lat' dir='ltr'>imminuat</span> <span class='ocrx_word' id='word_1_73' title='bbox 593 791 675 829; x_wconf 87' lang='lat' dir='ltr'>eius</span> <span class='ocrx_word' id='word_1_74' title='bbox 691 790 849 841; x_wconf 80' lang='lat' dir='ltr'>gloriae,</span> <span class='ocrx_word' id='word_1_75' title='bbox 866 803 984 840; x_wconf 89' lang='lat' dir='ltr'>quam</span> <span class='ocrx_word' id='word_1_76' title='bbox 1002 788 1204 827; x_wconf 78' lang='lat' dir='ltr'>consecuti</span> <span class='ocrx_word' id='word_1_77' title='bbox 1225 800 1371 825; x_wconf 88' lang='lat' dir='ltr'>sumus.</span> <span class='ocrx_word' id='word_1_78' title='bbox 1415 786 1531 825; x_wconf 87' lang='lat' dir='ltr'>Multi</span> 
     </span>
     <span class='ocr_line' id='line_1_11' title="bbox 143 852 1531 906; baseline -0.004 -11"><span class='ocrx_word' id='word_1_79' title='bbox 143 869 181 891; x_wconf 89' lang='lat'>10</span> <span class='ocrx_word' id='word_1_80' title='bbox 201 857 403 895; x_wconf 76' lang='lat' dir='ltr'>clarissimi</span> <span class='ocrx_word' id='word_1_81' title='bbox 428 856 510 903; x_wconf 82' lang='lat' dir='ltr'>viri,</span> <span class='ocrx_word' id='word_1_82' title='bbox 532 870 622 895; x_wconf 91' lang='lat' dir='ltr'>cum</span> <span class='ocrx_word' id='word_1_83' title='bbox 650 856 703 895; x_wconf 88' lang='lat' dir='ltr'>rei</span> <span class='ocrx_word' id='word_1_84' title='bbox 731 870 766 906; x_wconf 90' lang='lat' dir='ltr'>p.</span> <span class='ocrx_word' id='word_1_85' title='bbox 790 857 929 894; x_wconf 87' lang='lat' dir='ltr'>darent</span> <span class='ocrx_word' id='word_1_86' title='bbox 954 867 1128 905; x_wconf 78' lang='lat' dir='ltr'>operam,</span> <span class='ocrx_word' id='word_1_87' title='bbox 1154 867 1303 891; x_wconf 86' lang='lat' dir='ltr'>annum</span> <span class='ocrx_word' id='word_1_88' title='bbox 1331 852 1531 903; x_wconf 75' lang='lat' dir='ltr'>petitionis</span> 
     </span>
     <span class='ocr_line' id='line_1_12' title="bbox 200 919 1530 971; baseline -0.005 -10"><span class='ocrx_word' id='word_1_89' title='bbox 200 936 293 961; x_wconf 87' lang='lat' dir='ltr'>suae</span> <span class='ocrx_word' id='word_1_90' title='bbox 314 936 394 961; x_wconf 91' lang='lat' dir='ltr'>non</span> <span class='ocrx_word' id='word_1_91' title='bbox 416 922 607 961; x_wconf 87' lang='lat' dir='ltr'>obierunt.</span> <span class='ocrx_word' id='word_1_92' title='bbox 670 922 791 971; x_wconf 82' lang='lat' dir='ltr'>Quod</span> <span class='ocrx_word' id='word_1_93' title='bbox 823 935 871 960; x_wconf 91' lang='lat' dir='ltr'>eo</span> <span class='ocrx_word' id='word_1_94' title='bbox 898 920 1048 960; x_wconf 79' lang='lat' dir='ltr'>facilius</span> <span class='ocrx_word' id='word_1_95' title='bbox 1076 920 1190 958; x_wconf 90' lang='lat' dir='ltr'>nobis</span> <span class='ocrx_word' id='word_1_96' title='bbox 1219 927 1289 965; x_wconf 80' lang='lat' dir='ltr'>est,</span> <span class='ocrx_word' id='word_1_97' title='bbox 1317 919 1425 968; x_wconf 90' lang='lat' dir='ltr'>quod</span> <span class='ocrx_word' id='word_1_98' title='bbox 1450 931 1530 956; x_wconf 93' lang='lat' dir='ltr'>non</span> 
     </span>
     <span class='ocr_line' id='line_1_13' title="bbox 199 983 1531 1035; baseline -0.005 -9"><span class='ocrx_word' id='word_1_99' title='bbox 199 996 257 1026; x_wconf 90' lang='lat' dir='ltr'>est</span> <span class='ocrx_word' id='word_1_100' title='bbox 295 1001 422 1026; x_wconf 87' lang='lat' dir='ltr'>annus</span> <span class='ocrx_word' id='word_1_101' title='bbox 461 987 524 1026; x_wconf 87' lang='lat' dir='ltr'>hic</span> <span class='ocrx_word' id='word_1_102' title='bbox 564 987 634 1026; x_wconf 83' lang='lat' dir='ltr'>tibi</span> <span class='ocrx_word' id='word_1_103' title='bbox 674 987 902 1035; x_wconf 84' lang='lat' dir='ltr'>destinatus,</span> <span class='ocrx_word' id='word_1_104' title='bbox 937 994 990 1034; x_wconf 84' lang='lat' dir='ltr'>ut,</span> <span class='ocrx_word' id='word_1_105' title='bbox 1024 985 1055 1023; x_wconf 88' lang='lat' dir='ltr'>si</span> <span class='ocrx_word' id='word_1_106' title='bbox 1086 985 1224 1024; x_wconf 81' lang='lat' dir='ltr'>aedilis</span> <span class='ocrx_word' id='word_1_107' title='bbox 1257 983 1408 1031; x_wconf 78' lang='lat' dir='ltr'>fuisses,</span> <span class='ocrx_word' id='word_1_108' title='bbox 1442 990 1531 1033; x_wconf 75' lang='lat' dir='ltr'>post</span> 
     </span>
     <span class='ocr_line' id='line_1_14' title="bbox 200 1049 1531 1101; baseline -0.003 -10"><span class='ocrx_word' id='word_1_109' title='bbox 200 1053 404 1092; x_wconf 83' lang='lat' dir='ltr'>biennium</span> <span class='ocrx_word' id='word_1_110' title='bbox 444 1061 533 1091; x_wconf 87' lang='lat' dir='ltr'>tuus</span> <span class='ocrx_word' id='word_1_111' title='bbox 572 1067 698 1092; x_wconf 88' lang='lat' dir='ltr'>annus</span> <span class='ocrx_word' id='word_1_112' title='bbox 741 1060 853 1092; x_wconf 88' lang='lat' dir='ltr'>esset.</span> <span class='ocrx_word' id='word_1_113' title='bbox 929 1053 1047 1091; x_wconf 92' lang='lat' dir='ltr'>Nunc</span> <span class='ocrx_word' id='word_1_114' title='bbox 1087 1050 1184 1089; x_wconf 86' lang='lat' dir='ltr'>nibil</span> <span class='ocrx_word' id='word_1_115' title='bbox 1223 1049 1531 1101; x_wconf 78' lang='lat' dir='ltr'>praetermittere</span> 
     </span>
     <span class='ocr_line' id='line_1_15' title="bbox 199 1116 1527 1168; baseline -0.004 -11"><span class='ocrx_word' id='word_1_116' title='bbox 199 1119 384 1157; x_wconf 86' lang='lat' dir='ltr'>videbere</span> <span class='ocrx_word' id='word_1_117' title='bbox 416 1118 545 1157; x_wconf 89' lang='lat' dir='ltr'>usitati</span> <span class='ocrx_word' id='word_1_118' title='bbox 578 1126 615 1156; x_wconf 93' lang='lat' dir='ltr'>et</span> <span class='ocrx_word' id='word_1_119' title='bbox 648 1118 758 1168; x_wconf 90' lang='lat' dir='ltr'>quasi</span> <span class='ocrx_word' id='word_1_120' title='bbox 791 1118 952 1168; x_wconf 84' lang='lat' dir='ltr'>legitimi</span> <span class='ocrx_word' id='word_1_121' title='bbox 992 1117 1179 1167; x_wconf 88' lang='lat' dir='ltr'>temporis</span> <span class='ocrx_word' id='word_1_122' title='bbox 1214 1118 1265 1154; x_wconf 85' lang='lat' dir='ltr'>ad</span> <span class='ocrx_word' id='word_1_123' title='bbox 1299 1116 1527 1166; x_wconf 88' lang='lat' dir='ltr'>petendum.</span> 
     </span>
     <span class='ocr_line' id='line_1_16' title="bbox 141 1181 1532 1230; baseline -0.003 -8"><span class='ocrx_word' id='word_1_124' title='bbox 141 1195 176 1227; x_wconf 88' lang='lat'>15</span> <span class='ocrx_word' id='word_1_125' title='bbox 200 1184 329 1222; x_wconf 74' lang='lat' dir='ltr'>Video</span> <span class='ocrx_word' id='word_1_126' title='bbox 350 1191 482 1222; x_wconf 88' lang='lat' dir='ltr'>autem</span> <span class='ocrx_word' id='word_1_127' title='bbox 511 1185 658 1222; x_wconf 82' lang='lat' dir='ltr'>Planco</span> <span class='ocrx_word' id='word_1_128' title='bbox 679 1197 773 1229; x_wconf 70' lang='lat' dir='ltr'>cos,</span> <span class='ocrx_word' id='word_1_129' title='bbox 794 1183 865 1222; x_wconf 88' lang='lat' dir='ltr'>etsi</span> <span class='ocrx_word' id='word_1_130' title='bbox 893 1182 1010 1222; x_wconf 88' lang='lat' dir='ltr'>etiam</span> <span class='ocrx_word' id='word_1_131' title='bbox 1038 1184 1121 1220; x_wconf 89' lang='lat' dir='ltr'>sine</span> <span class='ocrx_word' id='word_1_132' title='bbox 1148 1196 1195 1220; x_wconf 90' lang='lat' dir='ltr'>eo</span> <span class='ocrx_word' id='word_1_133' title='bbox 1223 1181 1392 1219; x_wconf 86' lang='lat' dir='ltr'>rationes</span> <span class='ocrx_word' id='word_1_134' title='bbox 1420 1194 1532 1230; x_wconf 80' lang='lat' dir='ltr'>expe-</span> 
     </span>
     <span class='ocr_line' id='line_1_17' title="bbox 199 1245 1529 1299; baseline -0.004 -11"><span class='ocrx_word' id='word_1_135' title='bbox 199 1250 298 1288; x_wconf 88' lang='lat' dir='ltr'>ditas</span> <span class='ocrx_word' id='word_1_136' title='bbox 339 1250 512 1295; x_wconf 87' lang='lat' dir='ltr'>haberes,</span> <span class='ocrx_word' id='word_1_137' title='bbox 550 1257 682 1287; x_wconf 87' lang='lat' dir='ltr'>tamen</span> <span class='ocrx_word' id='word_1_138' title='bbox 723 1249 1030 1299; x_wconf 82' lang='lat' dir='ltr'>splendidiorem</span> <span class='ocrx_word' id='word_1_139' title='bbox 1070 1247 1301 1298; x_wconf 87' lang='lat' dir='ltr'>petitionem</span> <span class='ocrx_word' id='word_1_140' title='bbox 1341 1254 1462 1293; x_wconf 77' lang='lat' dir='ltr'>tuam,</span> <span class='ocrx_word' id='word_1_141' title='bbox 1497 1245 1529 1283; x_wconf 89' lang='lat' dir='ltr'>si</span> 
     </span>
     <span class='ocr_line' id='line_1_18' title="bbox 198 1312 1571 1362; baseline -0.001 -10"><span class='ocrx_word' id='word_1_142' title='bbox 198 1317 318 1353; x_wconf 86' lang='lat' dir='ltr'>modo</span> <span class='ocrx_word' id='word_1_143' title='bbox 339 1315 411 1353; x_wconf 86' lang='lat' dir='ltr'>ista</span> <span class='ocrx_word' id='word_1_144' title='bbox 431 1329 478 1353; x_wconf 82' lang='lat' dir='ltr'>ex</span> <span class='ocrx_word' id='word_1_145' title='bbox 498 1315 691 1353; x_wconf 83' lang='lat' dir='ltr'>sententia</span> <span class='ocrx_word' id='word_1_146' title='bbox 712 1316 892 1353; x_wconf 86' lang='lat' dir='ltr'>confecta</span> <span class='ocrx_word' id='word_1_147' title='bbox 912 1321 1052 1352; x_wconf 85' lang='lat' dir='ltr'>essent.</span> <span class='ocrx_word' id='word_1_148' title='bbox 1112 1312 1289 1351; x_wconf 90' lang='lat' dir='ltr'>Omnino</span> <span class='ocrx_word' id='word_1_149' title='bbox 1321 1313 1430 1362; x_wconf 88' lang='lat' dir='ltr'>plura</span> <span class='ocrx_word' id='word_1_150' title='bbox 1466 1324 1528 1350; x_wconf 87' lang='lat' dir='ltr'>me</span> <span class='ocrx_word' id='word_1_151' title='bbox 1547 1316 1571 1353; x_wconf 93' lang='lat'><strong>3</strong></span> 
     </span>
     <span class='ocr_line' id='line_1_19' title="bbox 197 1377 1528 1427; baseline -0.003 -9"><span class='ocrx_word' id='word_1_152' title='bbox 197 1380 376 1426; x_wconf 88' lang='lat' dir='ltr'>scribere,</span> <span class='ocrx_word' id='word_1_153' title='bbox 399 1394 490 1418; x_wconf 92' lang='lat' dir='ltr'>cum</span> <span class='ocrx_word' id='word_1_154' title='bbox 511 1388 623 1418; x_wconf 88' lang='lat' dir='ltr'>tuum</span> <span class='ocrx_word' id='word_1_155' title='bbox 646 1388 797 1418; x_wconf 88' lang='lat' dir='ltr'>tantum</span> <span class='ocrx_word' id='word_1_156' title='bbox 826 1379 1035 1418; x_wconf 83' lang='lat' dir='ltr'>consilium</span> <span class='ocrx_word' id='word_1_157' title='bbox 1061 1377 1331 1427; x_wconf 87' lang='lat' dir='ltr'>iudiciumque</span> <span class='ocrx_word' id='word_1_158' title='bbox 1362 1377 1420 1424; x_wconf 88' lang='lat' dir='ltr'>sit,</span> <span class='ocrx_word' id='word_1_159' title='bbox 1448 1390 1528 1415; x_wconf 90' lang='lat' dir='ltr'>non</span> 
     </span>
     <span class='ocr_line' id='line_1_20' title="bbox 197 1441 1528 1492; baseline -0.003 -9"><span class='ocrx_word' id='word_1_160' title='bbox 197 1449 250 1483; x_wconf 86' lang='lat' dir='ltr'>ita</span> <span class='ocrx_word' id='word_1_161' title='bbox 282 1459 442 1484; x_wconf 88' lang='lat' dir='ltr'>necesse</span> <span class='ocrx_word' id='word_1_162' title='bbox 476 1445 713 1492; x_wconf 81' lang='lat' dir='ltr'>arbitrabar3</span> <span class='ocrx_word' id='word_1_163' title='bbox 755 1447 824 1484; x_wconf 88' lang='lat' dir='ltr'>sed</span> <span class='ocrx_word' id='word_1_164' title='bbox 858 1453 989 1483; x_wconf 87' lang='lat' dir='ltr'>tamen</span> <span class='ocrx_word' id='word_1_165' title='bbox 1025 1443 1259 1483; x_wconf 83' lang='lat' dir='ltr'>sententiam</span> <span class='ocrx_word' id='word_1_166' title='bbox 1293 1456 1422 1481; x_wconf 88' lang='lat' dir='ltr'>meam</span> <span class='ocrx_word' id='word_1_167' title='bbox 1457 1441 1528 1480; x_wconf 92' lang='lat' dir='ltr'>tibi</span> 
     </span>
     <span class='ocr_line' id='line_1_21' title="bbox 137 1507 1528 1561; baseline -0.001 -14"><span class='ocrx_word' id='word_1_168' title='bbox 137 1526 177 1547; x_wconf 87' lang='lat'>20</span> <span class='ocrx_word' id='word_1_169' title='bbox 198 1512 370 1561; x_wconf 82' lang='lat' dir='ltr'>ignotam</span> <span class='ocrx_word' id='word_1_170' title='bbox 393 1525 477 1549; x_wconf 92' lang='lat' dir='ltr'>esse</span> <span class='ocrx_word' id='word_1_171' title='bbox 498 1512 682 1550; x_wconf 85' lang='lat' dir='ltr'>nolebam</span> <span class='ocrx_word' id='word_1_172' title='bbox 701 1525 708 1557; x_wconf 83' lang='lat'><em>3</em></span> <span class='ocrx_word' id='word_1_173' title='bbox 737 1512 848 1549; x_wconf 87' lang='lat' dir='ltr'>cuius</span> <span class='ocrx_word' id='word_1_174' title='bbox 876 1521 934 1549; x_wconf 87' lang='lat' dir='ltr'>est</span> <span class='ocrx_word' id='word_1_175' title='bbox 962 1512 1058 1549; x_wconf 84' lang='lat' dir='ltr'>haec</span> <span class='ocrx_word' id='word_1_176' title='bbox 1085 1523 1253 1557; x_wconf 81' lang='lat' dir='ltr'>summa,</span> <span class='ocrx_word' id='word_1_177' title='bbox 1274 1516 1316 1546; x_wconf 90' lang='lat' dir='ltr'>ut</span> <span class='ocrx_word' id='word_1_178' title='bbox 1337 1507 1471 1547; x_wconf 88' lang='lat' dir='ltr'>omnia</span> <span class='ocrx_word' id='word_1_179' title='bbox 1492 1515 1528 1545; x_wconf 89' lang='lat' dir='ltr'>te</span> 
     </span>
     <span class='ocr_line' id='line_1_22' title="bbox 198 1575 1527 1627; baseline -0.004 -12"><span class='ocrx_word' id='word_1_180' title='bbox 198 1577 323 1616; x_wconf 87' lang='lat' dir='ltr'>metiri</span> <span class='ocrx_word' id='word_1_181' title='bbox 337 1577 526 1627; x_wconf 82' lang='lat' dir='ltr'>dignitate</span> <span class='ocrx_word' id='word_1_182' title='bbox 544 1577 677 1615; x_wconf 88' lang='lat' dir='ltr'>malim</span> <span class='ocrx_word' id='word_1_183' title='bbox 694 1590 812 1627; x_wconf 89' lang='lat' dir='ltr'>quam</span> <span class='ocrx_word' id='word_1_184' title='bbox 830 1576 1047 1615; x_wconf 84' lang='lat' dir='ltr'>ambitione</span> <span class='ocrx_word' id='word_1_185' title='bbox 1069 1575 1336 1624; x_wconf 87' lang='lat' dir='ltr'>maioremque</span> <span class='ocrx_word' id='word_1_186' title='bbox 1358 1575 1527 1611; x_wconf 89' lang='lat' dir='ltr'>fructum</span> 
     </span>
     <span class='ocr_line' id='line_1_23' title="bbox 196 1641 1523 1693; baseline -0.003 -12"><span class='ocrx_word' id='word_1_187' title='bbox 196 1656 342 1693; x_wconf 90' lang='lat' dir='ltr'>ponere</span> <span class='ocrx_word' id='word_1_188' title='bbox 363 1642 402 1680; x_wconf 92' lang='lat' dir='ltr'>in</span> <span class='ocrx_word' id='word_1_189' title='bbox 424 1642 683 1693; x_wconf 83' lang='lat' dir='ltr'>perpetuitate</span> <span class='ocrx_word' id='word_1_190' title='bbox 711 1642 837 1681; x_wconf 88' lang='lat' dir='ltr'>laudis</span> <span class='ocrx_word' id='word_1_191' title='bbox 867 1655 985 1692; x_wconf 87' lang='lat' dir='ltr'>quam</span> <span class='ocrx_word' id='word_1_192' title='bbox 1014 1641 1052 1678; x_wconf 93' lang='lat' dir='ltr'>in</span> <span class='ocrx_word' id='word_1_193' title='bbox 1083 1641 1279 1679; x_wconf 88' lang='lat' dir='ltr'>celeritate</span> <span class='ocrx_word' id='word_1_194' title='bbox 1309 1646 1523 1690; x_wconf 90' lang='lat' dir='ltr'>praeturae.</span> 
     </span>
     <span class='ocr_line' id='line_1_24' title="bbox 197 1705 1526 1754; baseline -0.003 -8"><span class='ocrx_word' id='word_1_195' title='bbox 197 1710 311 1746; x_wconf 84' lang='lat' dir='ltr'>Haec</span> <span class='ocrx_word' id='word_1_196' title='bbox 332 1709 471 1746; x_wconf 87' lang='lat' dir='ltr'>eadem</span> <span class='ocrx_word' id='word_1_197' title='bbox 494 1710 647 1746; x_wconf 89' lang='lat' dir='ltr'>locutus</span> <span class='ocrx_word' id='word_1_198' title='bbox 664 1721 750 1745; x_wconf 89' lang='lat' dir='ltr'>sum</span> <span class='ocrx_word' id='word_1_199' title='bbox 768 1708 875 1746; x_wconf 91' lang='lat' dir='ltr'>domi</span> <span class='ocrx_word' id='word_1_200' title='bbox 899 1720 1011 1745; x_wconf 85' lang='lat' dir='ltr'>meae</span> <span class='ocrx_word' id='word_1_201' title='bbox 1030 1706 1210 1744; x_wconf 88' lang='lat' dir='ltr'>adhibito</span> <span class='ocrx_word' id='word_1_202' title='bbox 1225 1705 1388 1754; x_wconf 83' lang='lat' dir='ltr'>Quinto,</span> <span class='ocrx_word' id='word_1_203' title='bbox 1412 1706 1526 1743; x_wconf 90' lang='lat' dir='ltr'>fratre</span> 
     </span>
     <span class='ocr_line' id='line_1_25' title="bbox 196 1771 1523 1820; baseline -0.002 -10"><span class='ocrx_word' id='word_1_204' title='bbox 196 1787 296 1820; x_wconf 88' lang='lat' dir='ltr'>meo,</span> <span class='ocrx_word' id='word_1_205' title='bbox 316 1781 353 1811; x_wconf 89' lang='lat' dir='ltr'>et</span> <span class='ocrx_word' id='word_1_206' title='bbox 367 1773 539 1812; x_wconf 86' lang='lat' dir='ltr'>Caecina</span> <span class='ocrx_word' id='word_1_207' title='bbox 555 1781 595 1811; x_wconf 91' lang='lat' dir='ltr'>et</span> <span class='ocrx_word' id='word_1_208' title='bbox 610 1773 782 1812; x_wconf 86' lang='lat' dir='ltr'>Calvisio</span> <span class='ocrx_word' id='word_1_209' title='bbox 797 1771 1091 1810; x_wconf 78' lang='lat' dir='ltr'>studiosissimis</span> <span class='ocrx_word' id='word_1_210' title='bbox 1105 1771 1172 1818; x_wconf 83' lang='lat' dir='ltr'>tui,</span> <span class='ocrx_word' id='word_1_211' title='bbox 1189 1784 1279 1808; x_wconf 90' lang='lat' dir='ltr'>cum</span> <span class='ocrx_word' id='word_1_212' title='bbox 1303 1771 1523 1817; x_wconf 85' lang='lat' dir='ltr'>Dardanus,</span> 
     </span>
     <span class='ocr_line' id='line_1_26' title="bbox 135 1835 1525 1887; baseline -0.002 -11"><span class='ocrx_word' id='word_1_213' title='bbox 135 1849 173 1880; x_wconf 84' lang='lat'>25</span> <span class='ocrx_word' id='word_1_214' title='bbox 195 1838 356 1876; x_wconf 88' lang='lat' dir='ltr'>libertus</span> <span class='ocrx_word' id='word_1_215' title='bbox 377 1846 481 1885; x_wconf 81' lang='lat' dir='ltr'>tuus,</span> <span class='ocrx_word' id='word_1_216' title='bbox 502 1838 715 1876; x_wconf 88' lang='lat' dir='ltr'>interesset.</span> <span class='ocrx_word' id='word_1_217' title='bbox 780 1837 978 1876; x_wconf 87' lang='lat' dir='ltr'>Omnibus</span> <span class='ocrx_word' id='word_1_218' title='bbox 999 1836 1152 1887; x_wconf 87' lang='lat' dir='ltr'>probari</span> <span class='ocrx_word' id='word_1_219' title='bbox 1175 1835 1380 1886; x_wconf 85' lang='lat' dir='ltr'>videbatur</span> <span class='ocrx_word' id='word_1_220' title='bbox 1401 1835 1525 1874; x_wconf 89' lang='lat' dir='ltr'>oratio</span> 
     </span>
     <span class='ocr_line' id='line_1_27' title="bbox 196 1902 900 1953; baseline -0.001 -12"><span class='ocrx_word' id='word_1_221' title='bbox 196 1917 306 1949; x_wconf 86' lang='lat' dir='ltr'>mea;</span> <span class='ocrx_word' id='word_1_222' title='bbox 348 1904 417 1941; x_wconf 88' lang='lat' dir='ltr'>sed</span> <span class='ocrx_word' id='word_1_223' title='bbox 447 1911 488 1941; x_wconf 92' lang='lat' dir='ltr'>tu</span> <span class='ocrx_word' id='word_1_224' title='bbox 519 1903 667 1953; x_wconf 89' lang='lat' dir='ltr'>optime</span> <span class='ocrx_word' id='word_1_225' title='bbox 697 1902 900 1941; x_wconf 85' lang='lat' dir='ltr'>iudicabis.</span> 
     </span>
    </p>
   </div>
   <div class='ocr_carea' id='block_1_3' title="bbox 228 2023 1294 2130">
    <p class='ocr_par' dir='ltr' id='par_1_3' title="bbox 228 2023 1294 2130">
     <span class='ocr_line' id='line_1_28' title="bbox 228 2023 1294 2067; baseline -0.001 -9"><span class='ocrx_word' id='word_1_226' title='bbox 228 2023 380 2058; x_wconf 86' lang='lat' dir='ltr'><strong>XXVI</strong></span> <span class='ocrx_word' id='word_1_227' title='bbox 428 2026 498 2058; x_wconf 70' lang='lat' dir='ltr'>Ser.</span> <span class='ocrx_word' id='word_1_228' title='bbox 513 2026 642 2057; x_wconf 67' lang='lat' dir='ltr'>Romae</span> <span class='ocrx_word' id='word_1_229' title='bbox 654 2030 734 2057; x_wconf 74' lang='lat' dir='ltr'>inter</span> <span class='ocrx_word' id='word_1_230' title='bbox 750 2027 842 2057; x_wconf 75' lang='lat' dir='ltr'>vziiet</span> <span class='ocrx_word' id='word_1_231' title='bbox 854 2028 888 2058; x_wconf 79' lang='lat' dir='ltr'>iii</span> <span class='ocrx_word' id='word_1_232' title='bbox 903 2026 946 2057; x_wconf 91' lang='lat' dir='ltr'>K.</span> <span class='ocrx_word' id='word_1_233' title='bbox 963 2026 1075 2066; x_wconf 77' lang='lat' dir='ltr'>Quint.</span> <span class='ocrx_word' id='word_1_234' title='bbox 1092 2037 1122 2057; x_wconf 82' lang='lat' dir='ltr'>a.</span> <span class='ocrx_word' id='word_1_235' title='bbox 1140 2036 1193 2065; x_wconf 85' lang='lat'>711</span> <span class='ocrx_word' id='word_1_236' title='bbox 1212 2026 1294 2067; x_wconf 72' lang='lat'><em>(45).</em></span> 
     </span>
     <span class='ocr_line' id='line_1_29' title="bbox 527 2097 1180 2130; baseline 0 -1"><span class='ocrx_word' id='word_1_237' title='bbox 527 2098 570 2129; x_wconf 85' lang='lat' dir='ltr'>M.</span> <span class='ocrx_word' id='word_1_238' title='bbox 599 2097 773 2129; x_wconf 82' lang='lat' dir='ltr'>CICERO</span> <span class='ocrx_word' id='word_1_239' title='bbox 799 2098 832 2128; x_wconf 82' lang='lat' dir='ltr'>S.</span> <span class='ocrx_word' id='word_1_240' title='bbox 860 2097 899 2130; x_wconf 86' lang='lat' dir='ltr'>D.</span> <span class='ocrx_word' id='word_1_241' title='bbox 929 2098 965 2129; x_wconf 89' lang='lat' dir='ltr'>C.</span> <span class='ocrx_word' id='word_1_242' title='bbox 992 2097 1180 2129; x_wconf 84' lang='lat' dir='ltr'><strong>FVRNIO.</strong></span> 
     </span>
    </p>
   </div>
   <div class='ocr_carea' id='block_1_4' title="bbox 131 2170 1554 2441">
    <p class='ocr_par' dir='ltr' id='par_1_4' title="bbox 131 2170 1554 2441">
     <span class='ocr_line' id='line_1_30' title="bbox 247 2170 1554 2221; baseline -0.002 -12"><span class='ocrx_word' id='word_1_243' title='bbox 247 2171 376 2210; x_wconf 86' lang='lat' dir='ltr'>Lectis</span> <span class='ocrx_word' id='word_1_244' title='bbox 397 2171 472 2209; x_wconf 89' lang='lat' dir='ltr'>tuis</span> <span class='ocrx_word' id='word_1_245' title='bbox 494 2171 642 2217; x_wconf 80' lang='lat' dir='ltr'>litteris,</span> <span class='ocrx_word' id='word_1_246' title='bbox 663 2171 805 2221; x_wconf 84' lang='lat' dir='ltr'>quibus</span> <span class='ocrx_word' id='word_1_247' title='bbox 827 2171 1053 2209; x_wconf 87' lang='lat' dir='ltr'>declarabas</span> <span class='ocrx_word' id='word_1_248' title='bbox 1073 2178 1140 2208; x_wconf 90' lang='lat' dir='ltr'>aut</span> <span class='ocrx_word' id='word_1_249' title='bbox 1160 2170 1402 2208; x_wconf 86' lang='lat' dir='ltr'>omittendos</span> <span class='ocrx_word' id='word_1_250' title='bbox 1424 2170 1517 2207; x_wconf 88' lang='lat' dir='ltr'>Nar·</span> <span class='ocrx_word' id='word_1_251' title='bbox 1538 2174 1554 2200; x_wconf 94' lang='lat'>1</span> 
     </span>
     <span class='ocr_line' id='line_1_31' title="bbox 131 2234 1518 2287; baseline -0.004 -11"><span class='ocrx_word' id='word_1_252' title='bbox 131 2248 173 2278; x_wconf 72' lang='lat'>30</span> <span class='ocrx_word' id='word_1_253' title='bbox 192 2237 378 2276; x_wconf 88' lang='lat' dir='ltr'>bonensis</span> <span class='ocrx_word' id='word_1_254' title='bbox 405 2245 472 2275; x_wconf 87' lang='lat' dir='ltr'>aut</span> <span class='ocrx_word' id='word_1_255' title='bbox 497 2250 586 2275; x_wconf 83' lang='lat' dir='ltr'>cum</span> <span class='ocrx_word' id='word_1_256' title='bbox 617 2236 790 2287; x_wconf 88' lang='lat' dir='ltr'>periculo</span> <span class='ocrx_word' id='word_1_257' title='bbox 815 2236 1097 2283; x_wconf 85' lang='lat' dir='ltr'>dimicandum,</span> <span class='ocrx_word' id='word_1_258' title='bbox 1122 2235 1217 2274; x_wconf 89' lang='lat' dir='ltr'>illud</span> <span class='ocrx_word' id='word_1_259' title='bbox 1239 2235 1361 2285; x_wconf 81' lang='lat' dir='ltr'>magis</span> <span class='ocrx_word' id='word_1_260' title='bbox 1383 2234 1518 2281; x_wconf 84' lang='lat' dir='ltr'>timui;</span> 
     </span>
     <span class='ocr_line' id='line_1_32' title="bbox 191 2299 1518 2353; baseline -0.003 -13"><span class='ocrx_word' id='word_1_261' title='bbox 191 2303 300 2353; x_wconf 89' lang='lat' dir='ltr'>quod</span> <span class='ocrx_word' id='word_1_262' title='bbox 329 2302 492 2340; x_wconf 84' lang='lat' dir='ltr'>vitatum</span> <span class='ocrx_word' id='word_1_263' title='bbox 523 2315 603 2340; x_wconf 90' lang='lat' dir='ltr'>non</span> <span class='ocrx_word' id='word_1_264' title='bbox 634 2303 798 2340; x_wconf 88' lang='lat' dir='ltr'>moleste</span> <span class='ocrx_word' id='word_1_265' title='bbox 827 2302 919 2339; x_wconf 81' lang='lat' dir='ltr'>sero.</span> <span class='ocrx_word' id='word_1_266' title='bbox 980 2301 1100 2349; x_wconf 83' lang='lat' dir='ltr'>Quod</span> <span class='ocrx_word' id='word_1_267' title='bbox 1122 2301 1172 2338; x_wconf 91' lang='lat' dir='ltr'>de</span> <span class='ocrx_word' id='word_1_268' title='bbox 1194 2299 1328 2338; x_wconf 87' lang='lat' dir='ltr'>Planci</span> <span class='ocrx_word' id='word_1_269' title='bbox 1350 2307 1387 2337; x_wconf 90' lang='lat' dir='ltr'>et</span> <span class='ocrx_word' id='word_1_270' title='bbox 1409 2299 1518 2336; x_wconf 91' lang='lat' dir='ltr'>Bruti</span> 
     </span>
     <span class='ocr_line' id='line_1_33' title="bbox 235 2398 1516 2441; baseline -0.002 -10"><span class='ocrx_word' id='word_1_271' title='bbox 235 2412 253 2440; x_wconf 81' lang='lat'><strong>3</strong></span> <span class='ocrx_word' id='word_1_272' title='bbox 278 2402 516 2441; x_wconf 80' lang='lat' dir='ltr'>sententiaque</span> <span class='ocrx_word' id='word_1_273' title='bbox 530 2401 624 2432; x_wconf 84' lang='lat' dir='ltr'>Man.</span> <span class='ocrx_word' id='word_1_274' title='bbox 641 2412 646 2430; x_wconf 72' lang='lat' dir='ltr'>r</span> <span class='ocrx_word' id='word_1_275' title='bbox 665 2401 938 2439; x_wconf 80' lang='lat' dir='ltr'>conscientiaque</span> <span class='ocrx_word' id='word_1_276' title='bbox 952 2401 1030 2430; x_wconf 80' lang='lat' dir='ltr'>coni.</span> <span class='ocrx_word' id='word_1_277' title='bbox 1050 2399 1150 2430; x_wconf 77' lang='lat' dir='ltr'>Orelli</span> <span class='ocrx_word' id='word_1_278' title='bbox 1201 2399 1221 2428; x_wconf 88' lang='lat'>8</span> <span class='ocrx_word' id='word_1_279' title='bbox 1243 2399 1323 2437; x_wconf 91' lang='lat' dir='ltr'>quid</span> <span class='ocrx_word' id='word_1_280' title='bbox 1335 2398 1392 2428; x_wconf 82' lang='lat' dir='ltr'>del.</span> <span class='ocrx_word' id='word_1_281' title='bbox 1409 2398 1496 2438; x_wconf 82' lang='lat' dir='ltr'><em>vulg.</em></span> <span class='ocrx_word' id='word_1_282' title='bbox 1511 2410 1516 2429; x_wconf 90' lang='lat'>:</span> 
     </span>
    </p>
   </div>
   <div class='ocr_carea' id='block_1_5' title="bbox 189 2440 1520 2520">
    <p class='ocr_par' dir='ltr' id='par_1_5' title="bbox 189 2440 1520 2520">
     <span class='ocr_line' id='line_1_34' title="bbox 189 2440 1520 2516; baseline -0.003 -41"><span class='ocrx_word' id='word_1_283' title='bbox 189 2456 210 2484; x_wconf 85' lang='lat'><strong>9</strong></span> <span class='ocrx_word' id='word_1_284' title='bbox 229 2445 352 2484; x_wconf 74' lang='lat' dir='ltr'>aliquid</span> <span class='ocrx_word' id='word_1_285' title='bbox 366 2444 424 2476; x_wconf 81' lang='lat' dir='ltr'>del.</span> <span class='ocrx_word' id='word_1_286' title='bbox 439 2445 533 2476; x_wconf 81' lang='lat' dir='ltr'>Man.</span> <span class='ocrx_word' id='word_1_287' title='bbox 587 2454 623 2484; x_wconf 83' lang='lat'>15</span> <span class='ocrx_word' id='word_1_288' title='bbox 641 2445 793 2475; x_wconf 79' lang='lat' dir='ltr'>videbam</span> <span class='ocrx_word' id='word_1_289' title='bbox 810 2442 998 2484; x_wconf 66' lang='lat' dir='ltr'>lVesenbmg</span> <span class='ocrx_word' id='word_1_290' title='bbox 1041 2453 1080 2482; x_wconf 85' lang='lat'>31</span> <span class='ocrx_word' id='word_1_291' title='bbox 1102 2443 1192 2482; x_wconf 86' lang='lat' dir='ltr'>quod</span> <span class='ocrx_word' id='word_1_292' title='bbox 1204 2441 1279 2482; x_wconf 84' lang='lat' dir='ltr'>vit.]</span> <span class='ocrx_word' id='word_1_293' title='bbox 1292 2443 1354 2473; x_wconf 86' lang='lat' dir='ltr'>hoe</span> <span class='ocrx_word' id='word_1_294' title='bbox 1366 2440 1520 2516; x_wconf 52' lang='lat' dir='ltr'>viotbRost</span> 
     </span>
     <span class='ocr_line' id='line_1_35' title="bbox 233 2498 1406 2520; baseline -0.003 -1"><span class='ocrx_word' id='word_1_295' title='bbox 233 2499 296 2520; x_wconf 75' lang='grc' dir='ltr'>εις.</span> <span class='ocrx_word' id='word_1_296' title='bbox 315 2499 361 2519; x_wconf 75' lang='lat' dir='ltr'>AD</span> <span class='ocrx_word' id='word_1_297' title='bbox 379 2498 458 2519; x_wconf 78' lang='lat' dir='ltr'><strong>FAM.</strong></span> <span class='ocrx_word' id='word_1_298' title='bbox 1389 2506 1406 2515; x_wconf 80' lang='grc'>.-</span> 
     </span>
    </p>
   </div>
  </div>
 </body>
</html>
