1791 2796
170 533 188 565 5

154 870 189 891 10

589 155 699 191 ΕΗ).
734 156 810 191 ΑΙ)
843 152 1190 191 FAMILIARES
1473 154 1520 190 V.
1543 163 1606 189 xv

209 267 261 305 ob
293 280 380 304 eam
414 279 533 304 unam
562 278 731 311 causam,
761 277 879 314 quam
912 271 954 302 tu
989 263 1196 314 suspicaris
1223 270 1263 302 et
1297 263 1336 301 in
1367 277 1445 313 qua
1473 276 1537 301 me

208 331 417 370 lenissimis
441 338 480 369 et
506 329 783 369 amantissimis
804 328 932 368 verbis
962 336 1076 367 utens
1104 342 1143 367 re
1170 328 1334 378 graviter
1362 340 1535 374 accusas,

209 398 279 436 sed
306 397 426 447 quod,
449 395 550 434 illius
574 394 671 434 tanti
692 394 862 433 vulneris
883 407 984 444 quae
1008 393 1182 432 remedia
1209 407 1293 432 esse
1323 393 1534 439 debebant,

209 476 255 501 ea
302 463 408 500 nulla
455 468 554 499 sunt.
616 459 724 509 Quid
764 459 900 498 enim?
939 460 989 498 ad
1032 459 1233 498 amicosne
1281 458 1580 509 confugiam?2

211 526 484 577 Quam'multi
514 528 637 564 sunt?
674 525 885 564 habuimus
916 524 1020 564 enim
1053 527 1131 564 fere
1163 524 1410 572 eommunis,
1444 538 1538 574 quo-

209 606 295 631 rum
329 591 393 630 alii
433 590 672 638 occiderunt,
705 590 769 628 alii
811 590 945 629 nescio
980 604 1059 640 quo
1099 598 1215 641 pacto
1254 591 1535 629 obduruerunt.

209 659 361 696 Tecum
382 656 509 695 vivere
530 670 686 707 possem
705 656 890 706 equidem
913 664 950 695 et
972 655 1140 694 maxime
1161 657 1299 694 vellem
1316 671 1325 703 3
1354 662 1536 701 vetustas,

208 738 329 770 amor,
352 723 609 768 consuetudo,
628 722 758 760 studia
775 721 881 772 paria
899 736 908 769 3
939 722 1047 771 quod
1064 721 1247 767 vinclum,
1271 734 1428 771 quaeso,
1452 721 1539 759 dest

210 797 364 828 nostrae
394 787 714 827 coniunctionis?
775 790 1042 826 Possumusne
1073 786 1187 837 igitur
1216 800 1300 825 esse
1327 788 1437 824 una?
1465 799 1539 824 nec

210 869 273 893 me
297 855 454 892 hercule
485 853 668 903 intellego
700 852 796 903 quid
828 852 1041 903 impediat3
1076 853 1145 891 sed
1171 859 1274 890 certe
1302 853 1432 890 adhuc
1458 863 1539 889 non

209 920 362 967 fuimus,
397 932 487 958 cum
520 932 694 957 essemus
724 917 841 956 vicini
873 918 912 956 in
946 919 1185 964 Tusculano,
1219 917 1258 956 in
1294 918 1512 956 Puteolano
1531 931 1540 963 ;

209 999 299 1023 nam
322 985 417 1035 quid
439 984 567 1023 dicam
598 984 637 1022 in
665 984 791 1023 urbe?
820 983 859 1021 in
888 997 965 1034 qua
985 997 1074 1022 cum
1097 984 1223 1022 forum
1245 996 1457 1022 commune
1478 981 1536 1028 sit,

208 1050 385 1089 vicinitas
416 1064 497 1089 non
525 1049 739 1100 requiritur.
801 1050 879 1088 Sed
909 1063 1002 1088 casu
1030 1048 1163 1088 nescio
1193 1062 1273 1099 quo
1302 1048 1341 1086 in
1372 1062 1417 1086 ea
1446 1056 1540 1086 tem—
1560 1049 1584 1086 3

209 1130 304 1166 pora
333 1123 465 1155 nostra
485 1123 591 1154 aetas
612 1114 759 1161 incidit,
783 1122 835 1161 ut,
859 1128 950 1153 cum
978 1114 1146 1153 maxime
1167 1115 1303 1153 florere
1330 1127 1402 1152 nos
1429 1126 1540 1164 opor-

211 1189 316 1227 teret,
341 1189 422 1219 tum
450 1181 576 1219 vivere
605 1180 721 1219 etiam
751 1181 925 1231 puderet.
987 1181 1108 1229 Quod
1137 1179 1242 1218 enim
1273 1193 1358 1218 esse
1387 1187 1539 1230 poterat

210 1247 306 1285 mihi
337 1247 554 1297 perfugium
585 1246 752 1297 spoliato
782 1254 820 1284 et
849 1245 1077 1285 domesticis
1108 1254 1145 1283 et
1177 1245 1396 1284 forensibus
1431 1258 1539 1283 orna-

211 1313 352 1351 mentis
369 1321 485 1363 atque
503 1312 656 1352 solaciis
673 1315 689 1351 ?
728 1312 908 1358 Litterae,
927 1313 1055 1358 credo,
1076 1311 1218 1361 quibus
1240 1319 1327 1350 utor
1346 1310 1511 1349 adsidue
1529 1324 1539 1358 3

210 1377 305 1428 quid
337 1378 442 1416 enim
475 1377 582 1416 aliud
615 1379 740 1416 facere
775 1379 966 1428 possum?
1022 1377 1099 1415 Sed
1135 1375 1268 1415 nescio
1303 1390 1382 1426 quo
1417 1377 1538 1414 modo

210 1441 316 1492 ipsae
351 1442 438 1481 illae
473 1443 679 1482 excludere
709 1456 772 1480 me
801 1456 823 1480 a
856 1449 970 1492 portu
1004 1449 1042 1479 et
1076 1440 1252 1492 perfugio
1286 1440 1466 1479 videntur
1501 1448 1538 1479 et

153 1524 165 1544 ,ν
209 1508 320 1558 quasi
356 1508 596 1559 exprobrare,
626 1509 734 1558 quod
769 1507 807 1545 in
843 1521 888 1546 ea
921 1506 1000 1545 vita
1034 1520 1226 1553 maneam,
1260 1506 1300 1544 in
1332 1520 1409 1557 qua
1440 1506 1536 1544 nihil

209 1573 300 1612 insit
320 1574 392 1612 nisi
414 1573 642 1625 propagatio
662 1573 863 1611 miserrimi
896 1572 1092 1623 temporis.
1154 1572 1233 1611 Hic
1254 1580 1295 1611 tu
1317 1586 1379 1611 me
1399 1573 1536 1611 abesse
1555 1574 1581 1611 4

210 1640 304 1678 urbe
336 1639 494 1687 miraris,
518 1639 557 1677 in
579 1653 657 1689 qua
677 1632 819 1685 domus
840 1638 937 1676 nihil
967 1640 1161 1677 delectare
1180 1637 1314 1688 possit,
1338 1650 1535 1675 summum

209 1704 257 1742 sit
296 1705 430 1744 odium
472 1713 703 1756 temporum,
737 1704 954 1750 hominum,
987 1704 1069 1750 fori,
1099 1703 1257 1742 curiae?
1315 1705 1453 1753 Itaque
1483 1703 1538 1741 sic

209 1769 344 1808 litteris
365 1778 461 1817 utor,
486 1771 525 1808 in
548 1770 691 1820 quibus
713 1784 905 1808 consumo
926 1783 1044 1808 omne
1068 1776 1234 1819 tempus,
1258 1782 1338 1807 non
1359 1776 1401 1806 ut
1421 1769 1471 1807 ab
1492 1768 1537 1806 iis

153 1850 166 1863 ν
211 1835 447 1874 medicinam
478 1843 716 1886 perpetuam,
742 1836 811 1873 sed
841 1842 883 1872 ut
912 1833 1090 1883 exiguam
1121 1833 1361 1872 oblivionem
1391 1833 1537 1872 doloris

210 1908 350 1950 petam.
412 1901 533 1948 Quod
564 1900 595 1938 si
626 1900 666 1938 id
697 1900 910 1950 egissemus
940 1912 1012 1949 ego
1045 1906 1164 1949 atque
1194 1906 1246 1944 tu,
1279 1899 1386 1948 quod
1416 1911 1465 1936 ne
1497 1897 1536 1935 in
1556 1902 1580 1940 5

211 1974 382 2003 mentem
414 1965 574 2015 quidem
606 1965 720 2004 nobis
749 1965 930 2004 veniebat
961 1972 1119 2016 propter
1146 1963 1366 2003 cotidianos
1397 1971 1534 2011 metus,

210 2045 327 2069 omne
349 2039 503 2081 tempus
534 2045 611 2069 una
642 2031 859 2077 fuissemus,
886 2045 1013 2081 neque
1039 2044 1101 2069 me
1128 2031 1312 2069 valetudo
1334 2037 1399 2068 tua
1419 2030 1537 2068 offen-

209 2097 317 2135 deret
347 2111 475 2147 neque
497 2105 534 2136 te
561 2111 711 2135 maeror
739 2111 859 2135 meuS.
921 2097 1042 2145 Quod
1069 2103 1260 2146 quantum
1288 2094 1367 2133 fieri
1395 2094 1537 2145 poterit

256 2211 270 2239 7
296 2200 419 2231 Tecum
449 2201 561 2231 vivere
589 2211 688 2240 posse
714 2200 870 2240 equidem
898 2200 1042 2231 maxime
1069 2200 1189 2231 vellem
1220 2199 1361 2229 Lamb.:
1393 2199 1429 2229 T.
1453 2209 1481 2228 ν.
1509 2198 1536 2228 si

210 2254 345 2283 possem
364 2256 392 2275 e.
416 2254 456 2275 m.
477 2256 506 2275 v.
528 2244 668 2284 stladvtssg
793 2245 812 2274 8
836 2254 973 2284 quaeso,
995 2244 1090 2274 deest
1116 2244 1218 2273 Rost:
1249 2253 1334 2281 quas
1354 2242 1386 2272 id
1409 2247 1460 2272 est
1477 2240 1535 2271 M:

209 2288 303 2327 quasi
322 2293 373 2318 est
393 2288 455 2319 GR
565 2300 586 2327 9
610 2288 839 2318 coniunctioni
860 2288 945 2318 Crat.
1080 2297 1118 2318 21
1148 2292 1181 2317 tu
1200 2297 1252 2316 me
1272 2285 1356 2316 GR:
1383 2290 1457 2315 tuae
1477 2285 1536 2314 M:

211 2336 244 2361 tu
278 2342 330 2361 me
363 2332 404 2362 ab
436 2342 474 2362 ea
506 2331 762 2372 lllcsc11bc7g,‹jf2
792 2331 879 2361 Reid
907 2330 954 2362 ad
972 2329 1076 2361 Armi.
1107 2331 1126 2362 i.
1161 2341 1185 2361 1.
1220 2340 1259 2367 13
1290 2329 1346 2359 sed
1368 2339 1430 2359 voc.
1459 2327 1537 2358 urbs

210 2377 259 2414 (==
280 2374 402 2415 Roma)
416 2379 520 2416 paene
544 2385 662 2406 nomen
683 2375 771 2405 urbis
792 2374 1049 2406 existz’mamt'mn
1184 2384 1224 2404 22
1250 2372 1417 2403 delectare
1440 2374 1510 2402 velt.
1528 2381 1536 2401 ε

214 2418 271 2448 ἐπὶ
290 2417 377 2449 codd.
