1791 2796
224 503 241 535 5

201 831 241 854 lo

199 1482 239 1504 20

195 2131 235 2161 30

603 121 716 158 EPP.
749 120 826 157 AD
858 119 1206 156 FAMILIARES
1547 119 1577 156 I.
1601 118 1662 155 vii

263 231 436 283 gloriam,
458 233 509 270 ad
539 244 657 281 quam
686 244 708 269 a
737 229 901 281 pueritia
930 229 1195 268 inflammatus
1226 229 1343 277 fuisti,
1367 228 1475 268 omni
1503 243 1594 268 cura

262 305 381 346 atque
420 295 610 334 industria
648 308 891 345 consequare
930 294 1324 344 magnitudinemque
1362 294 1484 333 animi
1525 295 1590 342 tui,

262 375 381 412 quam
420 375 492 411 ego
531 374 685 411 semper
723 374 809 398 sum
848 360 1061 398 admiratus
1101 373 1335 410 semperque
1373 360 1511 407 amavi,
1544 374 1594 398 ne

263 439 452 475 umquam
473 425 648 464 inflectas
669 424 902 474 cuiusquam
923 424 1072 463 iniuria.
1136 426 1283 474 Magna
1304 432 1360 463 est
1386 424 1593 463 hominum

262 490 397 540 opinio
424 491 475 528 de
504 498 553 537 te,
577 503 718 540 magna
748 489 1044 528 commendatio
1075 489 1326 536 liberalitatis,
1352 503 1492 539 magna
1517 503 1594 529 me-

262 554 385 593 moria
406 556 631 593 consulatus
659 554 725 593 tui.
787 556 902 592 Haec
929 556 1106 604 profecto
1132 554 1240 593 vides
1268 562 1417 604 quanto
1444 568 1594 605 expres-

261 620 362 658 siora
389 628 618 670 quantoque
645 619 866 657 inlustriora
894 621 1023 657 sutura
1051 619 1138 666 sint,
1162 633 1253 657 cum
1280 619 1524 669 aliquantum
1547 634 1593 658 ex

261 684 461 735 provincia
480 693 599 735 atque
620 698 665 723 ex
686 684 851 735 imperio
876 684 1003 723 laudis
1030 684 1261 732 accesserit;
1292 698 1532 734 quamquam
1555 692 1592 723 te

260 750 312 788 ita
332 764 464 800 gerere
485 751 575 788 volo
596 763 697 799 quae
718 764 786 800 per
807 750 1019 788 exercitum
1046 758 1165 800 atque
1193 750 1399 800 imperium
1420 752 1591 800 gerenda

259 823 359 862 sunt,
376 823 418 854 ut
438 817 535 854 haec
556 817 681 853 multo
697 823 788 854 ante
810 815 1009 862 meditere,
1026 816 1103 854 huc
1120 823 1157 854 te
1178 829 1300 866 pares
1317 817 1413 854 haec
1431 816 1587 866 cogites,

258 882 309 919 ad
339 881 437 919 haec
465 888 504 919 te
531 894 709 919 exerceas
738 880 962 930 sentiasque
984 880 1041 932 <id
1069 881 1178 930 quod
1209 880 1300 931 quia
1327 894 1481 931 semper
1508 894 1591 931 spe-

259 946 360 993 rasti,
385 945 627 985 nonvdubito
648 945 743 996 quin
770 946 937 996 adeptus
959 945 1189 995 intellegas),
1213 954 1251 984 te
1272 945 1454 984 facillime
1475 959 1591 996 posse

259 1011 437 1050 obtinere
457 1025 655 1050 summum
676 1018 796 1061 atque
815 1010 1047 1049 altissimum
1070 1012 1234 1061 gradum
1255 1010 1431 1049 civitatis
1476 1013 1590 1060 Quae

259 1076 420 1126 quidem
438 1090 525 1114 mea
546 1076 766 1115 cohortatio
783 1089 832 1114 ne
849 1075 919 1114 tibi
940 1075 1066 1114 inanis
1082 1085 1149 1114 aut
1171 1076 1254 1114 sine
1271 1089 1387 1114 causa
1409 1084 1590 1126 suscepta

221 1161 235 1191 5
258 1140 445 1188 videatur,
469 1141 533 1179 illa
563 1155 626 1179 me
653 1141 749 1179 ratio
776 1140 908 1188 movit,
931 1148 974 1179 ut
1000 1149 1037 1179 te
1066 1154 1112 1179 ex
1141 1140 1282 1179 nostris
1310 1141 1458 1179 eventis
1486 1155 1591 1180 com-

258 1206 444 1245 munibus
474 1208 775 1246 admonendum
806 1214 995 1257 putarem,
1028 1215 1070 1245 ut
1099 1207 1379 1255 considerares,
1411 1207 1450 1246 in
1481 1207 1591 1247 omni

257 1271 405 1322 reliqua
426 1272 504 1310 vita
525 1271 668 1322 quibus
690 1273 878 1319 crederes,
903 1285 1002 1322 quos
1023 1285 1190 1311 caveres

312 1338 434 1386 Quod
466 1336 602 1375 scribis
632 1344 670 1375 te
699 1338 799 1375 velle
830 1336 939 1384 scire,
971 1336 1039 1387 qui
1074 1337 1122 1375 sit
1153 1337 1207 1375 rei
1242 1336 1423 1388 publicae
1453 1345 1586 1384 statuS,
1608 1349 1654 1378 10

257 1415 412 1440 summa
441 1402 634 1441 dissensio
664 1410 732 1448 est,
763 1403 833 1440 sed
863 1402 1066 1441 contentio
1096 1402 1251 1453 dispar,
1281 1416 1384 1450 nam,
1407 1402 1474 1453 qui
1502 1404 1588 1454 plus

257 1467 409 1517 opibus,
434 1467 561 1515 armis,
585 1466 762 1517 potentia
782 1468 923 1514 valent,
947 1467 1156 1518 perfecisse
1182 1476 1315 1506 tamen
1341 1467 1435 1505 mihi
1457 1467 1589 1506 viden-

256 1539 318 1570 tur
338 1531 501 1570 stultitia
521 1540 559 1570 et
579 1531 844 1571 inconstantia
871 1532 1192 1579 adversariorum,
1217 1541 1259 1571 ut
1283 1532 1401 1571 etiam
1425 1533 1589 1571 auctori-

255 1604 334 1635 tate
373 1596 450 1635 iam
490 1598 577 1646 plus
616 1599 799 1635 valerent.
866 1598 1007 1647 Itaque
1046 1597 1250 1648 perpaucis
1289 1598 1588 1636 adversantibus

256 1661 399 1709 omnia,
423 1675 524 1712 quae
551 1675 601 1700 ne
628 1675 696 1712 per
723 1663 915 1712 populum
943 1662 1105 1712 quidem
1136 1662 1219 1700 sine
1247 1662 1441 1701 seditione
1462 1676 1502 1701 se
1523 1664 1588 1701 ad-

256 1727 367 1777 sequi
400 1727 697 1774 arbitrabantur,
730 1740 798 1776 per
827 1735 1007 1765 senatum
1037 1727 1239 1765 consecuti
1270 1735 1359 1765 sunt
1375 1742 1384 1774 3
1426 1741 1518 1765 nam
1549 1735 1586 1766 et

256 1791 496 1842 stipendium
532 1792 691 1831 Caesari
725 1793 927 1830 decretum
962 1799 1019 1830 est
1054 1800 1091 1830 et
1127 1792 1266 1830 decem
1298 1791 1422 1842 legati,
1455 1800 1503 1838 et,
1535 1806 1586 1831 ne

255 1857 339 1906 lege
369 1856 600 1906 Sempronia
629 1857 913 1903 succederetur,
946 1855 1059 1894 facile
1089 1858 1305 1907 perfectum
1335 1865 1403 1896 est.
1464 1860 1586 1907 Quod

254 1934 327 1970 ego
356 1922 407 1959 ad
436 1929 474 1959 te
505 1921 660 1959 brevius
690 1920 830 1968 scribo,
859 1920 951 1971 quia
982 1934 1045 1960 me
1075 1929 1197 1960 status
1227 1921 1291 1960 hic
1321 1922 1374 1961 rei
1403 1923 1585 1973 publicae

254 1999 334 2024 non
365 1987 557 2033 delectat;
596 1985 724 2024 scribo
759 1993 902 2033 tamen,
935 1993 977 2024 ut
1011 1994 1049 2025 te
1082 1988 1332 2034 admoneam,
1363 1990 1471 2038 quod
1501 1988 1584 2039 ipse

254 2050 388 2089 litteris
410 2051 594 2089 omnibus
615 2064 638 2089 a
657 2050 822 2101 pueritia
849 2051 1007 2090 deditus
1035 2051 1272 2102 experiendo
1300 2060 1433 2091 tamen
1461 2053 1583 2103 magis

254 2128 372 2165 quam
394 2115 586 2154 discendo
607 2116 784 2166 cognovi,
809 2123 851 2154 tu
872 2116 947 2154 tuis
972 2116 1088 2155 rebus
1113 2116 1270 2167 integris
1292 2117 1430 2165 discas,
1453 2132 1583 2169 neque

301 2229 337 2258 17
364 2219 492 2258 reliqua
514 2219 580 2250 vita
606 2218 683 2249 M⁷·:
710 2230 745 2250 re
770 2230 836 2259 qua
860 2221 927 2250 vita
952 2220 1061 2251 codd:
1099 2231 1134 2251 re
1152 2231 1238 2260 quae
1257 2222 1383 2252 vitares
1400 2221 1586 2261 Hitscltseld

254 2273 297 2293 20
320 2262 505 2302 profecisse
528 2267 599 2293 vett.
792 2269 905 2295 tamen
930 2263 1032 2302 codd„
1048 2263 1224 2295 Lehmann
1251 2264 1316 2304 (De
1338 2265 1420 2305 Epp.
1440 2265 1487 2295 ad
1506 2265 1579 2296 All.

254 2317 309 2337 rec.
325 2311 357 2346 p.
382 2306 480 2345 194):
517 2311 646 2337 tantum
671 2305 727 2336 ΜΓ
742 2307 831 2347 vulg.
850 2319 856 2337 τ
893 2308 1028 2338 tandem
1048 2307 1244 2339 Gulielmius
1374 2317 1416 2346 23
1442 2318 1477 2338 se
1500 2307 1580 2338 GR:

254 2350 315 2380 sed
333 2348 391 2378 M:
416 2360 452 2380 se
471 2359 571 2388 posse
587 2350 720 2380 Ernesti
827 2360 869 2389 30
893 2352 1047 2390 cognovi,
1065 2356 1099 2382 tu
1117 2352 1182 2383 tuis
1199 2350 1255 2381 Mo·
1271 2351 1476 2392 lVesenberg:
1503 2362 1580 2391 cog-

255 2393 346 2423 novit
365 2393 467 2424 Utuis
483 2392 540 2425 M:
566 2394 712 2433 cognovi
729 2399 764 2425 ut
782 2395 847 2425 tuis
867 2393 930 2426 GR
