1791 2796
201 136 233 177 I.
251 136 297 174 ix
636 136 691 174 M.
723 136 892 174 TVLLI
923 135 1230 176 CICERONIS

421 248 622 285 cantatum
652 249 912 298 provocemus
929 262 937 296 ς
977 247 1007 286 si
1037 247 1214 287 laudabit
1244 249 1341 287 haec

420 312 521 351 illius
552 314 729 360 formam,
763 320 804 352 tu
834 313 950 352 huius
981 321 1141 361 contra3
1179 313 1352 364 de'nique

419 391 487 428 par
517 377 587 428 pr6
618 378 700 428 pari
730 379 880 425 referto,
914 379 1023 428 quod
1053 392 1139 417 eam
1170 378 1373 418 mordeat?

222 442 225 444 ’
257 443 321 483 Sic
341 442 459 493 petivi
481 457 503 481 a
524 442 731 490 iudicibus,
755 452 807 491 ut,
832 443 1021 493 quoniam
1044 443 1204 494 quidam
1229 443 1382 483 nobiles
1407 442 1588 483 homines

256 517 294 548 et
326 510 375 548 de
409 523 471 547 me
505 508 655 559 optime
695 508 820 548 meriti
860 509 977 548 nimis
1011 517 1187 548 amarent
1218 509 1422 548 inimicum
1455 524 1588 549 meum
1609 526 1625 557 5

257 589 400 625 meque
426 575 672 626 inspectante
698 589 815 626 saepe
840 589 930 615 eum
953 575 992 614 in
1014 583 1151 614 senatu
1177 577 1298 615 modo
1319 590 1452 615 severe
1477 578 1589 616 sedu-

256 649 398 688 cerent,
425 643 546 681 modo
568 641 808 680 familiariter
827 649 946 692 atque
974 641 1094 681 hilare
1119 643 1443 692 amplexarentur,
1466 656 1587 693 quon-

256 707 414 758 iamque
435 707 488 745 illi
511 708 702 746 haberent
723 721 836 746 suum
863 707 1058 755 Publium,
1082 708 1219 747 darent
1246 707 1341 746 mihi
1369 708 1441 758 ipsi
1467 709 1587 748 alium

257 773 452 821 Publium,
478 773 516 812 in
545 787 624 824 quo
650 787 806 824 possem
835 773 989 813 illorum
1015 773 1167 812 animos
1196 774 1444 813 mediocriter
1471 776 1588 814 laces-

255 838 350 877 situs
373 838 508 878 leviter
532 852 774 890 repungere,
804 853 933 890 neque
962 840 1088 878 solum
1114 838 1203 886 d'm',
1227 840 1296 878 sed
1324 838 1441 878 etiam
1470 854 1586 891 saepe
1609 858 1647 880 10

255 904 356 943 facio
377 904 461 943 deis
483 903 792 955 hominibusque
813 903 1135 955 adprobantibus.

182 976 235 1004 20
311 970 450 1008 Habes
472 971 522 1009 de
543 969 704 1009 Vatinio
720 984 729 1017 3
759 983 955 1019 cognosce
976 970 1026 1008 de
1048 970 1200 1009 Crasso.
1262 970 1358 1021 Ego,
1378 983 1469 1009 cum
1490 970 1585 1009 mihi

255 1048 345 1074 cum
374 1036 441 1074 illo
467 1049 609 1086 magna
630 1035 706 1074 iam
727 1035 847 1085 gratia
875 1043 987 1082 esset,
1011 1036 1119 1085 quod
1147 1035 1229 1074 eius
1257 1035 1386 1074 omnis
1414 1036 1585 1085 gravissi-

255 1114 338 1139 mas
360 1100 518 1139 iniurias
540 1100 763 1140 communis
785 1100 1021 1139 concordiae
1042 1113 1159 1138 causa
1176 1100 1392 1139 voluntaria
1413 1102 1585 1151 quadam

254 1167 455 1207 oblivione
480 1166 726 1214 contrieram,
749 1166 994 1216 repentinam
1022 1165 1104 1204 eius
1132 1166 1405 1205 defensionem
1427 1166 1583 1215 Gabini,
1608 1179 1645 1211 15

254 1247 372 1284 quem
404 1231 590 1284 proximis
621 1231 886 1283 superioribus
918 1231 1058 1271 diebus
1088 1230 1274 1270 acerrime
1306 1240 1582 1282 oppugnasset,

254 1306 397 1345 tamen,
428 1298 458 1336 si
489 1297 573 1336 sine
605 1298 684 1336 ulla
715 1311 803 1336 mea
834 1296 1074 1335 contumelia
1109 1295 1354 1346 suscepisset,
1385 1296 1558 1336 tulissem
1576 1311 1586 1345 ,-

254 1365 334 1411 sed,
359 1377 448 1403 cum
477 1377 539 1402 me
560 1362 840 1414 disputantem,
865 1376 944 1401 non
972 1363 1229 1401 lacessentem
1256 1361 1440 1409 laesisset,
1463 1363 1584 1401 exarsi

253 1444 334 1469 non
365 1430 492 1483 solum
523 1428 730 1479 praesenti,
760 1429 889 1476 credo,
920 1427 1121 1467 iracundia
1150 1429 1257 1478 (nam
1283 1427 1335 1466 *ca
1363 1435 1442 1466 tam
1472 1429 1585 1467 vehe-

255 1508 365 1533 mens
391 1496 553 1533 fortasse
582 1508 661 1533 non
687 1493 850 1543 fuisset),
875 1495 954 1538 sed,
979 1507 1069 1532 cum
1099 1493 1294 1532 inclusum
1324 1492 1419 1532 illud
1446 1493 1582 1532 odium
1606 1506 1645 1528 20

254 1561 464 1598 multarum
498 1559 580 1598 eius
613 1559 651 1597 in
688 1572 751 1597 me
786 1558 1022 1605 iniuriarum,
1057 1559 1165 1609 quod
1201 1572 1273 1608 ego
1305 1557 1488 1597 effudisse
1522 1572 1584 1597 me

253 1639 372 1664 omne
414 1624 638 1671 arbitrabar,
682 1623 1053 1662 residuumtamen
1103 1623 1294 1662 insciente
1335 1637 1396 1662 me
1435 1623 1581 1670 fuisset,

253 1704 371 1729 omne
393 1697 554 1741 repente
573 1689 762 1739 apparuit.
820 1690 912 1738 Quo
933 1688 1094 1739 quidem
1118 1697 1293 1738 tempore
1315 1688 1400 1738 ipso
1421 1688 1583 1738 quidam

253 1755 434 1794 homines
462 1763 499 1794 et
527 1755 656 1794 eidem
686 1754 749 1801 illi,
774 1768 873 1804 quos
903 1767 1021 1804 saepe
1051 1754 1229 1805 significo
1257 1767 1386 1804 neque
1412 1755 1581 1804 appello,

253 1832 342 1858 cum
363 1818 405 1858 se
428 1819 641 1858 maximum
664 1820 831 1858 fructum
855 1819 1004 1869 cepisse
1026 1819 1202 1858 dicerent
1223 1834 1270 1858 ex
1293 1819 1474 1858 libertate·
1495 1821 1589 1858 mea'
1603 1833 1640 1865 25

254 1883 395 1935 meque
430 1893 513 1923 tum
549 1884 721 1935 denique
756 1884 829 1923 sibi
864 1898 948 1923 esse
983 1884 1109 1934 visum
1133 1884 1205 1925 tei
1233 1885 1424 1936 publicae,
1457 1884 1590 1935 qualis.-

253 1949 423 1997 suissem,
458 1950 689 1997 restitutum,
725 1963 896 2000 cumque
935 1964 980 1988 ea
1019 1950 1221 1990 contentio
1262 1950 1357 1988 mihi
1396 1951 1582 2000 magnum

252 2015 368 2054 etiam
402 2014 493 2053 foris
527 2016 694 2053 fructum
730 2014 891 2062 tulisset,
923 2016 1093 2064 gaudere
1125 2029 1166 2053 se
1199 2015 1383 2054 dicebant
1419 2014 1515 2053 mihi
1544 2021 1582 2053 et

253 2079 360 2118 illum
395 2079 596 2118 inimicum
629 2087 666 2118 et
697 2093 774 2126 θος,
808 2079 874 2129 qui
907 2079 944 2117 in
978 2081 1117 2118 eadem
1151 2093 1267 2118 causa
1299 2087 1438 2127 essent,
1472 2093 1582 2118 num-

251 2159 369 2196 quam
405 2145 553 2184 amicos
590 2146 748 2183 futuros.
810 2146 990 2193 Quorum
1022 2144 1144 2194 iniqui
1177 2158 1377 2184 sermones
1409 2158 1499 2191 cum
1529 2144 1581 2184 ad
1601 2160 1641 2191 30

253 2225 315 2250 me
342 2224 410 2261 per
437 2210 618 2250 homines
647 2209 945 2249 honestissimos
977 2211 1244 2260 perferrentur,
1269 2223 1439 2261 cumque
1468 2211 1581 2249 Pom-

299 2325 335 2355 15
361 2315 562 2346 contrieram
590 2314 640 2345 P:
673 2319 844 2345 conteram
870 2314 956 2345 codd.
1097 2315 1134 2344 16
1157 2315 1388 2354 superioribus
1410 2315 1468 2345 del.
1489 2314 1583 2345 Cobet

256 2361 292 2390 18
317 2360 445 2391 exarsi¹
471 2360 511 2389 ab
534 2359 592 2389 ltoc
614 2357 705 2388 verbo
728 2357 820 2389 adii.
843 2368 866 2388 1.
889 2368 908 2387 ς.»
934 2358 1119 2397 ‘quodque'
1148 2358 1229 2388 ‹la-st
1254 2358 1282 2389 G
1397 2369 1437 2388 22
1463 2358 1581 2388 fuisset

252 2407 322 2434 vm.
339 2414 345 2432 z
372 2403 511 2438 fugisset
530 2401 600 2432 MR
720 2411 759 2439 24
784 2401 939 2441 significo
959 2411 1066 2440 neque
1084 2400 1242 2442 Madwg:
1266 2401 1579 2442 significationequc

253 2447 308 2478 M:
335 2446 582 2486 significatione
602 2445 651 2476 Ix':
678 2451 758 2476 nutu
776 2445 1088 2485 significationcque
1106 2445 1236 2476 Ernesti
