1791 2796
118 133 189 170 VI.
213 134 288 170 xiii
614 135 668 171 M.
702 135 869 172 TVLLI
903 135 1209 173 CICERONIS

243 245 436 291 volumus,
461 244 610 296 magnis
642 244 970 295 occupationibus
997 244 1090 291 eius,
1120 259 1144 283 a
1172 258 1252 295 quo
1282 244 1415 283 onmia
1443 252 1580 295 petun-

244 317 314 356 tur,
338 309 468 349 aditus
497 311 548 349 ad
578 323 670 349 eum
699 309 937 349 difficiliores
967 311 1133 356 suerunt,
1157 318 1196 348 et
1225 308 1342 348 simul
1371 308 1580 348 Africanae

244 388 385 414 causae
417 374 548 414 iratior
586 374 733 414 diutius
771 376 870 414 velle
902 374 1055 414 videtur
1089 388 1156 414 eos
1195 374 1341 413 habere
1379 373 1576 421 sollicitos,

243 453 267 479 a
287 440 430 490 quibus
452 454 492 479 se
513 448 624 491 putat
645 439 956 479 diuturnioribus
981 453 1065 479 esse
1088 439 1276 479 molestiis
1297 439 1577 479 conflictatum.

245 507 323 545 Sed
354 507 430 546 hoe
459 505 588 556 ipsum
619 505 882 556 intellegimus
912 519 1003 544 eum
1033 504 1179 544 cotidie
1209 505 1407 544 remissius
1437 512 1475 544 et
1504 506 1581 556 pla·
1601 521 1617 553 5

245 571 369 610 catius
390 572 497 610 ferre.
550 572 640 621 Qua
655 584 695 609 re
713 569 809 609 mihi
829 571 945 610 crede
967 578 1004 609 et
1026 570 1239 610 memoriae
1261 571 1406 609 manda
1427 583 1489 609 me
1511 568 1581 609 tibi

245 636 287 676 id
307 637 545 684 adfirmasse,
570 645 607 676 te
628 636 668 675 in
690 635 772 674 istis
794 635 983 676 molestiis
1005 635 1152 675 diutius
1173 650 1254 675 non
1276 637 1459 674 futurum.

200 714 226 751 4
301 702 503 752 Quoniam
535 702 632 753 quid
666 701 851 741 sentirem
885 701 1059 752 exposui,
1089 701 1186 752 quid
1219 701 1334 740 velim
1369 709 1434 739 tua
1464 714 1581 740 causa

245 781 285 806 re
319 767 449 818 potius
488 768 699 806 declarabo
737 781 856 817 quam
895 767 1082 806 oratione.
1153 766 1193 806 Si
1232 775 1385 805 tantum
1422 780 1579 817 possem

244 841 436 883 quantum
459 833 497 871 in
519 847 565 871 ea
585 847 624 871 re
640 847 688 883 p.,
712 834 763 872 de
783 846 862 883 qua
882 832 935 872 ita
955 846 1041 871 sum
1063 832 1223 871 meritus
1244 839 1286 871 ut
1307 840 1347 870 tu
1369 831 1576 879 existimas,
1600 849 1641 872 10

245 912 361 949 posse
391 899 599 944 debebam,
629 912 679 937 ne
710 906 750 936 tu
781 898 944 948 quidem
974 897 1014 936 in
1044 897 1126 936 istis
1157 897 1421 937 incommodis
1448 911 1580 945 esses,

245 965 385 1003 eadem
406 963 511 1002 enim
542 977 661 1002 causa
687 977 782 1014 opes
812 977 919 1002 meas
949 963 1060 1014 fregit
1087 976 1188 1014 quae
1218 971 1326 1001 tuam
1354 964 1518 1001 salutem
1540 962 1580 1000 in

245 1029 456 1069 discrimen
500 1028 673 1068 adduxit.
734 1030 813 1068 Sed
852 1037 995 1076 tamen,
1038 1028 1229 1079 quicquid
1269 1028 1398 1079 imago
1440 1027 1580 1067 veteris

246 1109 357 1134 meae
370 1094 580 1146 dignitatis,
601 1093 791 1145 quicquid
813 1093 999 1144 reliquiae
1016 1093 1160 1145 gratiae
1176 1094 1374 1141 valebunt,
1393 1093 1578 1139 studium,

245 1160 464 1206 consilium,
499 1173 627 1210 opera,
664 1158 794 1210 gratia,
830 1160 928 1198 fides
959 1173 1048 1198 mea
1081 1160 1190 1198 nullo
1221 1161 1310 1198 loco
1349 1158 1472 1198 deerit
1505 1158 1581 1197 tuis
1603 1175 1641 1206 15

201 1225 404 1278 soptimis
443 1225 634 1264 fratribus
694 1226 757 1263 Tu
791 1226 852 1263 fac
886 1225 1032 1264 habeas
1067 1226 1207 1263 fortem
1246 1224 1422 1263 animum
1461 1237 1580 1274 quem

245 1305 399 1342 semper
419 1290 601 1337 habuisti,
626 1289 796 1341 primum
819 1291 871 1329 ob
893 1303 956 1329 eas
978 1304 1114 1329 causas
1142 1304 1238 1341 quas
1265 1289 1410 1340 scripsi,
1435 1289 1580 1330 deinde

245 1358 354 1407 quod
393 1370 439 1396 ea
471 1358 515 1394 de
552 1370 591 1394 re
624 1369 659 1406 p.
695 1369 849 1406 semper
887 1355 1044 1394 voluisti
1075 1363 1194 1406 atque
1226 1355 1390 1403 sensisti,
1421 1363 1468 1394 ut
1499 1369 1579 1395 non

245 1423 367 1461 modo
405 1435 511 1460 nunc
546 1422 721 1460 secunda
755 1435 908 1471 sperare
940 1421 1087 1460 debeas
1116 1422 1186 1460 sed
1220 1420 1349 1468 etiam,
1381 1420 1412 1459 si
1447 1420 1581 1460 omnia

244 1488 407 1526 adversa
427 1495 569 1534 essent,
585 1495 717 1525 tamen
738 1485 981 1525 conscientia
996 1494 1034 1524 et
1054 1487 1245 1525 factorum
1267 1493 1305 1524 et
1325 1485 1578 1525 consiliorum
1600 1504 1640 1525 20

245 1560 412 1599 tuorum,
458 1565 733 1603 quaecumque
780 1550 1014 1598 acciderent,
1065 1551 1276 1591 fortissimo
1323 1559 1361 1590 et
1409 1551 1580 1591 maximo

244 1617 378 1657 animo
399 1619 495 1656 ferre
516 1618 689 1656 deberes.

289 1769 397 1804 XIV
446 1771 514 1803 Ser.
534 1771 663 1803 Romae
678 1783 707 1803 α.
727 1771 757 1803 d.
777 1783 794 1802 v
811 1772 852 1803 K.
871 1772 1008 1803 intcrcal.
1029 1773 1152 1813 priores
1169 1784 1201 1804 a.
1220 1776 1279 1813 708
1294 1773 1380 1814 (46).

707 1850 880 1881 CICERO
908 1850 1117 1882 LIGARIO.

211 1946 226 1972 1
302 1929 370 1966 Me
392 1927 489 1967 scito
511 1941 670 1967 omnem
694 1941 826 1966 meum
847 1929 1033 1975 laborem,
1057 1917 1217 1968 omnem
1239 1942 1409 1979 operam,
1433 1941 1576 1974 curam,
1601 1938 1638 1969 25

245 1992 419 2031 studium
455 1992 492 2030 in
527 2001 592 2031 tua
623 1994 747 2031 salute
781 2007 1024 2033 consumere.
1086 1996 1189 2032 Nam
1225 2008 1314 2033 cum
1355 2002 1392 2032 te
1426 2007 1580 2044 semper

246 2057 413 2096 maxime
443 2057 570 2104 dilexi,
605 2067 685 2096 tum
718 2060 876 2097 fratrum
909 2068 1079 2107 tuorum,
1110 2074 1209 2110 quos
1238 2073 1363 2109 aeque
1393 2067 1511 2108 atque
1541 2065 1578 2096 te

246 2136 399 2161 summa
421 2123 696 2161 benevolentia
718 2138 803 2162 sum
827 2126 1066 2174 complexim,
1087 2123 1290 2175 singularis
1311 2123 1434 2174 pietas
1455 2137 1578 2162 amor-

246 2202 322 2238 que
357 2189 546 2226 fraternus
582 2190 732 2227 nullum
776 2203 838 2227 me
878 2189 1021 2240 patitur
1060 2189 1160 2228 offici
1195 2203 1284 2239 erga
1324 2197 1360 2226 te
1393 2188 1576 2239 studique

247 2268 389 2293 munus
405 2263 471 2293 aut
485 2263 639 2305 tempus
654 2254 969 2305 praetermittere.
1030 2255 1107 2293 Sed
1129 2268 1229 2304 quae
1251 2252 1389 2292 faciam
1405 2252 1576 2292 fecerim·
1596 2266 1638 2296 30

290 2371 310 2398 9
335 2371 398 2399 ego
417 2360 441 2389 si
461 2361 539 2391 ami.
563 2359 686 2389 „Usillsr
859 2369 891 2389 11
921 2358 1142 2389 incommodis
1161 2362 1227 2388 vett.
1249 2368 1254 2386 :
1282 2357 1465 2388 commodis
1483 2356 1571 2387 codd.

253 2414 287 2442 ¹5
311 2405 418 2442 gratia
436 2404 501 2435 secl.
524 2404 656 2445 Kayser,
679 2403 742 2435 alii.
763 2413 837 2433 cum
854 2403 980 2442 gratiae
994 2402 1198 2442 praecesserit
1221 2405 1256 2431 ut
1280 2400 1404 2431 videtur
1538 2401 1576 2430 18

249 2448 289 2478 de
308 2447 381 2478 add.
411 2452 478 2478 vett.
622 2458 658 2487 19
684 2458 770 2478 nune
790 2446 907 2477 Lamb.
927 2458 933 2477 ε
959 2457 1026 2477 non
1047 2446 1097 2477 G:
1122 2455 1196 2476 cum
1217 2445 1290 2476 MR
