1791 2796
110 139 228 176 VIII.
249 139 325 174 xiv
602 139 657 175 M.
690 139 859 176 TVLLI
892 139 1201 178 CICERONIS

216 261 241 288 2
318 251 378 288 De
409 263 564 288 summa
596 264 635 288 re
666 249 825 301 publica
858 264 975 301 saepe
1010 250 1080 288 tibi
1115 249 1250 301 scripsi
1285 263 1348 289 me
1377 250 1418 289 in
1447 263 1596 289 annum

261 328 399 365 pacem
429 328 510 353 non
531 314 663 354 videre
693 323 741 362 et,
770 329 850 366 quo
875 315 1036 366 propius
1062 329 1107 353 ea
1134 315 1337 354 contentio
1367 329 1486 365 quam
1514 314 1596 353 fieri

260 393 421 419 necesse
448 386 507 419 est
530 380 696 427 accedit,
721 394 769 420 eo
793 380 934 419 clarius
963 380 1004 419 id
1031 380 1248 431 periculum
1275 388 1447 431 apparet.
1508 382 1598 418 Pro-

259 444 432 495 positum
462 446 538 484 hoc
568 453 637 492 est,
672 446 722 484 de
752 459 832 496 quo
867 445 934 496 qui
974 459 1102 484 rerum
1133 444 1336 495 potiuntur
1367 452 1457 484 sunt
1486 444 1598 484 dimi-

259 509 395 559 caturi,
415 511 524 561 quod
545 512 618 550 Cn.
644 510 858 561 Pompeius
885 509 1088 549 constituit
1112 523 1193 549 non
1217 510 1297 561 pati
1319 511 1363 550 C.
1388 512 1596 550 Caesarem
1618 526 1634 556 5

259 577 463 615 consulem
490 575 601 614 aliter
628 575 710 614 fieri
734 575 809 614 nisi
836 575 1048 615 exercitum
1074 583 1112 614 et
1139 575 1358 626 provincias
1383 574 1598 622 tradiderit,

260 640 418 681 Caesari
447 649 579 680 autem
610 655 840 692 persuasum
868 648 926 680 est
954 655 994 680 se
1025 642 1174 679 salvum
1204 654 1289 679 esse
1317 654 1396 679 non
1424 654 1539 691 posse
1565 640 1603 678 si

257 707 310 745 ab
340 705 511 745 exercitu
542 706 771 754 recesserit,
811 707 884 746 fert
918 705 1024 744 illam
1064 714 1195 745 tamen
1230 705 1522 754 condicionem,
1556 713 1599 744 ut

257 772 378 810 ambo
409 771 600 810 exercitus
631 772 796 811 tradant.
857 771 920 810 Sic
952 771 1005 809 illi
1036 785 1189 810 amores
1218 779 1257 810 et
1287 770 1479 810 invidiosa
1508 784 1598 810 con-

258 836 408 875 iunctio
429 851 509 875 non
530 838 581 876 ad
602 839 799 876 occultam
826 836 964 876 recidit
991 836 1333 885 obtrectationem,
1353 837 1422 875 sed
1449 837 1500 876 ad
1520 837 1599 875 bel·
1621 851 1659 873 10

258 904 340 940 lum
370 916 411 941 se
441 902 594 953 erupit3
629 916 760 953 neque
790 916 965 941 mearum
993 916 1121 941 rerum
1153 901 1248 952 quid
1276 901 1414 940 consili
1445 902 1597 952 capiam

258 967 436 1019 repcrio3
475 969 584 1019 quod
617 982 699 1006 non
737 967 878 1007 dubito
917 967 1012 1018 quin
1053 975 1090 1006 te
1124 981 1284 1017 quoque
1318 968 1415 1006 haec
1454 967 1599 1006 delibe-

258 1032 356 1071 ratio
390 1032 439 1071 sit
473 1034 754 1084 perturbatura.
816 1034 920 1071 Nam
956 1031 1052 1070 mihi
1087 1046 1177 1070 cum
1213 1031 1440 1071 hominibus
1471 1032 1530 1071 his
1560 1040 1598 1071 et

258 1098 380 1148 gratia
400 1105 439 1137 et
460 1097 818 1139 †necessittidirieiii
846 1112 935 1136 cum
965 1111 1124 1135 causam
1153 1096 1257 1135 illam
1286 1098 1392 1135 unde
1416 1097 1598 1137 homines

216 1163 337 1205 Sodi.
410 1165 514 1203 Illud
549 1172 587 1203 te
621 1178 702 1203 non
736 1163 901 1202 arbitror
936 1164 1067 1214 sugere
1102 1162 1195 1213 quin
1236 1162 1418 1201 homines
1449 1162 1488 1201 in
1523 1162 1598 1202 dis·
1620 1178 1656 1209 15

258 1229 443 1268 sensione
472 1228 692 1268 domestica
720 1229 904 1276 debeant,
927 1242 1046 1278 quam
1077 1227 1145 1266 diu
1176 1227 1338 1266 civiliter
1368 1227 1451 1266 sine
1480 1227 1597 1266 armis

257 1303 435 1343 certetur,
459 1294 726 1334 honestiorem
749 1294 859 1345 sequi
886 1302 1047 1345 partem,
1072 1293 1139 1332 ubi
1167 1294 1218 1332 ad
1247 1294 1393 1332 bellum
1415 1301 1453 1332 et
1473 1301 1598 1332 castra

257 1369 419 1400 ventum
441 1361 499 1409 sit,
523 1361 734 1400 firmiorem
761 1368 799 1399 et
827 1360 867 1399 id
895 1360 1034 1399 melius
1064 1368 1232 1398 statuere
1258 1361 1366 1410 quod
1392 1359 1510 1398 tutius
1535 1359 1594 1398 sit.

259 1429 307 1466 In
331 1428 406 1465 hac
433 1426 630 1465 discordia
650 1426 767 1465 video
789 1427 861 1466 Cn.
887 1424 1121 1477 Pompeium
1153 1433 1332 1464 senatum
1363 1425 1510 1476 quique
1537 1439 1596 1464 res

257 1492 434 1531 iudicant
470 1505 604 1530 secum
638 1491 875 1539 habiturum,
907 1492 959 1530 ad
995 1492 1204 1530 Caesarem
1235 1490 1364 1529 omnis
1398 1491 1463 1541 qui
1504 1505 1658 1529 cum.20

259 1557 397 1597 timore
435 1565 502 1596 aut
541 1558 644 1596 mala
682 1571 751 1608 spe
785 1556 916 1595 vivant
954 1571 1207 1603 accessuros3
1255 1556 1467 1595 exercitum
1507 1571 1597 1595 con-

260 1624 464 1662 ferendum
480 1637 560 1662 non
575 1636 669 1661 esse.
726 1621 903 1662 Omnino
920 1622 1011 1660 satis
1032 1622 1130 1673 spati
1149 1629 1206 1661 est
1222 1623 1273 1661 ad
1290 1621 1596 1662 considerandas

259 1688 462 1739 utriusque
483 1687 616 1738 copias
638 1696 675 1726 et
697 1687 917 1738 eligendam
941 1695 1101 1737 partem.

214 1759 239 1795 4
315 1755 442 1803 Prope
466 1753 611 1792 oblitus
636 1767 721 1791 sum
749 1753 856 1803 quod
886 1752 1053 1792 maxime
1082 1752 1151 1791 fuit
1181 1753 1444 1792 scribendum.
1513 1753 1596 1791 Scis

260 1818 434 1869 Appium
466 1832 669 1858 censorem
700 1817 763 1856 hic
793 1826 948 1857 ostenta
978 1819 1114 1866 facere,
1144 1819 1195 1857 de
1224 1818 1342 1868 signis
1372 1827 1410 1857 et
1441 1818 1593 1866 tabulis,
1619 1831 1655 1862 25

257 1885 307 1922 de
337 1883 415 1933 agri
447 1885 579 1931 modo,
609 1885 659 1922 de
688 1896 776 1922 aere
806 1882 936 1922 alieno
965 1883 1152 1933 acerrime
1172 1886 1327 1934 agere?
1367 1897 1594 1933 persuasum

257 1957 314 1986 est
346 1949 379 1987 ei
416 1962 620 1987 censuram
656 1949 874 1987 lomentum
905 1956 973 1986 aut
1002 1948 1146 1986 nitrum
1177 1962 1272 1987 esse.
1334 1950 1470 1986 Errare
1501 1948 1594 1986 mihi

257 2013 433 2061 videtum
464 2027 553 2051 nam
584 2014 709 2052 sordis
737 2015 866 2052 eluere
889 2015 979 2061 vult,
1003 2027 1122 2052 venas
1143 2013 1216 2051 sibi
1241 2012 1369 2051 omnis
1390 2021 1428 2052 et
1449 2012 1595 2051 viscera
1790 2062 1791 2067 ¹

255 2078 388 2129 aperit.
450 2080 582 2125 Curre,
607 2091 673 2128 per
701 2079 798 2117 deos
825 2087 942 2129 atque
973 2078 1180 2117 homines!
1220 2086 1257 2117 et
1284 2092 1402 2128 qutun
1425 2077 1591 2128 primum
1790 2077 1791 2115 i

258 2146 355 2183 haec
390 2143 507 2182 risum
539 2143 638 2189 veni,
671 2144 764 2193 legis
800 2143 1023 2182 Scantiniae
1054 2143 1242 2182 iudicium
1277 2144 1383 2193 apud
1420 2145 1591 2189 Drusum
1614 2155 1654 2186 30

260 2209 351 2256 sieri,
384 2208 558 2259 Appium
589 2209 638 2247 de
670 2207 812 2246 tabulis
844 2216 882 2247 et
916 2207 1035 2259 signis
1068 2222 1208 2259 agere:
1246 2209 1361 2246 crede
1397 2207 1501 2254 mihi,
1535 2215 1593 2246 est

258 2274 560 2325 properandum.
623 2272 743 2312 Curio
773 2280 905 2311 noster
934 2272 1129 2323 sapienter
1158 2272 1209 2321 id,
1233 2273 1340 2323 quod
1371 2271 1516 2311 remisit
1543 2272 1593 2310 de

306 2388 318 2407 r
348 2380 378 2408 in
398 2376 474 2408 add.
506 2377 627 2407 le'c'llw‘
763 2385 795 2413 14
824 2376 950 2414 gratiae
976 2381 1009 2405 ct
1036 2375 1303 2406 necessitudines
1328 2380 1429 2406 sunt:
1458 2385 1592 2406 causam

262 2421 350 2452 illam
368 2431 445 2451 amo
464 2421 553 2451 unde
572 2420 725 2451 homines
743 2419 797 2450 odi
816 2419 957 2460 Aladw'g
