1791 2796
131 614 148 644 5

113 969 151 992 10

116 1295 151 1327 15

117 1622 156 1645 20

531 154 642 191 EPP.
676 153 752 190 AD
785 150 1132 189 FAMILIARES
1450 148 1496 184 X.
1516 147 1593 183 xiv

168 266 364 312 incumbe,
401 264 454 304 mi
495 266 649 312 Plance,
686 271 728 303 ut
762 277 812 302 ne
845 276 946 314 quae
981 262 1148 301 scintilla
1182 260 1368 300 teterrimi
1408 259 1499 298 belli

168 331 417 382 relinquatur.
478 332 598 380 Quod
624 330 654 368 si
679 329 749 368 erit
775 330 932 376 factum,
956 337 994 366 et
1024 340 1105 366 rem
1134 326 1333 377 publicam
1364 324 1499 364 divino

169 397 363 436 beneficio
400 397 590 436 adfeceris
623 404 661 434 et
695 395 778 447 ipse
815 402 1013 433 aeternam
1048 392 1210 443 gloriam
1245 404 1496 442 consequere.

171 465 218 502 I).
243 475 288 501 111
312 464 416 502 Non.
442 462 535 501 Mai.

212 607 295 644 XV
364 610 432 643 Ser.
453 611 485 642 ιἰι
507 609 614 642 Gallia
630 608 838 641 Narbonensi
852 608 895 640 cis
911 607 1044 639 Isaram
1061 607 1129 638 circ.
1152 606 1187 637 1'1'1'
1202 605 1250 637 ld.
1269 604 1350 637 Mai.

728 676 760 696 ‹1-
780 675 834 704 711
855 664 933 704 (43)-

596 741 806 775 PLANCVS
831 740 1071 772 CICERONI.

225 821 302 861 His
331 821 466 860 litteris
501 820 662 872 scriptis,
696 833 796 871 quae
826 828 963 871 postea
992 817 1227 857 accidissent
1257 815 1354 855 scire
1383 822 1421 854 te
1451 815 1501 853 ad
1523 825 1539 852 1

170 899 250 927 rem
281 900 316 937 p.
347 886 479 938 putavi
509 885 713 938 pertinere.
774 884 970 924 Sedulitas
998 897 1095 930 mea,
1123 890 1166 921 ut
1191 893 1315 932 spero,
1344 888 1382 919 et
1407 879 1501 918 mibi

170 961 208 992 et
235 952 288 991 rei
315 966 351 1005 p.
374 952 664 992 tulitvfructum.
726 952 910 1002 Namque
934 949 1109 989 adsiduis
1134 946 1383 987 internuntiis
1412 959 1502 984 cum

171 1018 324 1069 Lepido
363 1017 423 1068 egi
462 1025 503 1056 ut
542 1017 687 1056 omissa
730 1016 837 1055 omni
882 1015 1137 1054 contentione
1175 1011 1504 1062 reconciliataque

170 1085 371 1122 voluntate
405 1090 537 1122 nostra
569 1081 772 1121 communi
807 1080 972 1120 consilio
1004 1080 1058 1119 rei
1093 1093 1128 1130 p.
1166 1084 1416 1124 succurreret,
1450 1089 1501 1123 se,

171 1148 314 1188 liberos
334 1149 552 1198 urbemque
573 1147 692 1198 pluris
713 1160 831 1197 quarn
863 1159 985 1184 unum
1007 1144 1204 1196 perditum
1225 1143 1504 1192 abiectumque

172 1216 364 1252 latronem
386 1220 538 1263 putaret
564 1212 838 1262 obsequioque
863 1225 963 1258 meo,
989 1210 1020 1248 si
1045 1210 1098 1248 ita
1119 1211 1272 1256 faceret,
1295 1209 1346 1247 ad
1373 1207 1502 1245 omnis

172 1293 231 1317 res
251 1279 485 1317 abuteretur.
546 1277 708 1317 Profeci.
769 1278 908 1327 Itaque
935 1289 1004 1326 per
1031 1277 1283 1314 Laterensem
1305 1273 1503 1312 internun-
1522 1280 1546 1307 2

173 1344 270 1384 tium
298 1345 417 1383 fidem
443 1343 539 1382 mihi
566 1343 676 1382 dedit
700 1356 741 1381 se
765 1341 996 1387 Antonium,
1020 1340 1051 1379 si
1071 1339 1279 1390 prohibere
1303 1337 1505 1389 provincia

174 1423 243 1448 sua
286 1423 366 1448 non
410 1408 610 1459 potuisset,
652 1409 757 1447 bello
800 1413 1106 1458 persecuturum,
1149 1418 1212 1443 me
1251 1410 1293 1442 ut
1330 1402 1503 1441 venirem

175 1474 388 1526 copiasque
417 1474 697 1524 coniungerem
727 1472 884 1524 rogavit,
913 1484 1040 1521 eoque
1070 1469 1203 1520 magis,
1227 1470 1335 1519 quod
1363 1475 1401 1507 et
1428 1468 1506 1505 An-

175 1540 306 1579 tonius
344 1540 394 1578 ab
430 1538 605 1589 equitatu
645 1540 779 1576 firmus
818 1551 903 1576 esse
937 1536 1142 1576 dicebatur
1172 1542 1211 1573 et
1242 1533 1417 1585 Lepidus
1456 1546 1506 1572 ne

176 1605 415 1644 mediocrem
438 1604 599 1654 quidem
621 1603 839 1654 equitatum
861 1602 1056 1649 habebat3
1088 1614 1181 1639 nam
1202 1599 1320 1639 etiarn
1345 1612 1391 1638 ex
1414 1611 1507 1649 pau-

175 1669 292 1709 citate
312 1669 394 1709 eius
416 1683 496 1709 non
518 1668 650 1707 multis
670 1676 761 1707 ante
783 1667 922 1706 diebus
939 1668 1078 1706 decem
1100 1665 1167 1716 qui
1195 1664 1334 1715 optimi
1354 1665 1506 1702 fuerant

175 1737 226 1774 ad
258 1749 321 1774 me
353 1735 596 1773 transierunt.
658 1734 814 1784 Quibus
846 1733 962 1771 rebus
995 1745 1066 1781 ego
1101 1729 1268 1780 cognitis
1300 1735 1506 1767 cunctatus

176 1814 256 1838 non
289 1814 399 1847 sum3
432 1800 479 1849 ‚in
511 1813 624 1838 cursu
655 1800 851 1838 bonorum
884 1796 1136 1835 consiliorum
1169 1794 1366 1845 Lepidum
1399 1793 1507 1832 adiu-

176 1866 349 1903 vandum
382 1865 523 1915 putavi.
598 1866 803 1903 Adventus
844 1876 953 1901 meus
993 1862 1089 1912 quid
1127 1862 1370 1911 profecturus
1405 1866 1549 1907 esset3

177 1930 267 1976 vidi,
292 1931 351 1968 vel
373 1931 480 1980 quod
501 1929 676 1980 equitatu
699 1942 788 1967 meo
808 1927 989 1978 persequi
1013 1934 1131 1976 atque
1157 1925 1376 1976 opprimere
1403 1923 1508 1974 equi-

177 2003 302 2033 tatum
329 1994 411 2033 eius
436 2008 602 2044 possem,
626 1995 686 2032 vel
714 1994 821 2043 quod
849 1992 1038 2031 exercitus
1066 1990 1207 2041 Lepidi
1234 2003 1320 2028 eam
1345 1997 1506 2040 partem,

179 2074 280 2111 quae
296 2068 477 2110 corrupta
492 2068 549 2099 est
570 2067 608 2098 et
628 2060 678 2098 ab
699 2072 738 2097 re
759 2072 794 2109 p.
814 2058 991 2104 alienata,
1008 2065 1046 2097 et
1062 2056 1251 2107 corrigere
1272 2064 1310 2094 et
1330 2068 1510 2094 coercere

179 2126 397 2176 praesentia
424 2125 501 2164 mei
526 2124 716 2164 exercitus
741 2137 909 2174 possem.
971 2125 1111 2173 Itaque
1139 2122 1178 2160 in
1207 2123 1324 2176 Isara,
1348 2120 1510 2159 flumine

181 2191 361 2238 maximo,
397 2192 505 2241 quod
535 2190 574 2228 in
609 2190 753 2228 finibus
785 2197 844 2228 est
878 2190 1148 2238 Allobrogum,
1177 2195 1298 2238 ponte
1332 2200 1412 2225 uno
1446 2186 1511 2225 die

121 2285 137 2303 ,
181 2257 284 2294 facto
315 2256 526 2294 exercitum
557 2269 589 2293 a.
622 2257 659 2294 d.
693 2267 756 2292 1111
790 2256 886 2293 Idus
921 2254 1014 2292 Mai.
1050 2253 1212 2292 traduxi.
1285 2253 1388 2292 Cum
1419 2264 1511 2289 vero

224 2371 263 2391 21
290 2360 422 2401 decem]
452 2360 510 2390 DC
538 2360 587 2399 (z
605 2360 752 2398 sescenti)
778 2358 899 2389 Schelle
1030 2368 1070 2388 22
1097 2358 1301 2389 transierant
1327 2354 1513 2394 lVesenbetg

182 2414 223 2477 a}
240 2404 339 2477 lgneo]
366 2414 440 2434 meo
466 2403 634 2443 perditum
659 2403 823 2436 latronem
849 2400 1024 2435 Lehmann
1157 2411 1199 2440 30
1224 2398 1510 2439 1111]V11velv111

218 2458 237 2478 a
261 2458 276 2478 e

1367 2486 1426 2515 19*
