1791 2796
532 143 643 179 EPI'.
676 143 754 179 AD
786 143 1132 180 FAMILIARES
1447 143 1523 181 III.
1541 142 1620 181 viii

168 253 229 289 l)e
260 251 410 290 Parthis
441 253 550 302 quod
580 252 747 302 quaeris,
775 252 894 291 fuisse
923 254 1052 291 nullos
1086 260 1209 303 puto;
1248 253 1399 292 Arabes
1429 252 1497 303 qui

166 318 321 356 fuerunt
359 317 534 357 admixto
567 318 750 357 Parthico
789 326 942 366 ornatu,
976 318 1160 357 dicuntur
1199 331 1337 357 omnes
1376 332 1497 356 rever-

165 382 257 421 tisse
274 397 283 431 3
313 384 468 421 hostem
489 397 574 422 esse
595 382 634 421 in
655 383 763 433 Syria
783 391 928 434 negant
948 384 1081 422 ullum.
1142 385 1205 421 Tu
1224 382 1341 422 velim
1362 385 1412 422 ad
1433 396 1497 421 me

165 460 284 497 quam
309 447 537 498 saepissime
561 455 599 487 et
628 449 678 486 de
706 448 781 486 tuis
811 449 927 487 rebus
957 448 1103 487 scribas
1130 455 1168 486 et
1192 449 1243 487 de
1270 447 1367 486 meis
1388 455 1425 486 et
1446 449 1497 486 de

127 519 145 552 5
165 511 273 550 omni
303 512 356 551 rei
385 513 567 563 publicae
597 521 724 561 statu3
755 514 805 551 de
835 527 915 563 quo
945 526 1032 551 sum
1063 512 1252 551 sollicitus
1282 526 1330 551 eo
1360 511 1497 563 magis,

165 578 272 627 quod
307 591 353 616 ex
388 578 463 616 tuis
498 578 634 617 litteris
670 578 837 629 cognovi
873 578 1110 629 Pompeium
1143 586 1320 617 nostrum
1351 577 1390 616 in
1426 577 1498 616 Hi·

164 641 341 692 spaniam
363 642 517 682 iturum.

207 807 274 842 IX
378 810 446 842 Ser.
467 810 645 842 Laudiceae
656 811 758 852 paulo
770 815 846 852 post
859 823 883 842 ,ι’
897 811 940 843 Κ.
961 810 1061 842 Mart.
1083 823 1112 843 a.
1136 822 1196 852 704
1215 812 1298 853 (50).

505 889 677 920 CICERO
703 889 846 920 APPIO
873 889 1096 920 PVLCHRO
1123 890 1155 921 S.

107 983 145 1005 10
218 965 293 1004 Vix
332 967 492 1006 tandem
536 967 611 1018 legi
654 968 799 1006 litteras
827 967 981 1018 dignas
1020 970 1094 1018 Ap.
1138 968 1320 1017 Claudio,
1359 970 1533 1020 plenasl

163 1031 431 1081 humanitatis,
465 1032 582 1080 offici,
621 1032 857 1083 diligentiae.
932 1036 1128 1083 Aspectus
1168 1034 1351 1073 videlicet
1389 1035 1496 1074 urbis

163 1096 233 1135 tibi
268 1105 375 1136 tuam
409 1098 612 1149 pristinam
644 1098 907 1138 urbanitatem
940 1099 1138 1145 reddidit3
1181 1113 1272 1138 nam
1313 1114 1410 1150 quas
1449 1115 1496 1139 ex

162 1161 299 1201 itinere
337 1171 428 1201 ante
466 1178 585 1213 quam
625 1179 671 1202 ex
709 1164 805 1202 Asia
843 1178 1019 1214 egressus
1059 1179 1099 1203 es
1145 1166 1195 1203 ad
1242 1179 1304 1204 me
1350 1165 1495 1205 litteras

163 1227 314 1275 misisti,
335 1242 432 1266 unas
452 1229 503 1267 de
524 1229 659 1279 legatis
683 1243 705 1268 a
732 1243 796 1268 me
822 1229 1029 1279 prohibitis
1056 1230 1264 1280 proficisci,
1284 1232 1423 1270 alteras
1444 1233 1495 1271 de

106 1306 142 1338 15
162 1293 434 1343 Appianorum
456 1293 731 1333 aedificatione
760 1294 963 1345 impedita,
984 1294 1059 1344 legi
1084 1295 1323 1345 perinvitu53
1362 1296 1495 1347 itaque

162 1357 404 1396 conscientia
427 1372 538 1397 meae
566 1359 782 1397 constantis
812 1373 902 1409 erga
928 1367 966 1398 te
986 1360 1198 1398 voluntatis
1225 1361 1403 1411 rescripsi
1424 1361 1495 1400 tibi

162 1422 366 1462 subiratus.
428 1423 480 1462 Iis
510 1437 601 1463 vero
636 1424 770 1463 litteris
805 1424 928 1473 lectis,
961 1439 1056 1475 quas
1093 1425 1320 1473 Philotimo,
1354 1426 1495 1466 liberto

161 1502 261 1536 meo,
285 1488 442 1537 dedisti,
459 1489 625 1539 cognovi
647 1489 898 1540 intellexique
915 1490 952 1528 in
976 1490 1176 1540 provincia
1197 1492 1341 1529 multos
1362 1490 1495 1540 fuisse,

161 1553 227 1604 qui
249 1568 334 1602 nos,
355 1568 435 1604 quo
456 1554 588 1593 animo
609 1554 709 1594 inter
730 1569 801 1594 nos
823 1569 972 1603 sumu5‚
993 1569 1078 1594 esse
1100 1557 1263 1603 nollent,
1283 1557 1333 1594 ad
1355 1557 1493 1596 urbem

103 1635 141 1656 20
160 1633 251 1658 vero
281 1627 322 1658 ut
352 1620 560 1659 accesseris
591 1622 652 1659 vel
686 1620 818 1671 potius
853 1628 895 1659 ut
925 1621 1095 1671 primum
1127 1628 1215 1659 tuos
1247 1620 1402 1669 videris,
1432 1635 1493 1661 co-

159 1698 300 1734 gnosse
328 1693 364 1724 te
392 1699 438 1723 ex
465 1684 522 1734 iis,
548 1699 625 1736 qua
654 1685 693 1724 in
724 1694 762 1725 te
791 1686 996 1725 absentem
1026 1687 1115 1733 fide,
1139 1699 1216 1736 qua
1240 1685 1279 1723 in
1307 1686 1493 1725 omnibus

159 1750 295 1788 officiis
330 1751 487 1789 tuendis
526 1765 615 1801 erga
646 1759 683 1790 te
713 1751 962 1790 observantia
996 1759 1034 1789 et
1066 1750 1287 1789 constantia
1318 1750 1489 1789 fuissem.

161 1815 300 1864 Itaque
332 1815 466 1865 quanti
501 1814 598 1854 illud
631 1830 694 1854 me
723 1815 928 1854 aestimare
961 1823 1088 1865 putas,
1119 1816 1227 1864 quod
1260 1822 1317 1853 est
1347 1815 1385 1853 in
1417 1815 1492 1854 tuis

159 1878 293 1917 litteris
328 1879 529 1930 scriptum,
561 1880 592 1918 si
627 1880 721 1930 quid
754 1880 946 1927 inciderit,
980 1881 1088 1930 quod
1123 1880 1173 1918 ad
1208 1893 1334 1918 meam
1371 1879 1493 1931 digni-

102 1962 138 1993 25
160 1951 278 1983 tatem
307 1945 511 1995 pertineat,
533 1945 605 1984 etsi
634 1945 696 1983 vix
727 1945 808 1984 fieri
839 1946 973 1996 possit,
1002 1953 1133 1984 tamen
1164 1953 1201 1984 te
1232 1959 1363 1996 parem
1396 1945 1491 1984 mihi

157 2009 318 2059 gratiam
349 2012 592 2049 relaturum?
648 2012 709 2048 Tu
737 2025 828 2050 vero
856 2011 967 2050 facile
995 2010 1137 2058 facies;
1177 2010 1272 2048 nihil
1301 2018 1358 2049 est
1386 2010 1490 2049 enim

158 2076 266 2124 quod
299 2075 431 2115 studio
463 2083 500 2114 et
539 2076 814 2115 benevolentia
846 2079 905 2115 vel
940 2090 1073 2115 amore
1108 2075 1238 2126 potius
1278 2076 1377 2115 effici
1409 2090 1490 2115 non

158 2139 290 2189 possit.

213 2207 308 2255 Ego,
331 2205 401 2244 etsi
430 2205 511 2257 ipse
540 2206 593 2255 ita
621 2206 844 2246 iudicabam
866 2216 903 2246 et
928 2209 1070 2247 fiebam
1099 2208 1235 2247 crebro
1256 2222 1278 2246 a
1300 2206 1395 2246 meis
1421 2220 1489 2258 per
1507 2219 1531 2245 2

99 2286 138 2316 30
158 2269 302 2309 litteras
332 2271 483 2319 certior,
514 2280 645 2310 tamen
677 2272 885 2312 maximam
916 2273 1103 2312 laetitiam
1135 2273 1220 2325 cepi
1251 2287 1296 2311 ex
1328 2272 1402 2311 tuis
1433 2271 1489 2310 lit-

201 2387 220 2415 3
244 2376 284 2406 ad
302 2386 352 2407 me
371 2377 426 2407 M:
452 2388 470 2407 a
488 2388 540 2408 mc
559 2378 611 2408 R:
636 2380 676 2409 ad
697 2384 728 2409 tc
749 2378 794 2409 G:
821 2380 862 2410 ad
882 2389 974 2410 meos
994 2380 1079 2411 Crat.
1212 2388 1252 2417 25
1278 2379 1384 2418 possit
1404 2379 1484 2411 GR:

158 2425 274 2460 posset
292 2419 332 2450 M
461 2432 502 2462 29
526 2422 598 2461 ipse
619 2422 716 2453 GR:
742 2427 776 2453 et
794 2423 865 2463 ipse
883 2423 968 2454 MG²
