1791 2796
100 151 186 191 XII.
208 152 315 189 xviii
610 152 663 187 M.
698 151 865 207 TVLLI
900 150 1207 189 CICERONIS

243 262 450 301 missurum
492 276 576 300 esse
616 269 761 300 temere
805 275 877 299 nec
923 268 1014 299 ante
1054 275 1172 311 quam
1212 260 1350 299 scisses
1388 274 1469 311 quo
1507 260 1580 298 iste

243 326 376 365 nescio
406 325 472 376 qui
496 325 691 365 Caecilius
716 328 859 364 Bassus
891 333 1111 376 erumperet
1139 325 1351 376 quicquam
1377 324 1470 364 certi
1491 338 1580 363 con-

243 391 479 438 stituturum,
512 390 553 429 id
585 404 657 441 ego
688 399 725 429 et
756 404 950 442 speraram
983 390 1190 441 prudentia
1220 399 1286 428 tua
1318 391 1436 429 fretus
1471 398 1509 428 et
1540 397 1582 428 ut

244 457 485 494 confiderem
521 457 696 494 fecerunt
730 465 818 494 tuae
853 455 1093 506 gratissimae
1134 455 1229 494 mihi
1268 456 1428 503 litterae,
1463 454 1582 505 idque

245 530 286 560 ut
321 520 438 560 facias
477 536 595 572 quam
640 521 878 572 saepissime,
916 531 957 561 ut
998 530 1036 560 et
1071 521 1167 572 quid
1206 530 1247 560 tu
1286 535 1376 572 agas
1416 529 1453 560 et
1487 519 1622 571 quid5

245 595 380 637 agatur
418 586 515 626 scire
554 585 702 636 possim
742 595 780 626 et
815 587 931 626 etiam
973 586 1069 637 quid
1108 595 1264 625 acturus
1303 586 1365 633 sis,
1399 586 1512 625 valde
1547 593 1584 624 te

248 667 351 703 rogo.
400 652 482 691 Etsi
504 652 712 703 periniquo
722 653 909 703 patiebar
929 652 1063 691 animo
1084 660 1121 691 te
1142 667 1164 691 a
1185 666 1247 690 me
1269 651 1429 702 digredi,
1453 659 1584 689 tamen

248 734 296 757 eo
324 727 500 769 tempore
527 733 588 757 me
619 720 862 766 consolabar,
894 721 1002 769 quod
1029 728 1067 757 et
1095 718 1133 756 in
1164 731 1363 756 summum
1394 717 1517 756 otium
1548 724 1586 755 te

250 783 302 822 ire
341 784 555 823 arbitrabar
594 792 631 822 et
665 784 715 822 ab
758 783 1079 834 impendentibus
1119 783 1269 834 magnis
1309 777 1474 834 negotiis
1513 782 1587 822 dis-

206 861 231 889 2
250 850 401 888 cedere.
461 851 686 900 Utrumque
721 858 857 888 contra
888 849 1059 897 accidit3
1097 848 1182 887 istic
1213 849 1317 887 enim
1350 848 1497 887 bellum
1529 860 1587 887 est
1610 863 1649 886 10

250 924 439 961 exortum,
470 915 535 953 hic
565 929 639 966 pax
670 924 894 962 consecuta,
926 916 995 953 sed
1025 923 1155 953 tamen
1193 914 1275 953 eius
1306 913 1412 952 modi
1444 928 1517 964 pax
1547 913 1586 951 in

249 995 337 1031 qua,
368 980 398 1018 si
428 982 598 1027 adesses,
629 982 752 1019 multa
782 989 819 1019 te
855 994 933 1019 non
966 982 1217 1027 delectarent,
1250 994 1295 1018 ea
1325 988 1456 1018 tamen
1487 993 1588 1029 quae

250 1060 299 1085 ne
338 1046 467 1097 ipsum
508 1047 716 1085 Caesarem
758 1045 919 1096 quidem
961 1047 1169 1085 delectant.
1244 1046 1442 1083 Bellorum
1483 1044 1587 1082 enim

250 1111 422 1150 cix-ilium
449 1111 472 1149 ii
500 1125 655 1161 semper
685 1111 809 1150 exitus
837 1120 937 1158 sunt,
962 1119 1003 1149 ut
1030 1125 1110 1149 non
1139 1126 1184 1150 ea
1214 1112 1341 1149 solum
1371 1112 1464 1148 siant
1488 1124 1589 1160 quae

250 1178 341 1216 velit
363 1177 495 1224 victor,
519 1178 589 1216 sed
615 1176 732 1215 etiam
762 1185 803 1215 ut
831 1176 876 1215 iis
908 1191 993 1215 mos
1023 1178 1217 1227 gerendus
1242 1176 1290 1214 sit
1311 1175 1454 1226 quibus
1484 1175 1589 1214 adiu·
1613 1192 1650 1223 ¹5

251 1243 400 1282 toribus
435 1241 482 1281 sit
522 1250 631 1293 parta
663 1242 833 1281 victoria.
912 1242 1109 1292 Equidem
1142 1242 1196 1280 sic
1228 1241 1306 1280 iam
1345 1240 1514 1280 obdurui
1549 1249 1590 1278 ut

250 1308 353 1347 ludis
375 1307 553 1347 Caesaris
576 1307 693 1346 nostri
717 1307 851 1346 animo
872 1307 1113 1357 aequissimo
1133 1307 1306 1346 viderem
1323 1308 1368 1346 T.
1387 1308 1588 1361 Plancum,

250 1374 427 1413 audirem
451 1373 590 1412 Laberi
612 1381 650 1412 et
673 1372 815 1411 Publili
838 1381 1031 1423 poemata.

307 1438 415 1477 Nihil
456 1438 551 1477 mihi
591 1446 669 1477 tam
710 1440 824 1477 desse
865 1438 962 1477 scito
1002 1453 1119 1489 quam
1153 1439 1313 1489 quicum
1353 1439 1452 1477 haec
1487 1438 1592 1476 sami-

252 1505 394 1543 liariter
433 1506 630 1555 docteque
670 1504 830 1543 rideam.
906 1506 945 1543 Is
985 1512 1025 1543 tu
1066 1504 1150 1551 eris,
1194 1504 1224 1542 si
1264 1518 1382 1555 quam
1422 1504 1591 1554 primuni
1615 1519 1653 1540 20

252 1569 428 1617 venerisg
469 1571 578 1619 quod
614 1578 655 1608 ut
695 1569 823 1616 facias,
860 1583 939 1608 non
981 1583 1067 1608 mea
1107 1571 1233 1608 solum
1275 1570 1346 1608 sed
1377 1568 1494 1608 etiam
1527 1577 1593 1607 tua

254 1636 439 1675 interesse
461 1635 635 1674 arbitror.
892 1646 895 1647 ’

300 1788 410 1822 XIX
608 1790 678 1822 Scr.
703 1790 892 1822 Roman—111.
916 1790 991 1822 Dec.
1014 1802 1044 1822 (ι.
1071 1794 1129 1829 708
1152 1791 1232 1831 &⁶2-

652 1867 828 1899 CICERO
854 1867 1130 1899 CORNIFICIO
1157 1869 1192 1920 ὃ..

221 1957 236 1982 1
314 1944 591 1984 Libentissime
612 1945 685 1994 legi
712 1954 797 1983 tuas
826 1945 994 1993 litteras;
1035 1945 1072 1983 in
1101 1944 1244 1995 quibus
1266 1943 1591 1983 iucundissimum
1616 1957 1651 1988 25

260 2011 351 2049 mibi
376 2010 459 2057 fuit,
481 2011 589 2060 quod
611 2011 776 2060 cognovi
811 2025 916 2049 meas
947 2010 1015 2049 tibi
1042 2009 1212 2049 redditas
1243 2024 1354 2057 esse,
1385 2023 1462 2047 non
1489 2007 1592 2047 enim
1623 2023 1628 2027 ·

259 2075 489 2114 dubitabam
531 2075 625 2126 quin
676 2090 740 2115 eas
784 2076 950 2115 libenter
989 2077 1158 2114 lecturus
1204 2088 1322 2122 esses,
1356 2074 1515 2112 verebar
1554 2080 1595 2110 ut

260 2142 525 2180 redderentur.
1445 2182 1449 2184 ,

318 2210 470 2247 bellum
511 2211 619 2260 quod
659 2218 715 2247 est
755 2209 791 2247 in
833 2208 940 2258 Syria
978 2207 1206 2258 Syriamque
1245 2205 1484 2257 provinciam
1524 2202 1592 2241 tibi

263 2276 446 2315 tributam
469 2290 554 2315 esse
575 2290 597 2314 a
619 2277 786 2315 Caesare
814 2290 859 2313 ex
884 2274 958 2312 tuis
989 2273 1123 2313 litteris
1153 2271 1330 2323 cognovi.
1392 2272 1489 2309 Eam
1512 2282 1591 2307 rem
1613 2281 1656 2312 30

314 2383 349 2411 ¹8
376 2381 495 2411 Publili
524 2380 674 2418 §ahsa-rt
704 2378 866 2418 ll'idfflinz
902 2378 1008 2408 Publii
1039 2377 1126 2408 codd.
1278 2387 1321 2414 3ο
1346 2373 1515 2408 ἱνὼιιῑῑιιιιἾ
1547 2374 1596 2402 ln'c

264 2427 373 2463 muju'l
390 2425 631 2462 lsragmcnsmu
646 2423 897 2453 llssllnonncnsc
931 2421 967 2459 l.)
1050 2421 1131 2452 Eam
1145 2419 1264 2451 Lamb.
1284 2431 1289 2449 z
1318 2419 1457 2450 eandem
1471 2416 1572 2448 lIDL
1587 2427 1593 2446 ε

265 2469 382 2499 cadem
402 2469 456 2499 M:
481 2479 554 2499 cam
572 2468 706 2507 quidem
724 2467 854 2498 Ernesti
