1791 2796
178 137 248 176 IV.
272 138 332 175 xii
646 140 702 178 M.
736 140 905 178 TVLLI
937 141 1246 181 CICERONIS

274 251 462 289 advectus
483 263 624 299 essem,
644 250 699 289 ibi
719 252 780 289 M.
806 253 1054 301 Marcellum,
1074 254 1280 302 conlegam
1309 261 1500 303 nostrum,
1521 268 1612 294 con-

275 315 364 354 veni
395 329 567 367 eumque
597 316 703 355 diem
730 316 785 355 ibi
812 316 1051 368 consumpsi,
1075 325 1118 356 ut
1145 331 1235 356 cum
1264 332 1312 357 eo
1339 332 1478 358 essem.
1539 321 1612 360 Po·

275 388 379 420 stero
418 381 482 421 die
513 395 605 420 cum
636 383 687 421 ab
719 396 768 421 eo
801 382 997 433 digressus
1029 396 1157 422 essem
1191 397 1239 422 eo
1273 384 1452 433 consilio,
1483 392 1526 423 ut
1559 386 1610 424 ab

275 447 444 486 Athenis
474 447 514 486 in
541 448 747 487 Boeotiam
775 447 870 487 irem
898 448 1167 499 reliquamque
1188 449 1280 488 luris
1304 449 1520 489 dictionem
1546 451 1612 489 ab·

276 513 478 560 solverem,
516 513 591 561 ille,
625 522 668 552 ut
700 513 840 562 aiebat,
875 527 991 565 supra
1024 516 1174 553 Maleas
1208 514 1248 553 in
1285 515 1439 553 Italiam
1478 528 1611 554 versus
1632 527 1649 559 5

232 577 526 629 2navigaturus
564 587 655 617 erat.
717 581 811 617 Post
849 579 955 619 diem
995 580 1152 619 tertium
1191 580 1274 619 eius
1313 580 1391 620 diei
1431 595 1521 619 cum
1560 581 1611 619 ab

276 643 444 683 Athenis
475 644 668 695 proficisci
699 643 738 682 in
768 644 904 684 animo
931 645 1128 693 haberem,
1153 645 1303 684 circiter
1332 647 1429 685 hora
1457 645 1612 685 decima

276 709 403 749 noctis
439 711 480 748 P.
506 709 744 758 Postumius,
774 710 973 749 familiaris
1005 711 1102 759 eius,
1127 712 1179 751 ad
1212 725 1275 750 me
1305 711 1413 750 venit
1443 719 1483 750 et
1514 710 1610 749 mihi

276 775 470 814 nuntiavit
511 778 566 814 M.
603 777 848 824 Marcellum,
889 778 1094 827 conlegam
1133 786 1324 825 nostrum,
1363 785 1452 828 post
1490 790 1612 816 cenae

277 849 432 893 tempus
461 855 484 880 a
515 844 556 880 P,
582 841 716 892 Magio
738 841 889 889 Cilone,
918 842 1107 881 familiare
1134 843 1226 890 eius,
1257 843 1428 894 pugione
1459 856 1612 893 percus·
1637 859 1672 880 ιο

276 921 364 946 sum
404 921 489 946 esse
525 915 563 946 et
595 909 676 946 duo
710 908 871 946 vulnera
908 907 1120 958 accepisse,
1152 922 1276 946 unum
1314 908 1355 946 in
1390 910 1608 956 stomacho,

276 973 439 1011 alterum
474 972 513 1010 in
544 972 672 1023 capite
711 973 929 1011 secundum
961 986 1121 1020 aurem3
1164 986 1317 1024 sperare
1351 980 1483 1012 tamen
1518 987 1610 1012 eum

276 1037 405 1077 vivere
439 1052 555 1089 posse
571 1053 581 1086 ,-
612 1037 792 1088 Magium
821 1051 864 1076 se
895 1037 1024 1088 ipsum
1057 1037 1297 1082 interfecisse
1325 1046 1488 1090 postea;
1518 1052 1560 1077 se
1588 1052 1612 1077 a

277 1106 469 1143 Marcello
489 1105 540 1143 ad
563 1118 624 1142 me
653 1103 815 1142 missum
837 1116 934 1151 esse,
956 1103 1023 1154 qui
1045 1104 1143 1142 haec
1164 1103 1359 1142 nuntiaret
1385 1112 1422 1142 et
1446 1112 1608 1154 rogaret,

275 1169 332 1208 uti
362 1169 538 1209 medicos
568 1169 602 1208 ei
634 1168 838 1207 mitterem.
899 1170 1039 1219 Itaque
1067 1168 1242 1207 medicos
1272 1169 1382 1219 coegi
1413 1176 1451 1207 et
1480 1183 1502 1207 e
1531 1182 1612 1208 ves·
1635 1185 1642 1206 ι
1653 1183 1671 1215 5

276 1236 370 1287 tigio
391 1250 438 1275 eo
459 1249 545 1274 sum
567 1236 765 1286 profectus
782 1234 907 1285 prima
923 1234 1019 1273 luce.
1072 1236 1174 1274 Cum
1197 1248 1277 1274 non
1294 1236 1409 1286 longe
1428 1248 1454 1273 a
1473 1234 1611 1273 Piraeo

275 1303 466 1349 abessem,
490 1314 586 1353 puer
607 1300 766 1339 Acidini
796 1300 953 1339 obviam
983 1299 1079 1338 mihi
1100 1300 1205 1339 venit
1233 1314 1323 1339 cum
1346 1299 1550 1348 codicillis,
1570 1299 1610 1337 in

275 1368 420 1419 quibus
454 1375 535 1406 erat
566 1367 754 1418 scriptum
789 1367 908 1416 paulo
946 1374 1037 1405 ante
1071 1367 1199 1405 lucem
1237 1366 1469 1404 Marcellum
1504 1365 1609 1404 diem

275 1448 390 1473 suum
429 1433 570 1473 obisse.
643 1434 704 1471 Ita
742 1431 798 1470 vir
835 1431 1071 1470 clarissimus
1109 1432 1160 1470 ab
1199 1430 1361 1469 homine
1399 1430 1610 1470 deterrimo

275 1499 527 1539 acerbissima
558 1506 682 1537 morte
710 1505 768 1537 est
798 1499 990 1545 adfectus,
1017 1506 1066 1545 et,
1101 1497 1163 1535 cui
1192 1496 1340 1535 inimici
1369 1504 1527 1547 propter
1553 1495 1609 1535 di·
1631 1512 1671 1534 20

265 1564 464 1617 'gnitatem
490 1572 757 1616 pepercerant,
789 1563 970 1602 inventus
1002 1571 1060 1602 est
1089 1562 1250 1610 amicus,
1281 1562 1347 1613 qui
1375 1562 1409 1601 ei
1442 1570 1609 1601 mortem

233 1637 256 1673 3
276 1632 439 1671 offerret.
501 1633 586 1681 Ego
607 1638 739 1668 tamen
760 1631 810 1668 ad
833 1630 1131 1668 tabernaculum
1153 1628 1237 1667 eius
1258 1629 1417 1678 perrexi.
1469 1628 1609 1667 Inveni

275 1698 375 1736 duos
397 1696 556 1735 libertos
577 1704 615 1735 et
635 1697 824 1747 pauculos
845 1708 976 1733 servos
992 1709 1001 1742 3
1029 1694 1200 1744 reliquos
1220 1693 1378 1732 aiebant
1394 1693 1610 1744 profugisse

276 1771 382 1802 metu
410 1762 642 1814 perterritos,
672 1762 780 1812 quod
811 1759 996 1799 dominus
1026 1773 1161 1799 eorum
1191 1767 1282 1798 ante
1312 1759 1608 1797 tabernaculum

276 1828 501 1868 interfectus
529 1835 640 1866 esset.
702 1828 875 1867 Coactus
903 1840 988 1864 sum
1016 1826 1054 1863 in
1086 1826 1224 1864 eadem
1256 1824 1321 1862 illa
1350 1823 1498 1871 lectica,
1531 1837 1609 1873 qua
1631 1837 1668 1869 25

276 1894 358 1944 ipse
380 1895 532 1933 delatus
553 1907 670 1941 eram,
695 1892 871 1943 meisque
899 1890 1104 1942 lecticariis
1126 1890 1324 1934 in,urbem
1352 1903 1443 1928 eum
1469 1890 1608 1928 referre

277 1958 409 2009 ibique
439 1973 509 2009 pro
538 1972 584 1997 ea
613 1958 736 2008 copia,
762 1960 863 2008 quae
895 1956 1062 1996 Athenis
1093 1963 1183 2003 erat,
1214 1957 1330 1994 funus
1353 1954 1389 1994 ei
1413 1954 1506 1993 satis
1529 1968 1609 1993 am-

277 2026 384 2076 plum
418 2024 641 2063 faciendum
673 2023 813 2062 curavi.
875 2023 938 2062 Ab
969 2021 1290 2069 Atheniensibus,
1322 2022 1453 2059 locum
1483 2021 1609 2070 sepul-

277 2097 384 2128 turae
423 2089 523 2127 intra
556 2089 693 2128 urbem
729 2096 772 2127 ut
806 2089 958 2135 darent,
990 2087 1196 2138 impetrare
1228 2100 1308 2126 non
1343 2084 1465 2137 potui,
1499 2085 1608 2135 quod

277 2154 462 2205 religione
494 2168 535 2193 se
569 2153 750 2205 impediri
781 2153 970 2201 dicerent,
1003 2166 1132 2203 neque
1153 2160 1285 2191 tamen
1317 2151 1357 2190 id
1386 2158 1502 2204 antea
1531 2148 1608 2189 cui·
1628 2164 1668 2195 30

326 2269 336 2289 1
368 2259 410 2290 M.
431 2258 505 2289 add.
525 2258 627 2289 Orelli
754 2267 774 2296 3
800 2268 874 2289 cum
892 2257 934 2289 ab
953 2282 958 2289 .
977 2281 984 2289 .
1005 2280 1013 2289 .
1034 2267 1144 2288 essem
1163 2256 1249 2297 vulg.
1266 2267 1272 2288 ι
1306 2255 1348 2286 ab
1369 2266 1409 2287 eo
1432 2255 1608 2295 digressus

279 2313 353 2334 curn
381 2312 488 2334 essem
520 2302 583 2333 GR
612 2301 775 2342 (idemque
800 2301 841 2331 ΑΙ
862 2301 919 2332 sed
941 2312 1006 2332 om.
1037 2303 1150 2331 cumi:
1189 2301 1231 2331 ab
1257 2310 1298 2331 eo
1330 2300 1503 2339 digressus
1534 2309 1607 2330 sum

278 2347 437 2378 Streiclzcr
532 2355 552 2385 5
579 2345 705 2376 Maleas
723 2344 816 2376 Man.
837 2357 843 2376 ι
869 2345 1012 2376 Maleam
1032 2344 1151 2375 Lanth.
1169 2355 1175 2375 :
1200 2343 1301 2375 maias
1320 2342 1378 2374 M:
1405 2343 1478 2374 Kal.
1501 2342 1608 2374 Maias

280 2391 343 2422 GR
480 2400 518 2420 ῐο
542 2389 701 2420 familiare
719 2389 778 2419 M:
813 2399 877 2420 -em
899 2389 982 2419 GR:
1018 2388 1039 2418 -i
1061 2389 1146 2420 Crat.
1287 2399 1324 2419 12
1348 2387 1476 2428 sperari
1498 2387 1608 2417 Baiter

282 2445 321 2474 15
343 2435 373 2466 ci
393 2434 559 2465 mitterem
578 2457 584 2465 .
605 2457 612 2464 .
633 2457 639 2464 .
662 2433 811 2464 medicos
831 2432 911 2464 GR:
938 2444 1001 2463 om.
1023 2433 1060 2463 M
