1791 2796
142 148 228 184 XV.
248 146 294 182 iv
614 147 669 183 M.
702 147 871 184 TVLLI
903 146 1210 185 CICERONIS

244 256 321 295 veri
357 256 557 296 testimoni
597 264 715 307 atque
751 256 881 304 iudici,
919 264 961 295 ut
1000 256 1353 308 praestantissimas·
1392 265 1478 296 tuas
1509 258 1579 296 vir-

244 330 345 361 tutes
373 336 453 360 non
482 321 622 360 tacitus
651 321 862 361 admirarer
883 321 988 372 (quis
1014 322 1120 361 enim
1150 320 1222 375 [te]
1251 322 1290 362 id
1318 337 1399 361 non
1427 322 1576 370 facit?)‚

243 388 313 426 sed
335 386 373 424 in
395 387 581 426 omnibus
604 386 859 434 orationibus,
877 386 1080 426 sententiis
1102 387 1293 435 dicendis,
1318 387 1444 426 causis
1465 402 1579 438 agen-

243 452 315 499 dis,
347 452 534 491 omnibus
562 452 714 503 scriptis
741 452 912 500 Graecis,
937 452 1098 500 Latinis,
1131 452 1239 491 omni
1268 453 1441 504 denique
1461 453 1579 493 varie-

244 525 321 556 tate
351 518 564 557 litterarum
599 532 774 557 mearum
811 526 848 556 te
878 532 958 557 non
989 519 1111 557 modo
1139 517 1184 556 iis
1215 532 1314 569 quos
1343 518 1577 558 vidissemus
1598 533 1614 563 5

242 585 311 622 sed
333 583 379 622 iis
399 585 450 623 de
470 584 614 634 quibus
636 584 883 623 audissemus
906 584 1091 622 omnibus
1112 585 1356 623 anteferrem.

178 657 221 694 13
297 650 472 698 Quaeres
511 651 674 689 fortasse
714 649 810 700 quid
852 649 899 688 sit
935 650 1042 700 quod
1083 664 1156 700 ego
1196 651 1272 688 hoc
1312 649 1446 689 nescio
1481 650 1576 700 quid

239 714 508 765 gratulationis
540 723 577 753 et
609 715 770 754 honoris
803 729 826 753 a
860 722 997 753 senatu
1033 714 1129 753 tanti
1160 714 1376 754 aestimem.
1449 717 1575 766 Agam

240 780 317 819 iam
348 789 478 820 tecum
508 781 755 827 familiariter,
792 790 833 820 ut
868 789 926 819 est
958 789 997 820 et
1027 780 1166 820 studiis
1197 789 1236 820 et
1267 781 1404 819 officiis
1434 780 1576 820 nostris

241 846 386 885 mutuis
421 855 458 885 et
493 861 648 886 summa
675 846 846 886 amicitia
875 846 1039 897 dignum
1068 854 1106 885 et
1136 846 1427 886 necessitudine
1457 846 1574 885 etiam
1598 861 1636 883 ιο

241 920 411 961 paterna.
472 913 511 952 Si
539 912 747 964 quisquam
776 912 847 951 suit
874 926 1063 963 umquam
1094 920 1268 951 remotus
1300 919 1337 950 et
1369 920 1507 950 natura
1538 920 1576 951 et

241 977 363 1028 magis
393 978 523 1025 etiam,
552 986 595 1016 ut
622 978 719 1017 mihi
747 977 908 1028 quidem
939 977 1083 1016 sentire
1110 977 1256 1023 videor,
1280 977 1430 1016 ratione
1457 985 1575 1028 atquc

240 1043 419 1082 doctrina
445 1044 496 1082 ab
524 1043 631 1082 inani
659 1044 775 1082 laude
805 1051 843 1082 et
870 1042 1118 1082 sermonibus
1149 1041 1264 1092 vulgi,
1295 1056 1368 1092 ego
1398 1043 1575 1093 profecto

240 1107 271 1146 is
293 1122 389 1147 sum.
450 1109 579 1148 Testis
601 1117 659 1148 est
683 1111 909 1148 consulatus
935 1123 1056 1156 meus,
1080 1109 1119 1147 in
1142 1123 1222 1159 quo
1243 1108 1343 1146 sicut
1364 1108 1404 1146 in
1425 1108 1574 1159 reliqua

239 1174 317 1212 vita
347 1176 469 1213 fateor
499 1189 543 1214 ea
575 1189 638 1214 me
668 1174 843 1214 studiose
874 1183 1050 1213 secutum
1083 1189 1129 1213 ex
1160 1174 1304 1224 quibus
1334 1188 1423 1212 vera
1451 1173 1571 1224 gloria
1595 1188 1632 1220 15

239 1240 344 1279 nasci
367 1249 509 1291 posset,
534 1240 657 1291 ipsam
680 1240 840 1291 quidem
866 1240 1027 1291 gloriam
1050 1254 1118 1290 per
1139 1255 1179 1279 se
1201 1254 1418 1291 numquam
1440 1240 1572 1291 putavi

239 1308 511 1357 expetendam.
584 1309 724 1357 Itaque
750 1315 787 1345 et
815 1306 1055 1357 provinciam
1083 1314 1259 1344 ornatam
1285 1314 1324 1345 et
1354 1319 1463 1356 spem
1493 1320 1572 1344 non

238 1372 401 1411 dubiam
427 1372 613 1423 triumphi
645 1373 807 1424 neglexi,
835 1373 1097 1412 sacerdotium
1119 1372 1302 1423 denique,
1328 1363 1429 1417 cum,
1454 1386 1572 1423 quem

237 1439 287 1477 ad
316 1439 479 1477 modum
508 1446 545 1477 te
572 1438 792 1478 existimare
816 1439 990 1486 arbitror,
1013 1453 1093 1478 non
1125 1438 1352 1477 difficillime
1383 1437 1572 1489 consequi

238 1517 406 1553 possem,
430 1517 510 1541 non
532 1503 727 1554 appetivi,
757 1503 861 1543 idem
885 1512 973 1555 post
1001 1503 1182 1543 iniuriam
1213 1511 1429 1554 acceptam,
1453 1517 1571 1554 quam
1594 1521 1632 1542 20

236 1576 277 1606 tu
300 1568 353 1607 rei
374 1583 409 1619 p.
433 1569 696 1608 calamitatem
718 1583 872 1620 semper
891 1571 1075 1620 appellas,
1100 1583 1228 1608 meam
1251 1584 1331 1609 non
1349 1570 1470 1608 modo
1491 1583 1572 1608 non

235 1634 497 1673 calamitatem
533 1636 603 1674 sed
642 1634 759 1674 etiam
799 1634 974 1686 gloriam,
1009 1635 1141 1675 studui
1172 1649 1291 1686 quam
1325 1634 1572 1674 ornatissima

234 1709 391 1739 senatus
412 1701 628 1752 populique
655 1703 701 1739 R.
726 1702 776 1740 de
802 1715 864 1739 me
892 1701 1037 1740 iudicia
1059 1701 1310 1740 intercedere.
1373 1702 1512 1751 Itaque
1534 1708 1572 1738 et

231 1780 353 1817 augur
387 1774 523 1817 postea
556 1766 637 1805 fieri
669 1766 786 1813 volui,
823 1768 931 1817 quod
965 1775 1082 1806 antea
1116 1769 1373 1818 neglexeram,
1407 1774 1445 1804 et
1479 1779 1569 1804 eum

232 1834 435 1880 honorem,
459 1832 525 1883 qui
547 1846 569 1870 a
590 1840 727 1872 senatu
751 1832 868 1872 tribui
897 1834 1013 1872 rebus
1038 1833 1189 1872 bellicis
1211 1834 1319 1878 solet,
1347 1833 1570 1882 neglectum
1593 1846 1628 1877 25

231 1912 252 1935 a
274 1912 337 1937 me
358 1898 451 1936 olim
473 1912 578 1937 nunc
603 1898 697 1937 mihi
722 1901 986 1950 expetendum
1009 1907 1116 1950 puto.
1171 1914 1179 1923 ·

168 1969 210 2005 14
289 1964 396 2001 Huic
423 1977 533 2002 meae
556 1965 760 2011 voluntati,
785 1965 822 2002 in
854 1979 932 2015 qua
956 1964 1056 2003 inest
1081 1963 1212 2014 aliqua
1239 1963 1296 2001 vis
1320 1961 1489 2001 desideri
1518 1963 1569 2000 ad

232 2030 450 2067 sanandum
482 2031 624 2068 vulnus
659 2030 832 2077 iniuriae,
865 2038 907 2068 ut
939 2031 1068 2069 faveas
1099 2029 1333 2079 adiutorque
1365 2028 1427 2075 sis,
1460 2029 1568 2078 quod

232 2096 349 2144 paulo
376 2103 467 2134 ante
490 2110 552 2134 mc
577 2110 759 2146 negaram
783 2104 1018 2145 rogaturum,
1041 2096 1295 2134 vehementer
1316 2102 1353 2133 te
1374 2107 1478 2144 rogo,
1498 2094 1567 2132 Sed

232 2159 293 2206 ita,
318 2159 347 2198 si
371 2174 449 2199 non
476 2161 649 2199 iciunum
674 2163 749 2200 lioc
772 2161 905 2200 nescio
926 2160 1033 2211 quid,
1057 2161 1165 2210 quod
1191 2173 1264 2210 ego
1283 2158 1395 2210 gessi,
1419 2166 1457 2197 et
1477 2172 1567 2197 con-
1586 2173 1628 2205 30

232 2227 491 2265 temnendum
532 2227 728 2265 videbitur
774 2227 843 2266 sed
889 2228 964 2264 tale
1002 2234 1120 2276 atque
1163 2233 1326 2271 tantum,
1368 2232 1410 2262 ut
1457 2222 1567 2261 multi

233 2305 483 2342 nequaquam
516 2291 674 2342 paribus
705 2292 820 2330 rebus
850 2292 1020 2330 honores
1050 2304 1227 2329 summos
1256 2304 1279 2328 a
1309 2297 1446 2329 senatu
1477 2302 1568 2328 con—-

233 2357 354 2395 secuti
387 2358 472 2396 sint.
535 2358 732 2408 Equidem
762 2357 877 2395 etiam
911 2357 1005 2396 illud
1035 2357 1129 2395 milii
1155 2356 1331 2395 animum
1352 2354 1565 2394 advertisse

233 2466 250 2485 2
276 2461 308 2486 te
329 2456 368 2486 M
388 2454 585 2496 chscnbetg,
605 2456 661 2487 vix
677 2459 772 2487 recle:
797 2467 863 2487 om.
883 2455 984 2487 FIID
997 2455 1072 2487 Vict.
1089 2466 1096 2486 :
1122 2455 1164 2486 dc
1182 2460 1216 2486 tc
1233 2454 1297 2486 llis.
1314 2465 1321 2485 :
1345 2453 1378 2485 in
1396 2458 1431 2485 te
1442 2451 1562 2485 Lamb.
