1791 2796
557 149 670 186 EPP.
703 148 781 186 AD
813 148 1161 186 FAMILIARES
1476 149 1544 186 IV.
1563 147 1608 184 iii

190 260 437 299 sanctitatem
461 267 499 299 et
528 259 777 310 prudentiam
807 267 845 298 et
874 259 1105 310 dignitatem
1135 266 1254 298 tuam.
1317 261 1431 297 Haec
1453 258 1523 297 tibi

189 327 239 365 ad
275 326 460 364 levandas
492 324 690 364 molestias
725 338 866 374 magna
898 339 982 363 esse
1017 324 1175 363 debent.
1236 325 1358 372 Quod
1389 332 1521 362 autem

188 404 211 429 a
232 390 306 429 tuis
327 390 434 439 abes,
454 390 495 429 id
512 404 559 429 eo
579 389 700 429 levius
725 391 931 429 ferendum
959 398 1029 437 est,
1050 391 1159 440 quod
1180 390 1320 428 eodem
1345 396 1522 439 tempore

189 470 211 494 a
232 450 362 494 multis
383 463 420 494 et
441 455 592 505 magnis
613 455 801 494 molestiis
821 455 940 503 abes3
970 469 1066 505 quas
1086 456 1137 493 ad
1158 462 1195 493 te
1216 453 1344 492 omnis
1365 453 1524 503 perscri-

150 537 168 569 5
190 521 338 569 berem,
367 520 441 559 nisi
469 535 620 559 vererer
649 535 698 559 ne
738 535 783 559 ea
815 534 1073 571 cognosceres
1108 521 1261 567 absens,
1295 534 1395 570 quae
1430 519 1523 569 quia

190 600 269 625 non
291 586 412 634 vides,
433 585 529 624 mihi
550 585 691 625 videris
722 586 882 625 mcliore
909 600 993 625 esse
1023 585 1259 624 condicione
1287 598 1405 635 quam
1436 598 1522 632 nos,

189 652 255 702 qui
277 652 465 690 videmus.

245 719 450 755 Hactenus
481 717 659 756 existimo
690 726 862 756 nostram
896 716 1207 756 consolationem
1239 724 1342 755 recte
1372 715 1521 754 adhibi·
1540 716 1564 753 3

191 791 268 821 tam
291 798 384 830 esse,
409 786 541 834 quoad
569 784 708 823 certior
737 785 786 823 ab
811 784 973 823 homine
999 776 1239 822 amicissimo
1267 784 1377 821 fieres
1403 782 1447 820 iis
1471 783 1522 821 de

134 863 169 883 10
190 848 318 896 rebus,
339 847 481 898 quibus
511 849 627 887 levari
658 857 818 899 possent
848 848 1050 888 molestiae
1078 856 1176 887 tuae.
1238 847 1407 898 Reliqua
1432 854 1522 885 sunt

189 912 227 950 in
250 920 287 951 te
308 912 393 963 ipso
414 927 543 964 neque
565 913 660 952 mihi
682 914 814 964 ignota
836 928 908 953 nec
934 913 1096 952 minima
1118 912 1272 960 solacia,
1296 920 1338 950 ut
1358 912 1520 962 quidem

188 992 261 1028 ego
282 978 420 1027 sentio,
443 980 568 1018 multo
598 979 791 1027 maxima3
830 994 931 1030 quae
961 993 1033 1030 ego
1064 979 1265 1029 experiens
1296 977 1442 1017 cotidie
1466 977 1521 1016 sic

188 1043 325 1093 probo,
348 1052 389 1082 ut
410 1058 456 1082 ea
480 1044 576 1082 mihi
602 1046 766 1084 salutem
791 1046 941 1083 adferre
962 1044 1178 1083 videantur.
1238 1046 1297 1082 Te
1317 1051 1448 1081 autem
1470 1042 1520 1081 ab

188 1107 298 1147 initio
329 1109 466 1147 aetatis
497 1109 685 1148 memoria
714 1117 830 1148 teneo
861 1124 1015 1149 summe
1044 1110 1222 1149 omnium
1253 1108 1520 1148 doctrinarum

130 1187 166 1219 ¹5
189 1172 409 1212 studiosum
440 1173 558 1212 fuisse
588 1174 810 1225 omniaque,
835 1189 935 1225 quae
965 1189 988 1212 a
1018 1173 1314 1224 sapientissimis
1341 1175 1391 1212 ad
1420 1174 1522 1212 bene

189 1237 398 1277 vivendum
431 1239 570 1278 tradita
600 1247 739 1286 essent,
764 1253 920 1278 summo
951 1239 1082 1278 studio
1112 1253 1282 1289 curaque
1313 1237 1521 1284 didicisse3

189 1317 289 1353 quae
313 1303 474 1354 quidem
496 1305 556 1342 vel
584 1304 742 1354 optimis
768 1305 883 1343 rebus
911 1312 949 1343 et
979 1304 1065 1343 usui
1096 1312 1134 1343 et
1163 1303 1415 1343 delectationi
1437 1317 1522 1342 esse

189 1376 358 1418 possent,
392 1368 451 1407 his
482 1382 573 1407 vero
604 1369 845 1420 temporibus
875 1370 1068 1408 habemus
1097 1368 1204 1408 aliud
1234 1368 1344 1417 nihil,
1372 1368 1411 1406 in
1441 1382 1520 1418 quo

188 1433 500 1484 adquiescamus.
562 1433 670 1472 Nihil
706 1433 845 1472 faciam
880 1433 1092 1473 insolenter
1123 1448 1253 1484 neque
1287 1440 1325 1472 te
1364 1432 1429 1471 tali
1461 1433 1521 1470 vel

131 1513 171 1535 20
190 1498 352 1537 scientia
380 1500 441 1537 vel
471 1507 609 1537 natura
632 1498 852 1549 praeditum
881 1499 1080 1546 hortabor,
1100 1507 1141 1537 ut
1162 1500 1213 1537 ad
1233 1512 1298 1537 eas
1323 1506 1360 1537 te
1381 1499 1522 1536 referas

189 1563 289 1611 artis,
324 1563 467 1614 quibus
506 1578 529 1602 a
566 1563 700 1614 primis
739 1564 982 1615 temporibus
1020 1564 1157 1603 aetatis
1197 1564 1370 1602 studium
1409 1571 1520 1602 tuum

189 1629 332 1668 dedisti
348 1644 357 1677 3
391 1637 542 1668 tantum
574 1629 715 1677 dicam,
745 1630 854 1680 quod
883 1637 921 1668 te
951 1644 1064 1680 spero
1093 1630 1411 1680 approbaturum,
1445 1643 1518 1676 me,
1539 1640 1565 1678 4

190 1703 464 1745 posteaquam
487 1695 540 1734 illi
561 1695 642 1742 arti,
668 1695 729 1743 cui
752 1696 990 1743 studueram,
1013 1695 1109 1733 nihil
1131 1709 1215 1733 esse
1236 1694 1310 1733 loci
1333 1708 1460 1745 neque
1483 1695 1521 1732 in

191 1759 297 1799 curia
328 1774 456 1811 neque
486 1761 527 1799 in
558 1763 642 1800 foro
671 1761 856 1808 viderem,
888 1774 1047 1799 omnem
1078 1774 1207 1798 meam
1239 1773 1369 1797 curam
1404 1767 1522 1809 atque

133 1839 171 1871 25
188 1818 359 1876 ‘operam‘
375 1827 439 1864 ad’
455 1826 745 1876 philosophiam
777 1826 998 1864 contulisse.
1058 1827 1169 1864 Tuae
1191 1824 1381 1863 ‘scientiae
1402 1826 1524 1863 excel-

186 1884 285 1929 lenti
306 1891 554 1941 ac‘singulari
576 1905 655 1930 non
682 1893 805 1930 multo
830 1893 917 1941 plus
945 1882 1063 1940 quam
1091 1898 1245 1929 nostrae
1266 1889 1443 1928 relictum
1465 1897 1523 1928 est

191 1955 276 1994 loci.
337 1958 427 2004 Qua
447 1970 486 1994 re
507 1970 587 1995 non
609 1956 793 2006 equidem
818 1965 855 1995 te
879 1971 1031 2003 moneo,
1056 1957 1125 1995 sed
1147 1955 1242 1994 mihi
1264 1956 1316 1994 ita
1336 1954 1520 2007 persuasi,

192 2029 228 2059 te
255 2035 413 2071 quoque
438 2021 477 2059 in
507 2021 633 2060 isdem
655 2022 795 2061 versari
818 2023 943 2069 rebus,
970 2036 1070 2072 quae
1098 2021 1215 2060 etiam
1237 2021 1267 2059 si
1289 2021 1418 2060 minus
1439 2035 1523 2072 pro-

191 2087 359 2133 dessent,
383 2086 558 2125 animum
580 2095 710 2125 tamen
731 2102 753 2125 a
774 2088 1037 2126 sollicitudine
1057 2088 1309 2126 abducerent.

133 2166 173 2197 30
245 2151 399 2189 Servius
438 2151 598 2201 quidem
639 2160 727 2191 tuus
771 2152 810 2190 in
854 2153 1039 2192 omnibus
1080 2151 1258 2203 ingenuis
1297 2152 1444 2191 artibus
1484 2152 1522 2190 in

191 2215 403 2266 primisque
435 2216 474 2254 in
505 2218 591 2265 hac„
620 2217 660 2255 in
692 2231 769 2268 qua
807 2232 879 2268 ego
912 2232 973 2257 me
1012 2218 1146 2268 scripsi
1177 2217 1440 2268 adquiescere,
1471 2217 1523 2255 ita

192 2289 372 2328 versatur,
410 2289 451 2319 ut
483 2283 671 2330 excellat3
709 2297 732 2320 a
766 2296 828 2322 me
857 2297 949 2322 vero
979 2283 1034 2322 sic
1063 2282 1243 2333 diligitur,
1279 2291 1320 2322 ut
1356 2281 1422 2320 tibi
1455 2281 1520 2319 uni

194 2425 222 2457 L
240 2393 277 2414 12
302 2383 422 2425 multo]
448 2384 509 2415 sed
537 2384 641 2416 multo
664 2383 776 2416 Baiter
911 2395 949 2425 15
974 2385 1234 2426 sapientissimis
1259 2385 1339 2415 viris
1365 2383 1521 2423 Marlym'-

226 2437 277 2467 ag.
