1791 2796
133 876 170 898 10

129 1567 168 1589 20

567 165 679 201 EPP.
713 165 790 200 An
823 151 1172 201 FAMILIARES
1464 163 1534 200 VI.
1557 172 1587 199 x

189 289 304 326 supra
333 275 476 327 scripsi,
511 289 611 327 quae
641 283 731 314 sunt
760 277 891 314 adhuc
922 289 1020 322 mea,
1050 282 1087 313 et
1118 288 1162 313 ea
1194 288 1294 325 quae
1326 281 1525 325 praeterea
1553 316 1555 318 ,

188 340 323 380 videor
351 340 445 380 mihi
476 355 521 379 ex
550 340 681 391 aliqua
710 348 818 391 parte
850 340 1014 379 retinere
1045 348 1246 390 tamquam
1277 354 1322 378 ex
1352 338 1524 389 reliquiis

189 406 372 457 pristinae
403 405 612 455 dignitatis.
686 407 828 455 Neque
867 405 972 444 enim
1013 405 1095 455 ipse
1128 407 1285 453 Caesar,
1318 412 1359 442 ut
1392 403 1523 442 multis

189 472 304 509 rebus
334 470 557 521 intellegere
582 470 705 521 potui,
739 479 798 509 est
827 471 978 509 alienus
1008 484 1029 508 a
1060 470 1174 508 nobis
1210 478 1247 508 et
1278 483 1415 507 omnes
1445 470 1524 507 fere

189 535 475 574 familiarissimi
518 536 600 574 eius
645 550 737 574 casu
784 536 955 574 devincti
1002 535 1152 585 magnis
1193 534 1289 573 meis
1329 534 1523 573 veteribus

188 601 324 639 officiis
356 615 419 639 me
453 601 658 651 diligenter
690 602 901 640 observant
933 608 970 639 et
1004 602 1150 639 colunt.
1212 602 1363 649 Itaque,
1396 599 1425 637 si
1457 600 1522 649 qui

189 666 284 704 mihi
305 666 375 704 erit
395 666 523 704 aditus
549 668 599 705 de
624 666 699 704 tuis
727 666 903 713 fortunis,
926 666 967 705 id
994 674 1052 704 est
1081 667 1131 704 de
1153 673 1219 703 tua
1240 664 1523 711 incolumitate,

188 731 227 769 in
257 745 336 781 qua
364 739 454 769 sunt
483 731 627 779 omnia,
649 731 801 781 agendi,
827 732 935 781 quod
962 731 1124 781 quidem
1155 730 1300 768 cotidie
1328 730 1450 779 magis
1477 744 1523 768 ex

189 810 325 835 eorum
345 796 592 835 sermonibus
616 798 792 835 adducor
819 804 862 834 ut
889 810 1053 846 sperem,
1076 809 1188 845 agam
1211 809 1278 845 per
1300 808 1361 833 me
1382 794 1464 845 ipse
1485 803 1523 833 et

189 861 336 900 moliar.
413 861 573 912 Singula
610 861 791 912 persequi
831 875 911 899 non
955 869 1013 899 est
1058 874 1250 908 necesse,
1298 859 1566 909 universum3

187 926 361 965 studium
383 940 515 965 meum
536 934 574 964 et
600 926 918 965 benevolentiam
946 927 996 964 ad
1024 933 1061 964 te
1089 926 1232 964 defero.
1293 925 1370 963 Sed
1392 925 1523 974 magni

188 1006 275 1030 mea
308 991 472 1030 interest
495 993 571 1030 hoc
600 999 689 1031 tuos
723 991 852 1031 omnis
887 991 994 1037 scire,
1028 992 1135 1040 quod
1172 990 1247 1028 tuis
1275 990 1411 1027 litteris
1442 989 1522 1028 fieri

187 1064 315 1107 potest
336 1064 378 1094 ut
399 1056 635 1106 intellegant,
655 1057 788 1095 omnia
805 1055 1007 1095 Ciceronis
1029 1064 1161 1105 patere
1177 1055 1387 1093 Trebiano.
1431 1056 1522 1093 Hoc

189 1136 236 1161 eo
256 1122 433 1172 pertinet,
458 1129 500 1160 ut
530 1122 628 1159 nihil
653 1121 875 1160 existiment
906 1135 990 1160 esse
1018 1129 1097 1160 tam
1123 1120 1280 1159 difficile
1306 1121 1413 1170 quod
1442 1134 1521 1159 non

190 1201 260 1238 pro
280 1195 318 1226 te
339 1186 434 1225 mihi
455 1195 680 1237 susceptum
702 1187 920 1226 iucundum
943 1187 990 1225 sit
1012 1188 1195 1225 futurum.

242 1293 372 1330 Antea
399 1291 590 1330 misissem
618 1293 668 1330 ad
694 1299 731 1330 te
758 1291 914 1338 litteras,
939 1291 969 1329 si
998 1304 1121 1341 genus
1153 1290 1347 1329 scribendi
1376 1290 1521 1329 inveni·
1538 1299 1564 1338 4

187 1370 296 1404 rem3
337 1356 401 1394 tali
437 1357 541 1395 enim
577 1365 753 1406 tempore
787 1364 854 1395 aut
888 1356 1082 1395 consolari
1117 1356 1332 1394 amicorum
1365 1364 1422 1394 est
1454 1364 1521 1394 aut

186 1421 370 1472 polliceri.
432 1422 715 1461 Consolatione
743 1435 823 1460 non
851 1422 999 1468 utebar,
1023 1422 1131 1471 quod
1159 1435 1205 1459 ex
1232 1421 1362 1459 multis
1390 1420 1520 1459 audie-

187 1487 277 1525 bam
309 1500 426 1537 quam
457 1487 605 1525 fortiter
633 1486 907 1536 sapienterque
939 1488 1054 1524 ferres
1086 1485 1264 1523 iniuriam
1296 1493 1517 1535 temporum

187 1566 385 1602 quamque
416 1560 453 1590 te
477 1554 730 1590 veliementer
759 1553 1026 1591 consolaretur
1056 1549 1297 1589 conscientia
1326 1551 1517 1589 factorum

186 1624 223 1655 et
255 1617 507 1656 consiliorum
543 1625 710 1656 tuorum.
773 1618 893 1665 Quod
929 1616 1090 1666 quidem
1126 1615 1154 1653 si
1191 1615 1296 1662 facis,
1331 1629 1516 1665 magnum

185 1683 352 1720 fructum
384 1682 602 1721 studiorum
634 1681 873 1732 optimorum
904 1681 1020 1731 capis,
1054 1681 1093 1718 in
1124 1679 1267 1730 quibus
1298 1688 1334 1717 te
1365 1693 1519 1730 semper

186 1746 266 1785 scio
296 1761 380 1786 esse
410 1755 616 1793 versatum,
650 1747 770 1796 idque
801 1755 842 1784 ut
878 1746 995 1784 facias
1030 1745 1147 1784 etiam
1183 1752 1302 1794 atque
1332 1744 1448 1782 etiam
1480 1753 1518 1784 te

185 1812 327 1850 hortor.
389 1812 512 1854 Simul
543 1820 581 1850 et
610 1811 706 1850 illud
742 1811 823 1857 tibi,
858 1810 1009 1849 homini
1048 1809 1283 1859 peritissimo
1318 1823 1444 1847 rerum
1480 1818 1560 1857 et5

131 1891 141 1903 ³
186 1879 453 1927 exemplorum
479 1884 516 1915 et
544 1876 672 1915 omnis
692 1875 904 1922 vetustatis,
930 1889 978 1913 ne
1008 1875 1090 1925 ipse
1121 1874 1281 1924 quidem
1307 1874 1424 1921 rudis,
1449 1876 1518 1913 sed

185 1940 224 1979 in
255 1941 385 1980 studio
416 1941 545 1980 minus
574 1942 735 1979 fortasse
766 1955 884 1991 quam
911 1941 1061 1985 vellem,
1088 1937 1157 1991 [et]
1185 1939 1223 1977 in
1255 1940 1369 1977 rebus
1399 1947 1517 1990 atque

185 2019 256 2044 usu
287 2008 374 2057 plus
404 2006 521 2045 etiam
552 2020 670 2056 quam
704 2007 843 2044 vellem
876 2014 1048 2044 versatus
1078 2005 1267 2054 spondeo,
1302 2004 1371 2042 tibi
1403 2004 1516 2043 istam

184 2072 436 2110 acerbitatem
459 2080 496 2110 et
517 2070 696 2109 iniuriam
719 2085 799 2109 non
828 2070 1052 2109 diuturnam
1083 2071 1173 2108 fore.
1235 2071 1339 2108 Nam
1362 2077 1400 2107 et
1422 2069 1514 2119 ipse,

184 2136 250 2186 qui
271 2136 482 2187 plurimum
508 2144 646 2187 potest,
670 2135 815 2175 cotidie
845 2135 941 2173 mibi
971 2134 1102 2174 delabi
1132 2136 1182 2173 ad
1212 2133 1449 2184 aequitatem
1479 2143 1517 2172 et

129 2216 140 2230 τ
184 2202 233 2240 ad
268 2215 393 2240 rerum
429 2209 607 2239 naturam
639 2200 801 2247 videtur,
835 2208 872 2239 et
906 2199 991 2249 ipsa
1024 2213 1141 2237 causa
1175 2213 1221 2237 ea
1259 2206 1326 2245 est,
1362 2210 1404 2236 ut
1439 2199 1514 2237 iam

184 2266 298 2304 simul
333 2280 421 2304 cum
459 2280 497 2304 re
532 2262 586 2316 p.‚‘
618 2279 718 2316 quae
751 2265 789 2303 in
822 2272 1054 2315 perpetuum
1095 2263 1219 2302 iacere
1259 2277 1338 2302 non
1372 2271 1512 2312 potest,

227 2379 246 2409 5
271 2380 349 2402 casu
367 2381 431 2401 om.
452 2369 636 2400 Heumann
727 2379 767 2408 25
793 2374 826 2399 et
843 2380 908 2400 0111.
931 2368 1104 2399 Lehmann
1208 2369 1250 2398 26
1274 2373 1307 2398 ct
1324 2367 1391 2398 secl.
1415 2366 1518 2397 Orcllz'

185 2414 225 2444 28
249 2414 440 2444 diuturnam
462 2413 490 2444 T
505 2413 591 2444 Crat.
607 2412 746 2444 Mallcr:
774 2423 832 2444 -ne
850 2412 937 2444 codd.
953 2411 1181 2443 Mendclssolzn
1271 2421 1314 2449 3ο
1339 2411 1380 2441 ad
1398 2421 1513 2441 verum

184 2462 302 2488 natura
319 2457 466 2498 Alladvtg,
487 2458 608 2489 iniuria
