1791 2796
545 160 657 197 EPP.
691 160 768 196 ΑΙ)
801 160 1146 197 FAMILIARES
1446 161 1539 197 XII.
1560 159 1668 197 xxiv

183 286 266 310 esse
292 279 393 309 nota.
445 272 503 309 'l'e
525 279 656 309 tamen
684 272 817 309 hortor
837 278 879 309 ut
900 270 1007 309 omni
1029 285 1121 310 cura
1142 270 1180 309 in
1209 285 1289 310 rem
1312 285 1346 322 p.
1371 271 1518 317 incum-

183 337 262 373 bas.
330 338 421 374 Hoc
465 345 522 374 est
560 336 694 383 animi,
727 337 802 374 hoc
841 344 899 374 est
933 335 1063 386 ingeni
1099 336 1167 384 tui,
1198 337 1274 375 hoc
1313 336 1396 375 eius
1435 335 1517 386 spei

184 415 302 451 quam
324 402 468 439 habere
490 402 612 440 debes
641 401 942 450 amplificandae
964 401 1162 451 dignitatis
1185 410 1284 440 tuae.
1345 402 1424 440 Sed
1445 402 1517 439 hac
1537 413 1562 439 2

183 468 233 505 de
260 481 299 504 re
326 466 419 504 alias
447 467 497 505 ad
526 475 562 505 te
590 466 776 517 pluribus.
837 468 939 506 Cum
969 466 1073 505 enim
1096 468 1193 505 haec
1223 466 1455 513 scribebam,
1479 466 1517 504 in

146 545 162 576 5
183 531 474 582 exspectatione
504 540 613 570 erant
640 531 797 579 omnia3
836 533 1015 570 nondum
1046 532 1158 582 legati
1192 532 1395 579 redierant,
1420 546 1519 582 quos

183 605 340 635 senatus
365 611 446 636 non
467 598 518 636 ad
540 611 677 648 pacem
703 598 994 647 deprecandam
1026 599 1095 636 sed
1124 599 1174 636 ad
1202 598 1519 637 denuntiandum

185 663 330 700 bellum
377 662 534 701 miserat
578 662 652 701 nisi
698 664 913 717 legatorum
965 662 1103 701 nuntio
1155 663 1355 713 paruisset.
1435 665 1520 713 Ego

186 736 327 775 tamen,
352 736 393 766 ut
420 728 590 779 primum
616 728 771 766 occasio
799 729 890 766 data
915 737 983 775 est,
1008 743 1096 768 meo
1123 728 1286 779 pristino
1310 742 1417 767 more
1439 742 1519 767 rem

186 807 221 843 p.
252 793 427 841 defendi,
458 808 520 832 1ne
550 793 767 844 principem
798 793 950 832 senatui
981 796 1210 844 populoque
1242 796 1289 832 R.
1322 795 1519 844 professus

131 876 165 897 10
186 873 271 896 sum
303 873 386 905 nec,
410 868 548 908 postea
573 873 692 908 quam
723 858 877 910 suscepi
902 873 1060 897 causam
1087 859 1286 906 libertatis,
1311 858 1517 897 minimum

186 933 340 974 tempus
361 923 473 962 amisi
495 926 665 963 tuendae
690 924 824 963 salutis
851 924 1119 975 libertatisque
1147 923 1381 964 communis.
1441 924 1519 962 Sed

186 991 282 1028 haec
304 1003 463 1039 quoque
484 998 521 1028 te
542 1004 589 1028 ex
608 989 691 1028 aliis
713 991 827 1028 malo,

239 1057 285 1093 T.
322 1055 531 1102 Pinarium,
566 1055 910 1094 familiarissimum
951 1069 1097 1103 meum,
1133 1064 1243 1094 tanto
1283 1055 1352 1093 tibi
1388 1054 1562 1093 studio3

187 1121 425 1159 commendo
450 1128 492 1158 ut
514 1120 659 1159 maiore
689 1135 768 1158 non
791 1120 937 1171 possim
958 1136 964 1164 ;
1003 1121 1065 1159 cui
1093 1135 1182 1159 cum
1206 1129 1364 1171 propter
1390 1119 1520 1159 omnis

131 1203 165 1233 ¹5
187 1186 346 1224 virtutes
377 1194 460 1223 tum
491 1185 607 1223 etiam
643 1194 800 1236 propter
832 1186 961 1224 studia
996 1186 1223 1224 communia
1254 1200 1339 1224 sum
1370 1184 1520 1223 amicis-

188 1251 319 1289 simus.
386 1253 424 1288 Is
464 1258 645 1301 procurat
683 1250 852 1289 rationes
898 1251 1133 1301 negotiaque
1176 1250 1340 1300 Dionysi
1386 1249 1521 1298 nostri,

188 1330 306 1366 quem
335 1324 372 1354 et
400 1324 440 1354 tu
466 1317 633 1354 multum
664 1330 771 1354 amas
802 1324 839 1354 et
869 1330 942 1366 ego
972 1316 1150 1354 omnium
1179 1315 1402 1366 plurimum.
1465 1317 1522 1353 Ea

189 1381 259 1420 tibi
291 1396 363 1432 ego
396 1395 475 1419 non
507 1381 637 1419 debeo
671 1382 962 1428 commendare,
997 1382 1066 1420 sed
1102 1383 1342 1420 commendo
1376 1389 1518 1419 tamen.

191 1447 324 1485 l³acies
353 1446 467 1497 igitur
496 1454 538 1484 ut
565 1461 611 1484 ex
633 1446 773 1493 Pinari,
803 1442 1009 1496 gratissimi
1040 1445 1225 1493 hominis,
1247 1445 1381 1484 litteris
1409 1453 1520 1484 tuum

131 1528 170 1549 20
189 1521 227 1551 et
248 1526 337 1562 erga
358 1511 467 1550 illum
489 1520 527 1550 et
548 1525 638 1562 erga
660 1511 896 1561 Dionysium
919 1511 1093 1550 studium
1115 1511 1410 1562 perspiciamus.

232 1665 360 1700 XXV
510 1668 578 1699 Ser.
602 1667 730 1699 Romae
744 1668 801 1699 ,νιύ
816 1668 859 1698 Κ.
882 1667 967 1708 Apta
989 1679 1022 1699 a.
1047 1678 1099 1707 711
1121 1670 1198 1708 ψ).

589 1745 758 1777 CICERO
783 1745 1059 1777 CORNIFICIO
1080 1745 1117 1776 5.

259 1822 503 1861 Liberalibus
543 1823 687 1861 litteras
726 1822 860 1873 accepi
901 1832 985 1861 tuas
1021 1836 1118 1872 quas
1153 1821 1249 1859 mihi
1286 1820 1520 1861 Cornificius
1542 1831 1557 1856 1

190 1889 310 1926 altero
349 1887 536 1926 vicesimo
574 1888 651 1935 die,
687 1896 728 1926 ut
767 1888 937 1935 dicebat,
977 1887 1158 1926 reddidit.
1231 1889 1291 1924 Eo
1334 1886 1398 1926 die
1441 1900 1521 1924 non

132 1965 170 1996 25
191 1953 260 1991 fuit
282 1962 439 1991 senatus
460 1967 589 2003 neque
610 1961 777 2003 postero.
834 1952 1147 2002 Quinquatribus
1170 1951 1362 2002 frequenti
1384 1959 1522 1990 senatu

191 2032 349 2056 causam
380 2026 484 2056 tuam
517 2017 575 2068 egi
604 2032 683 2057 non
715 2018 835 2056 invita
856 2017 1063 2065 Minerva:
1099 2017 1244 2056 etenim
1273 2032 1320 2055 eo
1346 2017 1431 2067 ipso
1458 2016 1523 2055 die

191 2092 348 2122 senatus
388 2083 559 2122 decrevit
598 2092 640 2121 ut
681 2083 860 2122 Minerva
899 2092 1040 2131 nostra,
1079 2092 1210 2122 custos
1251 2082 1367 2129 urbis,
1403 2096 1521 2132 quam

193 2150 306 2187 turbo
327 2149 532 2196 deiecerat,
556 2149 829 2188 restitueretur.
892 2151 1018 2187 Pansa
1048 2157 1134 2187 tuas
1162 2148 1306 2187 litteras
1335 2147 1519 2186 recitavit.

194 2216 341 2265 Magna
361 2223 518 2253 senatus
538 2214 771 2265 approbatio
791 2222 1004 2253 consecuta
1020 2222 1077 2252 est
1094 2227 1183 2251 cum
1205 2227 1361 2251 summo
1377 2212 1521 2262 gaudio

132 2291 173 2321 50
193 2288 230 2317 et
251 2279 467 2318 ofsensione
491 2278 715 2326 Minotauri,
739 2279 778 2318 id
805 2288 861 2318 est
884 2278 1029 2319 Calvisi
1056 2287 1094 2317 et
1114 2278 1259 2325 Tauri,
1299 2280 1442 2316 factum
1471 2277 1521 2314 de

236 2395 254 2415 2
280 2386 342 2416 hoc
359 2391 410 2415 est
428 2385 530 2415 animi
551 2385 607 2414 ill:
633 2396 698 2415 0111.
722 2385 793 2414 HD
935 2396 955 2423 9
981 2385 1185 2416 defendendi
1210 2384 1336 2413 Erus-ssa
1481 2392 1522 2421 29

192 2439 322 2460 summo
341 2439 415 2460 meo
432 2429 556 2468 gaudio
573 2429 687 2460 Baiter
706 2427 896 2470 chscnbng
912 2429 1035 2459 Miillcr
1121 2427 1262 2467 gaudio]
1280 2428 1358 2457 odio
1374 2426 1496 2457 §eluite
