1791 2796
154 128 260 166 vti
565 128 617 163 M.
651 127 818 163 TVLLI
852 127 1158 165 CICERONIS

191 253 263 278 nee
285 247 415 278 tamen
438 237 469 277 is
491 237 583 289 ipse,
607 251 629 276 a
651 251 731 288 quo
752 239 855 276 salus
882 237 1035 288 petitur,
1056 238 1173 276 habet
1202 237 1432 289 explicatam
1457 246 1524 277 aut

189 305 429 355 exploratam
447 303 638 342 rationem
657 302 791 342 salutis
808 317 901 342 suae
918 317 926 350 v;
950 316 1121 353 cumque
1139 302 1316 342 omnium
1331 304 1522 343 bellorum

190 369 314 407 exitus
342 368 476 408 incerti
505 368 592 415 sint,
616 369 666 408 ab
693 370 812 408 altera
836 368 997 407 victoria
1025 368 1094 407 tibi
1125 368 1341 419 periculum
1372 371 1522 408 nullum

190 448 273 473 esse
301 434 506 485 perspicio,
530 435 638 485 quod
661 433 821 484 quidem
847 433 1069 473 seiunctum
1091 433 1138 473 sit
1159 435 1209 473 ab
1231 434 1408 473 omnium
1431 434 1524 473 inte-

190 499 274 545 ritu,
299 500 349 538 ab
376 501 495 539 altera
517 507 554 538 te
577 499 704 550 ipsum
728 513 945 549 numquam
969 498 1145 538 timuisse
1166 507 1273 538 certo
1294 500 1385 540 scio.
1543 515 1560 546 5

148 568 171 604 3
246 564 460 616 Reliquum
491 572 548 603 est
580 572 621 603 ut
651 572 688 603 te
719 564 759 603 id
790 564 929 614 ipsum,
965 565 1073 614 quod
1105 577 1177 614 ego
1208 565 1318 614 quasi
1349 568 1525 605 consola-

192 630 308 670 tionis
342 632 431 670 loco
466 644 584 681 pono,
618 629 787 669 maxime
821 629 1026 679 excruciet,
1060 643 1272 669 commune
1307 631 1523 681 periculum

190 695 243 735 rei
273 696 464 746 publicae.
527 695 650 736 Cuius
685 695 781 734 tanti
817 695 918 742 mali,
949 695 1129 746 quamvis
1162 695 1269 734 docti
1301 696 1369 734 viri
1402 699 1525 736 multa

189 761 333 809 dicant,
359 770 489 800 tamen
512 776 645 801 vereor
666 776 716 800 ne
737 761 956 801 consolatio
979 762 1085 800 nulla
1109 760 1232 811 possit
1252 774 1341 800 vera
1368 762 1522 813 reperiri

189 835 340 878 praeter
369 827 486 874 illam,
514 841 615 878 quae
646 835 753 866 tanta
783 834 850 874 est,
875 834 1067 882 quantum
1098 825 1138 864 in
1171 826 1361 877 cuiusque
1385 827 1523 867 animo
1546 841 1584 864 10

189 893 339 933 roboris
360 901 417 932 est
439 901 557 944 atque
580 906 798 932 nervorum.
859 892 898 931 Si
920 892 1025 931 enim
1049 893 1150 931 bene
1171 891 1313 931 sentire
1340 901 1523 944 recteque

190 961 315 998 facere
337 959 428 997 satis
450 967 507 998 est
528 959 578 998 ad
601 959 702 997 bene
725 959 917 1009 beateque
939 957 1163 1005 vivendum,
1183 971 1316 997 vereor
1342 972 1392 997 ne
1419 973 1523 998 eum.

161 1058 165 1064 .
189 1024 255 1075 qui
278 1039 318 1063 se
339 1024 578 1075 optimorum
601 1023 854 1063 consiliorum
877 1023 1119 1062 conscientia
1145 1031 1360 1063 sustentare
1387 1024 1520 1075 possit,

190 1089 373 1129 miserum
397 1104 480 1129 esse
502 1091 610 1129 nefas
636 1089 683 1128 sit
711 1089 850 1129 dicere.
912 1091 998 1127 Nec
1029 1089 1133 1127 enim
1161 1103 1232 1128 nos
1259 1089 1423 1129 arbitror
1449 1090 1524 1129 vic-

190 1156 309 1195 toriae
340 1155 522 1205 praemiis
552 1156 694 1194 ductos
724 1155 888 1205 patriam
919 1154 1013 1193 olim
1041 1162 1079 1193 et
1107 1154 1250 1194 liberos
1280 1163 1318 1194 et
1350 1157 1523 1195 fortunas
1546 1169 1581 1200 15

190 1221 414 1271 reliquisse:
445 1222 512 1260 sed
533 1221 745 1281 ,quoddam
774 1220 889 1259 nobis
917 1219 1089 1259 officium
1116 1219 1260 1259 iustum
1287 1229 1324 1259 et
1350 1221 1457 1271 pium
1486 1230 1524 1261 et

189 1286 366 1326 debitum
402 1286 453 1326 rei
490 1300 525 1337 p.
557 1294 791 1337 nostraeque
825 1285 1005 1337 dignitati
1036 1285 1267 1326 videbamur
1297 1287 1407 1338 sequi
1438 1301 1521 1335 nec,

189 1366 278 1391 cum
302 1352 340 1391 id
364 1352 614 1399 faciebamus,
641 1360 719 1390 tam
741 1365 895 1391 eramus
915 1359 1104 1399 amentes,
1127 1360 1169 1390 ut
1191 1354 1389 1403 explorata
1409 1353 1524 1392 nobis

143 1429 168 1466 4
188 1426 290 1457 esset
323 1417 493 1456 victoria.
555 1419 646 1466 Qua
675 1432 726 1464 re,
763 1417 793 1455 si
827 1417 866 1456 id
899 1417 1038 1464 evenit,
1074 1419 1182 1468 quod
1214 1418 1524 1469 ingredientibus

189 1483 303 1522 nobis
339 1483 377 1520 in
412 1497 569 1521 causam
602 1482 848 1533 propositum
880 1482 949 1521 fuit
979 1482 1158 1522 accidere
1191 1497 1315 1534 posse,
1349 1498 1429 1523 non
1460 1485 1523 1523 de·
1545 1497 1584 1519 20

190 1549 328 1587 bemus
354 1548 404 1587 ita
432 1550 572 1587 cadere
599 1548 753 1588 animis,
775 1547 885 1598 quasi
916 1548 1065 1599 aliquid
1097 1549 1278 1595 evenerit,
1304 1551 1410 1600 quod
1442 1549 1521 1588 steri

189 1627 303 1664 posse
332 1627 549 1664 numquam
577 1613 804 1664 putarimus.
866 1613 996 1654 Simus
1024 1614 1138 1665 igitur
1165 1629 1210 1653 ea
1238 1623 1382 1657 mente,
1403 1628 1521 1666 quam

189 1680 285 1719 ratio
313 1688 348 1719 et
375 1679 514 1719 veritas
544 1679 785 1730 praeseribit.
807 1688 848 1718 ut
879 1679 974 1718 nihil
1007 1679 1045 1718 in
1077 1680 1153 1718 vita
1184 1679 1299 1719 nobis
1329 1688 1522 1730 praestan-

188 1747 282 1784 dum
305 1754 455 1796 praeter
479 1747 635 1796 culpam
665 1754 859 1796 putenms‚
885 1760 1009 1796 eaque
1037 1760 1128 1784 cum
1154 1759 1365 1792 careamus,
1388 1745 1521 1785 onmia

189 1813 359 1850 humana
382 1813 532 1861 pIaeate
553 1819 590 1850 et
620 1812 820 1851 moderate
847 1813 1024 1850 seramus.
1086 1813 1217 1861 Atque
1245 1812 1341 1850 haec
1367 1825 1416 1850 eo
1440 1824 1521 1861 per-
1543 1824 1579 1855 25

189 1877 283 1916 tinet
319 1877 452 1922 oratio,
486 1885 526 1915 ut
559 1876 720 1927 perditis
756 1877 871 1916 rebus
905 1877 1091 1916 omnibus
1124 1885 1255 1930 tamen
1291 1876 1375 1927 ipsa
1402 1875 1521 1915 virtus

188 1956 228 1980 se
250 1950 466 1981 sustentare
492 1956 607 1991 posse
629 1942 815 1982 videatur.
877 1944 966 1990 Sed,
990 1943 1020 1981 si
1048 1936 1105 1981 est
1133 1956 1222 1993 spes
1248 1941 1379 1992 aliqua
1406 1942 1522 1980 rebus

188 2007 477 2054 communibus,
511 2021 556 2046 ea
592 2015 643 2054 tu,
677 2007 917 2058 quicumque
949 2015 1072 2047 status
1107 2016 1164 2047 est
1199 2009 1361 2054 futurus,
1393 2020 1521 2046 carere

189 2087 266 2111 non
299 2073 431 2111 debes

147 2144 170 2182 5
244 2140 374 2187 Atque
405 2139 501 2176 haec
534 2136 627 2175 mihi
661 2137 844 2176 scribenti
870 2137 1051 2177 veniebat
1080 2137 1117 2176 in
1148 2146 1319 2177 mentem
1346 2151 1408 2176 me
1435 2151 1519 2176 esse
1541 2149 1580 2181 30

188 2217 290 2249 eum,
307 2202 417 2241 cuius
440 2211 478 2241 tu
502 2202 816 2253 desperationem
839 2217 1022 2242 accusare
1044 2203 1180 2242 solitus
1201 2217 1304 2242 esses
1321 2196 1519 2253 quemque

188 2268 418 2307 auctoritate
455 2276 518 2306 tua
553 2276 803 2307 cunctantem
841 2277 877 2307 et
912 2268 1154 2307 diffidentem
1191 2267 1367 2307 excitare.
1428 2270 1521 2316 Quo

243 2384 249 2409 ι
279 2373 468 2404 seiunctum
503 2377 598 2403 vcta:
639 2373 785 2403 iunctum
818 2371 874 2401 M:
913 2371 1030 2402 drusun(
1057 2372 1119 2403 GR
1254 2381 1293 2410 27
1320 2371 1429 2410 aliqua
1457 2370 1520 2402 GR

191 2414 324 2447 Bat'tcr:
350 2417 460 2456 aliqua
481 2428 498 2446 e
518 2415 576 2446 M:
613 2416 723 2455 aliqua
744 2417 784 2445 de
813 2415 1017 2456 Wcscnbag:
1051 2415 1183 2455 aliquae
1201 2416 1278 2446 com'.
1301 2414 1425 2446 Mulier
