1791 2796
160 143 207 180 X.
226 142 286 178 vii
607 141 662 177 M.
695 140 862 177 TVLLI
895 139 1203 179 CICERONIS

238 267 325 292 mea
353 251 628 291 adfirmatione
658 251 727 290 tibi
753 251 880 302 recepi
903 252 1001 302 (non
1032 251 1161 291 minus
1191 250 1294 290 enim
1316 265 1338 290 a
1360 258 1396 290 te
1417 251 1572 302 probari

237 332 357 369 quam
378 317 487 369 diligi
508 331 662 368 semper
682 317 798 364 volui,
822 332 895 356 nec
923 327 960 356 te
985 317 1107 368 magis
1129 317 1167 355 in
1189 319 1303 368 culpa
1325 318 1571 357 defensorem

239 383 334 422 mihi
365 382 494 434 paravi
529 396 648 433 quam
678 382 987 433 praedicatorem
1021 381 1246 421 meritorum
1282 396 1459 422 meorum
1489 396 1574 421 esse

240 448 362 498 volui)
374 463 382 495 ;
411 449 481 488 sed
502 448 721 487 breviorem
743 462 806 487 me
826 449 928 487 duae
949 461 1008 486 res
1029 447 1187 495 faciunt,
1210 461 1299 495 una,
1322 449 1431 499 quod
1451 446 1575 498 publi-

239 514 294 553 cis
324 514 459 553 litteris
494 513 628 553 onmia
662 528 749 552 sum
784 521 1022 564 persecutus,
1053 515 1184 560 altera,
1216 514 1324 564 quod
1357 515 1411 552 M.
1435 512 1575 552 Varisi-
1595 522 1611 553 5

240 579 361 627 dium,
385 579 559 631 equitem
588 581 649 626 R„
679 578 908 618 familiarem
940 592 1082 626 meum,
1109 577 1238 629 ipsum
1267 580 1318 618 ad
1348 586 1385 618 te
1415 578 1576 617 transire

198 652 222 680 2
242 645 333 684 iussi
362 660 408 684 ex
438 660 518 696 quo
542 644 676 684 omnia
700 658 937 696 cognoscere
962 658 1107 695 posses.
1168 646 1261 683 Non
1287 644 1440 684 medius
1461 643 1576 684 fidius

242 711 430 751 mediocri
458 712 594 750 dolore
618 710 831 750 adficiebar
857 724 947 749 cum
975 710 1039 749 alii
1067 724 1260 761 occupare
1286 709 1575 761 possessionem

242 777 368 815 laudis
402 776 637 824 viderentur,
670 777 739 815 sed
774 790 898 826 usque
931 775 1025 813 mihi
1062 775 1274 826 temperavi
1309 777 1404 815 dum
1440 776 1577 826 perdu-

241 856 370 881 cerem
392 856 440 880 eo
460 856 552 889 rem,
575 850 618 880 ut
639 841 802 892 dignum
822 840 971 891 aliquid
992 849 1030 879 et
1056 842 1263 879 consulatu
1285 855 1374 880 meo
1394 848 1433 879 et
1453 848 1579 879 vestra
1600 856 1638 877 10

241 907 534 958 exspectatione
565 908 770 946 efficerem.
831 907 953 956 Quod
986 920 1111 957 spero,
1145 906 1176 945 si
1212 920 1274 945 me
1309 907 1464 946 fortuna
1497 919 1577 944 non

243 972 431 1020 fefellerit,
455 986 518 1011 me
545 980 851 1012 consecuturum
878 979 920 1010 ut
945 971 1116 1010 maximo
1143 971 1339 1022 praesidio
1366 971 1419 1010 rei
1447 985 1482 1022 p.
1506 984 1579 1009 nos

243 1038 362 1078 fuisse
391 1046 429 1078 et
458 1052 564 1077 nunc
599 1037 770 1077 sentiant
801 1036 983 1077 homines
1017 1044 1055 1077 et
1084 1036 1123 1075 in
1155 1044 1356 1088 posterum
1391 1035 1580 1075 memoria

244 1112 414 1144 teneant.
474 1106 511 1142 A
532 1111 569 1143 te
591 1111 682 1154 peto
703 1111 745 1142 ut
766 1102 945 1154 dignitati
967 1116 1077 1141 meae
1104 1102 1322 1153 suffrageris
1343 1110 1392 1149 et,
1415 1115 1579 1152 quarum

244 1183 372 1209 rerum
394 1183 463 1221 spe
483 1171 534 1209 ad
555 1170 714 1209 laudem
737 1183 799 1208 me
819 1168 977 1216 vocasti,
1002 1169 1141 1207 harum
1166 1169 1293 1207 fructu
1323 1167 1363 1206 in
1387 1166 1580 1218 reliquum
1605 1181 1641 1214 ¹5

245 1234 364 1274 facias
384 1234 623 1274 alacriorem.
684 1236 776 1273 Non
803 1233 932 1272 minus
954 1247 1069 1284 posse
1090 1241 1128 1272 te
1149 1247 1266 1283 quam
1288 1234 1387 1271 velle
1412 1233 1583 1284 explora-

246 1309 328 1339 tum
352 1299 447 1338 mihi
469 1308 537 1339 est.
600 1302 677 1339 Fac
698 1301 827 1339 valeas
849 1313 991 1350 meque
1013 1306 1151 1338 mutuo
1172 1297 1320 1349 diligas.

290 1471 407 1506 VIII
474 1475 544 1505 Ser.
566 1473 598 1504 t'u
619 1473 727 1505 Gallia
751 1473 970 1514 Tnmsalpt'am
983 1472 1084 1514 paulo
1098 1476 1171 1514 post
1187 1472 1269 1504 med.
1287 1472 1386 1503 Mart.

809 1540 838 1559 a.
863 1539 916 1567 711
935 1530 1013 1568 (5455.

322 1611 532 1642 PLANCVS
560 1611 650 1641 IMP.
679 1611 777 1642 COS.
808 1610 956 1648 Dissio.
987 1611 1020 1641 S.
1052 1612 1090 1641 D.
1120 1611 1217 1642 COS.
1249 1611 1318 1641 PR.
1347 1610 1418 1641 TR.
1449 1609 1514 1641 PL.
1606 1617 1646 1639 20

450 1672 648 1704 SENATVI
676 1672 859 1704 POPVLO
887 1671 1117 1711 PLEBIQVE
1145 1670 1387 1702 ROMANAE.

220 1763 235 1790 1
309 1756 347 1795 Si
369 1755 431 1795 cui
454 1757 550 1795 forte
571 1755 706 1795 videor
726 1755 872 1795 diutius
896 1763 935 1794 et
962 1754 1167 1795 hominum
1196 1754 1528 1806 exspectationem
1550 1761 1588 1792 et

255 1835 363 1871 spem
386 1821 437 1860 rei
461 1835 496 1872 p.
515 1822 565 1860 de
587 1835 673 1860 mea
694 1822 895 1860 voluntate
916 1821 1088 1860 tenuisse
1109 1835 1353 1872 suspensam,
1370 1819 1461 1859 huic
1482 1819 1588 1870 prius

253 1887 520 1926 excusandum
554 1901 616 1925 me
648 1901 732 1925 esse
770 1886 934 1926 arbitror
965 1901 1083 1937 quam
1118 1884 1424 1937 de-insequenti
1458 1884 1588 1924 officio

254 1951 464 2001 quicquam
495 1951 559 1989 ulli
593 1952 859 2001 pollicendum
883 1967 889 1991 :
927 1967 1006 1990 non
1035 1951 1140 1991 enim
1163 1950 1408 2002 praeteritam
1430 1951 1586 2000 culpam
1609 1962 1646 1994 25

255 2016 376 2055 videri
411 2018 501 2055 volo
541 2016 764 2064 redemisse,
806 2018 875 2056 sed
915 2017 1088 2068 optimae
1128 2016 1269 2056 mentis
1303 2015 1472 2067 cogitata
1510 2014 1587 2053 iam

257 2080 408 2131 pridem
431 2089 583 2120 maturo
605 2090 781 2132 tempore
802 2083 1017 2122 enuntiare.

215 2151 240 2177 2
313 2147 405 2185 Non
439 2160 501 2185 me
533 2147 767 2196 praeteribat
801 2147 838 2184 in
876 2156 982 2186 tanta
1016 2147 1280 2187 sollicitudine
1314 2145 1520 2186 hominum
1552 2152 1590 2182 et

259 2219 336 2249 tam
381 2212 608 2262 perturbato
647 2221 749 2251 statu
788 2212 955 2251 civitatis
994 2212 1343 2253 fructuosissimam
1383 2224 1468 2250 esse
1506 2223 1591 2260 pro-

259 2276 468 2316 fessionem
504 2277 633 2316 bonae
665 2277 888 2324 voluntatis,
927 2291 1168 2329 magnosque
1200 2279 1370 2317 honores
1399 2290 1445 2315 ex
1476 2289 1522 2314 ea
1551 2289 1590 2313 rc
1611 2287 1650 2317 30

258 2342 471 2393 compluris
505 2351 740 2382 consecutos
775 2342 986 2389 videbam;
1029 2344 1099 2382 sed
1133 2357 1223 2382 cum
1257 2342 1294 2380 in
1330 2355 1420 2379 eum
1456 2354 1590 2379 casum

261 2421 321 2445 me
353 2409 507 2446 fortuna
537 2407 768 2455 demisisset,
803 2416 845 2447 ut
878 2417 945 2447 aut
977 2408 1151 2448 celeriter
1190 2407 1416 2459 pollicendo
1451 2420 1592 2458 magna
