1791 2796
162 171 248 209 XV.
267 171 296 207 ii
620 170 674 207 M.
708 169 876 208 TVLLI
909 168 1216 208 CICERONIS

247 297 327 321 non
348 284 484 333 procul
505 295 527 320 a
547 281 626 320 suis
648 280 792 320 finibus
813 280 1025 320 exercitum
1046 293 1082 331 p.
1103 282 1153 319 R.
1170 294 1265 329 esse,
1284 289 1321 320 et
1345 281 1585 330 Deiotarum,

249 346 521 386 fidelissimum
549 359 680 396 regem
710 354 829 396 atque
858 345 1142 384 amicissimum
1172 345 1226 384 rei
1255 359 1291 396 p.
1315 354 1480 394 nostrae,
1511 360 1589 386 ma-

250 413 353 452 xime
392 412 650 452 coniunctum
690 413 888 459 haberem,
932 411 1042 450 cuius
1082 419 1120 450 et
1159 411 1324 451 consilio
1367 420 1405 451 et
1446 413 1588 463 opibus

251 478 426 518 adiuvari
456 486 588 528 posset
619 491 678 516 res
708 491 743 528 p.

210 562 234 599 3
308 546 401 594 Quo
417 557 508 583 cum
529 544 568 582 in
590 545 678 582 loco
692 550 817 582 castra
833 543 1020 582 haberem
1038 542 1336 594 equitatumque
1352 543 1391 582 in
1409 543 1589 583 Ciliciam
1609 559 1626 590 5

253 610 457 657 misissem,
491 617 532 648 ut
562 617 599 647 et
630 621 740 647 meus
771 610 964 647 adventus
999 607 1044 646 iis
1079 607 1312 656 civitatibus,
1345 622 1446 659 quae
1475 608 1515 647 in
1545 622 1591 648 ea

252 684 361 726 parte
391 683 531 722 essent,
555 673 757 712 nuntiatus
787 673 976 712 firmiores
1003 672 1157 712 animos
1184 673 1363 712 omnium
1389 675 1531 712 faceret
1552 681 1590 712 et

252 753 325 790 ego
355 748 505 778 mature
535 738 631 790 quid
665 747 842 789 ageretur
882 738 921 776 in
953 738 1060 788 Syria
1099 737 1196 777 scire
1234 751 1403 789 possem,
1435 747 1590 789 tempus

253 805 336 844 eius
370 805 497 851 tridui,
533 806 641 855 quod
671 804 711 842 in
741 804 786 842 iis
817 803 951 842 castris
983 804 1173 851 morabar,
1211 804 1249 842 in
1283 817 1426 854 magno
1460 804 1590 843 officio

206 885 232 922 4
253 879 290 909 et
322 870 542 909 necessario
574 869 670 908 mihi
705 870 937 921 ponendum
977 868 1120 919 putavi.
1183 869 1285 908 Cum
1325 868 1430 908 enim
1464 877 1590 908 vestra
1610 883 1651 906 10

252 936 462 976 auctoritas
489 935 771 974 intercessisset
801 943 842 974 ut
873 948 945 985 ego
974 948 1103 985 regem
1133 934 1438 973 Ariobarzanem
1472 936 1591 974 Euse-

253 1003 344 1041 bem
376 1010 413 1041 et
453 1001 802 1040 Philorhomaeum
842 1009 969 1039 tuerer
1008 1000 1172 1050 eiusque
1211 999 1309 1050 regis
1348 1001 1513 1038 salutem
1553 1008 1590 1038 et

252 1067 565 1106 incolumitatem
594 1079 838 1117 regnumque
865 1066 1130 1112 defenderem,
1155 1065 1233 1115 regi
1260 1078 1459 1115 regnoque
1486 1078 1592 1115 prae-

217 1122 354 1172 'sidio
392 1146 530 1179 essem,
571 1131 926 1181 adiunxissetisque
965 1133 1131 1169 salutem
1173 1130 1256 1169 eius
1298 1130 1396 1181 regis
1441 1132 1590 1181 populo

253 1197 486 1248 senatuique
507 1210 671 1248 magnae
699 1209 815 1235 curae
842 1209 937 1243 esse,
961 1196 1070 1246 quod
1091 1197 1199 1234 nullo
1222 1208 1410 1246 umquam
1432 1196 1482 1235 de
1502 1209 1590 1247 rege
1613 1209 1649 1242 15

253 1266 455 1303 decretum
495 1271 596 1302 esset
634 1276 656 1301 a
695 1270 829 1300 nostro
868 1261 1017 1309 ordine,
1053 1260 1269 1300 existimavi
1304 1253 1373 1300 mev
1401 1260 1591 1300 iudicium

254 1338 425 1368 vestrum
445 1329 496 1367 ad
517 1341 647 1378 regem
665 1329 815 1366 deferre
836 1328 981 1366 debere
1002 1327 1117 1377 eique
1138 1327 1377 1377 praesidium
1400 1341 1533 1366 meum
1554 1334 1593 1366 et

254 1395 374 1433 fidem
407 1402 444 1432 et
478 1392 721 1444 diligentiam
761 1392 947 1443 polliceri,
989 1401 1042 1440 ut,
1086 1392 1274 1443 quoniam
1315 1394 1418 1431 salus
1457 1392 1589 1443 ipsius,

255 1459 505 1499 incolumitas
525 1458 633 1510 regni
655 1457 751 1497 mihi
772 1459 1051 1497 commendata
1073 1465 1174 1497 esset
1195 1471 1218 1496 a
1239 1457 1362 1507 vobis,
1386 1457 1534 1497 diceret
1561 1457 1592 1496 si

256 1525 352 1576 quid
372 1526 498 1564 vellet.
1613 1538 1653 1561 20

213 1602 239 1641 5
312 1592 426 1640 Quae
447 1604 536 1629 curn
559 1603 684 1629 essem
706 1590 745 1628 in
766 1589 932 1629 consilio
953 1604 1043 1630 meo
1071 1605 1161 1631 cum
1182 1605 1271 1644 rege
1292 1594 1456 1639 locutus,
1481 1591 1593 1630 initio

255 1657 320 1696 ille
350 1656 536 1695 orationis
567 1669 660 1694 suae
689 1655 801 1694 vobis
834 1647 1032 1704 maximas,
1056 1666 1097 1696 ut
1127 1658 1274 1706 debuit,
1299 1657 1444 1696 deinde
1474 1656 1592 1696 etiam

257 1722 353 1760 mihi
390 1721 530 1771 gratias
565 1721 652 1772 egit,
694 1722 802 1771 quod
835 1720 869 1760 ei
899 1736 1156 1773 permagnum
1189 1731 1226 1762 et
1261 1722 1592 1774 perhonorificum

257 1788 463 1826 videbatur
489 1785 641 1825 senatui
668 1799 703 1836 p.
727 1799 763 1836 q.
789 1788 835 1824 R.
860 1796 990 1826 tantae
1023 1802 1138 1827 curae
1170 1802 1254 1827 esse
1285 1790 1450 1827 salutem
1481 1801 1592 1826 suam

260 1866 402 1902 meque
423 1859 571 1890 tantam
593 1850 835 1902 diligentiam
861 1850 1050 1892 adhibere
1075 1862 1117 1892 ut
1144 1861 1182 1893 et
1204 1867 1291 1892 mea
1312 1854 1409 1892 fides
1431 1861 1468 1891 et
1489 1866 1593 1892 com·
1614 1862 1651 1895 25

260 1917 524 1956 mendationis
551 1925 701 1955 vestrae
730 1918 940 1957 auctoritas
971 1919 1136 1970 perspici
1166 1913 1308 1970 posset.
1368 1921 1500 1968 Atque
1529 1917 1594 1956 ille

260 1984 395 2034 primo,
420 1985 528 2033 quod
551 1983 644 2021 mihi
668 1985 860 2024 maximae
882 1985 1051 2024 laetitiae
1078 1984 1158 2032 fuit,
1183 1985 1235 2023 ita
1262 1997 1418 2023 mecum
1439 1985 1593 2022 locutus

260 2058 328 2096 est,
352 2058 393 2087 ut
414 2051 539 2087 nullas
562 2050 721 2090 insidias
745 2039 874 2101 ne⁰que
895 2050 996 2090 vitae
1024 2064 1116 2090 suae
1144 2064 1273 2101 neque
1299 2062 1420 2100 regno
1447 2048 1594 2087 diceret

260 2129 301 2154 se
331 2124 398 2154 aut
430 2116 653 2166 intellegere
688 2117 769 2156 fieri
807 2125 874 2156 aut
908 2117 1024 2156 etiam
1060 2115 1256 2167 suspicari.
1317 2116 1420 2155 Cum
1455 2128 1528 2165 ego
1557 2113 1592 2152 ei

260 2182 472 2232 gratulatus
512 2195 637 2220 essem
678 2182 798 2232 idque
837 2195 900 2221 me
938 2183 1108 2232 gaudere
1150 2180 1334 2220 dixissem
1376 2187 1414 2218 et
1439 2186 1591 2218 'tamen
1611 2188 1653 2221 30

261 2248 555 2286 adulescentem
577 2261 702 2286 essem
724 2249 950 2286 cohortatus
978 2255 1019 2286 ut
1043 2248 1310 2286 recordaretur
1329 2258 1463 2284 casum
1485 2245 1593 2283 illum

311 2361 348 2381 12
374 2350 646 2382 Philoromaeum
676 2350 769 2381 Man.
865 2356 896 2381 et
921 2361 986 2381 om.
1010 2349 1050 2379 M
1182 2359 1218 2388 14
1244 2349 1370 2389 populo
1392 2348 1592 2386 senatuique

264 2394 379 2430 coda.;
411 2395 446 2425 cs.
471 2395 669 2425 Mommsen.
688 2392 887 2424 staats-»rem
921 2394 964 2424 iii.
986 2404 1017 2432 p.
1042 2403 1133 2432 1257.
1159 2402 1172 2423 1
1346 2392 1384 2421 16
1407 2395 1458 2421 est
1482 2389 1594 2421 Baiter

266 2448 308 2476 30
331 2443 364 2469 et
381 2443 492 2469 tamen
541 2462 547 2469 .
570 2464 576 2469 .
595 2447 705 2469 essem
722 2436 845 2468 HDF:
869 2448 933 2467 om.
956 2437 998 2467 M
