1791 2796
571 167 682 203 EPP.
716 166 792 202 Al)
825 164 1171 201 FAMILIARES
1486 164 1556 200 XI.
1576 162 1621 199 xi

247 302 313 337 XI
381 305 451 337 Ser.
474 305 505 335 ιή
524 303 638 335 castris
654 302 824 343 1'nfi111'lms
842 301 1100 334 Statiellensium
1113 301 1198 343 prid.
1219 300 1305 332 Non.
1327 300 1410 332 Mm’.

763 368 793 388 ‹1-
817 367 870 397 711
891 357 971 399 (43)-

321 437 359 468 D.
390 436 571 468 BRVTVS
599 435 690 467 IMP.
719 435 817 467 COS.
848 434 945 466 DES.
975 435 1008 466 S.
1040 435 1078 466 D.
1107 434 1149 465 M.
1178 432 1416 465 CICERONI.

261 517 415 555 Eodem
436 516 615 566 exemplo
635 528 658 552 a
679 521 715 552 te
737 513 789 552 mi
817 513 964 552 litterae
992 512 1166 552 redditae
1196 519 1296 559 sunt,
1320 524 1399 561 quo
1426 508 1535 561 pueri
1555 519 1572 546 1

168 594 186 627 5
206 580 280 619 mei
302 582 523 619 attulerunt.
584 581 757 618 Tantum
780 592 842 617 me
870 577 939 616 tibi
967 578 1110 616 debere
1131 576 1321 623 existimo,
1344 582 1536 626 quantum

205 648 424 697 persolvere
463 645 620 685 difficile
659 653 727 684 est.
787 643 931 694 Scripsi
967 643 1037 682 tibi
1070 656 1170 693 quae
1204 641 1268 680 hic
1301 647 1533 692 gererentur.

205 713 252 750 In
283 710 419 750 itinere
449 720 506 750 est
535 710 743 758 Antonius,
776 710 827 748 ad
857 708 1052 759 Lepidum
1086 707 1366 759 proficiscitur3
1406 720 1456 745 ne
1486 706 1536 745 de

205 778 351 815 Planco
390 775 550 827 quidem
591 789 700 826 spem
740 776 870 813 adhuc
913 773 1066 821 abiecit,
1108 781 1149 811 ut
1191 787 1237 811 ex
1275 771 1414 811 libellis
1453 770 1536 810 eius

202 841 460 880 animadverti
499 840 566 891 qui
605 840 644 878 in
685 854 746 878 me
786 839 1035 886 inciderunt,
1083 838 1122 876 in
1161 837 1315 888 quibUS,
1353 851 1451 887 quos
1485 838 1536 876 ad

146 923 184 945 10
204 907 397 955 Asinium,
438 920 537 957 quos
576 906 627 944 ad
663 904 870 955 Lepidum,
908 918 1007 954 quos
1047 905 1097 942 ad
1138 905 1327 942 Plancum
1367 902 1536 941 mitteret

203 972 407 1011 scribebat.
469 974 554 1022 Ego
585 979 715 1010 tamen
747 984 826 1009 non
858 969 977 1008 habui
1006 969 1234 1020 ambiguum
1265 976 1303 1007 et
1330 967 1459 1007 statim
1484 969 1534 1007 ad

204 1039 394 1076 Plancum
429 1036 516 1075 misi
551 1045 588 1075 et
618 1036 740 1075 biduo
774 1037 824 1074 ab
855 1035 1134 1086 Allobrogibus
1166 1042 1203 1073 et
1235 1033 1353 1073 totius
1385 1032 1535 1073 Galliae

203 1105 350 1154 legatos
371 1111 554 1154 exspecto
574 1118 581 1150 3
615 1116 714 1152 quos
741 1103 993 1141 confirmatos
1017 1102 1181 1140 domum
1206 1099 1412 1138 remittam.
1472 1101 1534 1137 Tu
1553 1108 1577 1135 2

206 1183 305 1220 quae
341 1169 426 1207 istic
465 1183 563 1218 opus
602 1176 715 1207 erunt
753 1166 1013 1206 administrari
1049 1165 1272 1216 prospicies,
1306 1174 1348 1204 ut
1386 1180 1432 1204 ex
1471 1173 1537 1203 tua

154 1249 186 1280 ¹5
206 1236 405 1273 voluntate
439 1234 570 1285 reique
602 1233 782 1284 publicae
816 1233 1031 1271 commodo
1070 1233 1174 1270 fiant.
1235 1229 1537 1269 Malevolentiae

206 1299 412 1337 hominum
444 1298 482 1337 in
513 1313 585 1346 me,
609 1298 639 1336 si
670 1298 825 1348 poteris,
849 1311 1052 1344 occurres,
1087 1296 1117 1334 si
1145 1310 1225 1335 non
1256 1294 1438 1346 potueris,
1462 1296 1538 1333 hoc

205 1366 471 1412 consolabere,
514 1365 621 1414 quod
667 1377 729 1402 me
772 1365 821 1402 de
867 1370 968 1402 statu
1008 1376 1097 1401 meo
1136 1361 1251 1400 nullis
1290 1360 1538 1400 contumeliis

205 1431 397 1469 deterrere
432 1436 606 1480 possunt.
668 1430 726 1467 Pr.
765 1430 868 1468 Non.
908 1427 1000 1466 Mai.
1039 1441 1084 1466 ex
1118 1426 1252 1466 castris
1284 1426 1427 1465 finibus
1459 1428 1539 1465 Sta-

206 1495 451 1534 tiellensium.

149 1663 189 1685 20
253 1650 343 1685 XII
491 1652 561 1684 Scr.
584 1651 714 1682 Romae
730 1652 795 1682 circ.
817 1650 849 1681 1'1'1
866 1649 914 1681 Id.
937 1648 1017 1680 Mai.
1039 1660 1068 1680 a.
1092 1659 1145 1689 711
1165 1648 1247 1689 (43).

374 1736 417 1767 Μ.
447 1735 622 1767 CICERO
649 1736 682 1766 S.
712 1735 750 1765 D.
781 1734 820 1765 D.
849 1733 1006 1764 BRVTO
1034 1732 1122 1763 IMP.
1149 1732 1247 1762 COS.
1278 1730 1374 1761 DES.

260 1819 347 1858 Tris
377 1834 456 1858 uno
487 1819 551 1858 die
578 1833 601 1857 a
629 1827 664 1857 te
695 1817 827 1868 accepi
859 1816 1053 1867 epistulas,
1084 1829 1203 1853 unam
1234 1815 1391 1853 brevem
1419 1827 1537 1864 quam
1558 1823 1573 1850 1

207 1887 348 1924 Flacco
369 1884 585 1924 Volumnio
616 1885 791 1930 dederas,
821 1884 918 1921 duas
949 1880 1153 1932 pleniores,
1184 1884 1347 1930 quarum
1378 1881 1538 1918 alteram

207 1949 427 1989 tabellarius
449 1952 493 1987 T.
517 1949 610 1988 Vibi
631 1948 769 1995 attulit,
793 1949 952 1986 alteram
983 1947 1033 1985 ad
1062 1960 1123 1984 me
1149 1944 1252 1983 misit
1274 1947 1419 1994 Lupus.
1481 1946 1539 1982 Ex

148 2026 186 2057 25
207 2015 281 2054 tuis
302 2014 436 2053 litteris
458 2022 495 2054 et
516 2029 563 2053 ex
584 2014 746 2053 Graecei
769 2012 944 2052 oratione
965 2026 1045 2051 non
1069 2012 1189 2050 modo
1209 2024 1290 2049 non
1311 2009 1537 2048 restinctum

206 2081 351 2119 bellum
403 2081 473 2119 sed
520 2079 636 2118 etiam
686 2079 972 2118 inflammatum
1016 2076 1178 2115 videtur.
1257 2077 1351 2114 Non
1399 2075 1539 2114 dubito

204 2153 336 2184 autem
369 2159 438 2196 pro
473 2153 539 2183 tua
573 2144 755 2195 singulari
791 2143 998 2194 prudentia
1027 2142 1122 2192 quin
1153 2141 1374 2192 perspicias,
1406 2140 1436 2178 si
1475 2140 1539 2178 ali-

205 2211 302 2261 quid
324 2210 514 2249 firmitatis
541 2218 678 2260 nactus
703 2209 751 2248 sit
771 2208 979 2256 Antonius,
1004 2207 1137 2246 onmia
1161 2215 1227 2245 tua
1250 2206 1315 2244 illa
1344 2207 1539 2255 praeclara

205 2276 245 2314 in
284 2290 364 2315 rem
404 2290 439 2327 p.
481 2275 617 2314 merita
657 2276 708 2314 ad
752 2274 918 2313 nihilum
961 2287 1045 2312 esse
1084 2280 1254 2311 ventura.
1335 2272 1395 2308 Ita
1432 2269 1536 2308 enim

147 2351 189 2383 30
209 2343 380 2381 Romam
401 2349 480 2380 erat
501 2340 734 2388 nuntiatum,
753 2339 805 2378 ita
826 2352 1054 2390 persuasum
1076 2337 1271 2384 omnibus,
1290 2349 1380 2374 cum
1401 2334 1538 2386 paucis

338 2447 377 2477 16
399 2445 463 2477 hoe
480 2450 513 2477 te
531 2456 603 2477 con.
623 2444 717 2476 illan.
828 2445 866 2474 18
889 2455 932 2475 ex
952 2443 1014 2481 ,vel
1028 2444 1059 2483 a,
1082 2441 1204 2472 finibus
1227 2439 1414 2481 chscnbctg
