1791 2796
98 133 145 170 X.
166 133 257 169 xxii
574 132 630 168 M.
663 131 831 169 TVLLI
864 131 1172 171 CICERONIS

210 252 522 294 componeretur,
541 242 628 294 quis
649 242 764 283 fuerit
780 242 1077 294 impedimento,
1099 241 1262 281 arbitror
1283 248 1320 280 te
1341 255 1387 280 ex
1408 239 1543 280 Planci

166 322 191 349 2
210 308 344 347 litteris
375 308 615 359 cognovisse.
688 309 767 347 Sed
797 307 877 346 sive
907 307 946 346 in
976 322 1002 345 s.
1027 322 1058 345 e.
1083 306 1162 345 sive
1192 306 1231 345 in
1261 306 1398 346 ceteris
1428 307 1544 346 rebus

209 374 408 413 desideras
429 373 589 424 aliquid,
613 372 667 411 sic
689 373 759 412 tibi
784 374 986 424 persuade,
1011 380 1159 411 tantam
1181 386 1265 411 esse
1286 373 1393 423 apud
1414 371 1543 410 omnis

210 441 336 478 bonos
357 438 412 477 tui
434 439 646 486 caritatem,
670 447 712 477 ut
732 440 885 477 nullum
911 452 1035 488 genus
1056 437 1321 487 amplissimae
1342 436 1543 487 dignitatis

209 504 417 555 excogitari
438 504 571 555 possit,
604 505 713 555 quod
741 503 810 541 tibi
835 517 915 541 non
945 510 1123 554 paratum
1154 502 1212 541 sit.
1274 502 1438 541 Litteras
1460 510 1545 541 tuas
1565 510 1582 541 5

209 572 462 609 vehementer
491 577 687 621 exspecto,
717 576 755 608 et
785 567 946 619 quidem
977 567 1062 607 talis
1084 567 1209 619 qualis
1239 567 1407 607 maxime
1437 575 1542 619 opto.

209 637 319 675 Vale.

253 785 415 822 XXIII
461 789 530 821 scr.
554 789 718 821 Cularone
732 789 765 820 in
773 787 903 830 finibus
918 787 1142 830 Allobrogum
1158 786 1276 820 vz't‘ild.
1296 786 1374 820 Iun.

778 856 810 877 a·
832 854 889 885 711
906 844 989 886 (43)-

645 922 857 954 PLANCVS
883 921 1119 953 CICERONI.
1569 925 1608 948 10

181 1009 198 1036 1
271 1002 502 1052 Numquam
525 1015 587 1040 me
608 1002 796 1047 hercules,
818 1000 870 1039 mi
888 1000 1039 1048 Cicero,
1059 1014 1122 1039 me
1142 998 1359 1050 paenitebit
1381 996 1550 1038 maxima

150 1065 155 1070 ¹
215 1066 389 1117 pericula
428 1081 498 1118 pro
537 1067 660 1118 patria
699 1066 841 1114 subire,
875 1067 982 1113 dum,
1017 1065 1047 1103 si
1083 1065 1179 1115 quid
1218 1064 1405 1105 acciderit
1438 1063 1545 1110 mihi,

214 1146 236 1170 a
257 1133 561 1184 reprehensione
583 1132 811 1172 temeritatis
839 1132 977 1171 absim.
1039 1132 1258 1171 Confiterer
1284 1129 1551 1181 imprudentia

214 1212 278 1237 me
317 1200 481 1249 lapsum,
520 1198 549 1237 si
585 1212 775 1249 umquam
816 1198 970 1249 Lepido
1010 1212 1057 1236 ex
1095 1196 1229 1235 animo
1268 1195 1549 1242 credidissem3

214 1264 425 1303 credulitas
455 1263 561 1303 enim
591 1278 696 1302 error
719 1272 777 1302 est
803 1263 925 1313 magis
953 1276 1073 1313 quam
1101 1263 1229 1312 culpa,
1252 1269 1290 1300 et
1318 1261 1480 1312 quidem
1509 1260 1549 1299 in
1572 1273 1610 1305 15

214 1329 354 1380 optimi
375 1329 566 1380 cuiusque
589 1337 762 1368 mentem
785 1328 969 1368 facillime
991 1327 1157 1379 inrepit3
1187 1328 1257 1367 sed
1278 1340 1351 1377 ego
1372 1340 1452 1366 non
1474 1327 1550 1365 hoc

214 1395 310 1434 vitio
339 1409 465 1446 paene
495 1409 581 1433 sum
612 1396 814 1444 deceptus,
846 1394 1041 1444 Lepidum
1071 1392 1176 1432 enim
1205 1393 1372 1443 pulchre
1400 1405 1547 1431 noram.

216 1460 326 1509 Quid
347 1474 438 1510 ergo
460 1463 547 1499 est?
604 1461 737 1499 Pudor
765 1474 839 1507 me,
858 1459 923 1510 qui
947 1459 986 1497 in
1009 1460 1112 1498 bello
1135 1458 1304 1498 maxime
1325 1465 1384 1497 est
1404 1456 1551 1508 perieu-

215 1528 332 1573 losus,
357 1526 463 1564 hunc
493 1539 627 1564 casum
658 1525 785 1575 coegit
813 1524 967 1572 subire3
1006 1538 1097 1563 nam
1125 1523 1154 1562 si
1184 1537 1264 1563 uno
1292 1525 1380 1563 loco
1410 1536 1549 1568 essem,

217 1592 379 1631 verebar
400 1606 448 1630 ne
473 1591 535 1630 cui
557 1592 863 1631 obtrectatorum
886 1590 1036 1646 viderer
1057 1598 1095 1629 et
1117 1589 1282 1628 nimium
1303 1588 1552 1640 pertinaciter
1574 1601 1612 1623 20

177 1669 201 1696 2
220 1657 374 1709 Lepido
391 1659 562 1697 offensus
579 1665 617 1696 et
634 1671 721 1695 mea
741 1656 929 1708 patientia
949 1656 1066 1696 etiam
1087 1657 1189 1695 alere
1210 1656 1369 1694 bellum.
1412 1656 1552 1704 Itaque

218 1722 352 1773 copias
392 1737 514 1773 prope
554 1722 592 1760 in
633 1730 892 1773 conspectum
942 1721 1082 1773 Lepidi
1126 1720 1357 1771 Antonique
1405 1718 1551 1758 adduxi

218 1788 555 1839 quadragintaque
587 1787 752 1826 millium
780 1801 967 1838 passuum
999 1787 1126 1838 spatio
1157 1785 1292 1825 relicto
1317 1784 1479 1824 consedi
1505 1798 1553 1823 eo

218 1853 384 1893 consilio
406 1861 447 1891 ut
469 1855 529 1892 vel
558 1853 733 1892 celeriter
757 1855 945 1892 accedere
968 1855 1028 1892 vel
1047 1846 1270 1891 ‘salutariter
1297 1850 1468 1901 recipere
1490 1863 1553 1888 me

218 1933 386 1970 possem.
447 1919 622 1958 Adiunxi
643 1921 740 1959 haec
762 1919 801 1957 in
823 1921 912 1959 loco
935 1919 1128 1969 eligendo,
1154 1906 1302 1957 flumen
1325 1915 1551 1967 oppositum
1575 1929 1611 1962 25

218 1994 260 2023 ut
281 1986 479 2033 haberem,
505 1985 542 2023 in
566 1999 645 2035 quo
663 2000 771 2024 mora
792 1985 975 2023 transitus
998 1992 1110 2032 esset,
1128 1982 1315 2023 Vocontii
1337 1983 1410 2021 sub
1433 1995 1553 2020 manu

220 2059 261 2089 ut
300 2060 440 2097 essent,
483 2065 551 2101 per
590 2065 755 2101 quorum
798 2053 885 2090 loca
924 2051 1090 2090 fideliter
1133 2049 1227 2088 mibi
1274 2056 1424 2099 pateret
1470 2047 1550 2086 iter.

224 2116 396 2166 Lepidus
431 2118 639 2166 desperato
673 2118 844 2155 adventu
887 2130 986 2161 meo,
1025 2129 1142 2166 quem
1185 2128 1264 2153 non
1305 2112 1554 2153 mediocriter

221 2182 416 2232 captabat,
458 2196 498 2219 se
538 2196 626 2220 cum
670 2181 845 2220 Antonio
885 2181 1087 2220 coniunxit
1126 2195 1158 2218 a.
1186 2181 1222 2219 d.
1261 2192 1323 2217 1111
1361 2180 1410 2217 K.
1449 2177 1551 2223 Iun.‚

222 2247 445 2297 eodemque
473 2246 536 2285 die
560 2248 610 2285 ad
639 2260 701 2285 me
728 2254 851 2285 castra
884 2253 1098 2285 moverunt.
1159 2244 1307 2295 Viginti
1328 2242 1448 2282 millia
1468 2256 1551 2293 pas·
1570 2256 1612 2287 30

180 2325 206 2362 3
226 2325 339 2350 suum
371 2325 459 2350 cum
491 2312 683 2357 abessent,
712 2325 769 2349 res
801 2310 895 2348 mibi
926 2310 1102 2348 nuntiata
1131 2318 1197 2348 est.
1260 2307 1363 2347 Dedi
1392 2320 1551 2358 operam

481 2426 520 2455 19
545 2416 569 2446 si
588 2415 675 2446 codd.
693 2426 698 2444 ε
725 2415 787 2446 nisi
811 2414 998 2456 IVesenbctg
1017 2415 1146 2453 Midlrr,
1165 2415 1203 2454 rs.
1224 2415 1270 2445 18.
1289 2423 1310 2453 3
