1791 2796
491 161 602 198 EPP.
637 162 713 198 AD
746 161 1093 198 FAMILIARES
1422 160 1540 197 XIII.
1560 159 1606 196 ix

168 307 236 343 ῙΧ
381 310 464 345 Ser..
487 316 523 342 ul
539 311 672 346 vt'demr,
700 311 796 342 Tarsi
810 311 858 342 vel
872 323 921 343 ex.
943 322 973 343 a.
998 322 1052 352 705
1076 312 1137 352 ²51*
1157 312 1205 344 vc?

646 368 691 398 1'17.
713 378 744 398 (1.
769 377 828 406 704
850 366 928 408 (50).

516 455 691 486 CICERO
717 455 998 486 CRASSIPEDI
1027 456 1061 486 S.

181 546 435 596 Quamquam
479 545 549 584 tibi
593 559 776 596 praesens
820 545 1108 594 commendavi,
1146 554 1187 584 ut
1227 546 1338 596 potui
1379 545 1496 585 dili-1

90 628 107 660 5
126 610 362 661 gentissime,
379 610 507 650 socios
525 610 732 661 Bithyniae
753 618 871 660 teque
893 625 982 649 cum
1005 624 1092 649 mea
1113 611 1461 650 commendatione

127 684 211 714 turn
239 675 355 714 etiam
385 684 449 714 tua
485 684 625 726 sponte
655 675 826 714 intellexi
857 689 1000 726 cupere
1031 675 1065 714 ei
1096 676 1273 715 societati
1304 677 1462 726 quibus-

127 754 299 791 cumque
334 740 449 778 rebus
484 754 619 791 posses
646 742 911 787 commodare,
940 749 1071 779 tamen
1102 754 1192 779 cum
1223 741 1258 788 ii,
1292 755 1459 791 quorum

128 820 186 844 res
217 805 350 856 agitur,
376 807 506 855 magni
536 819 607 844 sua
636 805 823 844 interesse
853 806 1129 844 arbitrarentur
1158 819 1221 844 me
1251 806 1368 845 etiam
1394 820 1462 857 per

128 871 272 910 litteras
303 872 500 909 declarare
527 870 596 909 tibi
627 884 705 921 qua
736 884 862 910 essem
893 885 981 921 erga
1009 870 1114 921 ipsos
1142 873 1353 919 voluntate,
1381 885 1461 909 non

71 955 112 978 10
129 935 304 975 dubitavi
330 937 427 974 haec
454 937 503 987 ad
526 944 564 974 te
593 935 771 975 scribere.
832 938 936 975 Volo
960 936 1065 975 enim
1088 944 1124 974 te
1145 936 1364 976 existimare
1386 950 1459 983 me,
1481 951 1504 979 2

130 1015 220 1040 cum
264 1000 445 1039 universo
489 999 616 1039 ordini
661 1001 962 1051 publicanorum
1009 1015 1162 1052 semper
1205 1002 1463 1040 libentissime

130 1065 330 1105 tribuerim
359 1065 478 1115 idque
506 1066 656 1116 magnis
684 1066 767 1104 eius
795 1066 942 1105 ordinis
964 1079 1053 1116 erga
1080 1080 1142 1105 me
1171 1067 1317 1106 meritis
1338 1069 1464 1106 facere

131 1131 345 1178 debuerim,
369 1139 452 1169 tum
480 1131 519 1168 in
547 1131 680 1181 primis
710 1131 882 1170 amicum
913 1146 996 1170 esse
1027 1131 1118 1170 huic
1147 1133 1378 1182 Bithynicae
1408 1147 1466 1171 so-

132 1196 273 1244 cietati,
298 1209 398 1246 quae
426 1195 591 1234 societas
623 1196 760 1235 ordine
791 1196 877 1246 ipso
907 1204 944 1234 et
972 1196 1178 1235 hominum
1208 1212 1351 1248 genere
1378 1212 1465 1249 pars

76 1282 111 1314 15
132 1270 190 1301 est
217 1261 386 1300 maxima
413 1261 578 1299 civitatis
603 1261 774 1312 (constat
802 1261 906 1300 enim
938 1276 984 1300 ex
1013 1262 1150 1300 ceteris
1181 1263 1463 1313 societatibus),

132 1336 170 1366 et
191 1341 282 1366 casu
304 1326 486 1377 permulti
509 1334 599 1364 sunt
616 1326 654 1364 in
676 1340 721 1365 ea
742 1326 928 1365 societate
945 1328 1058 1365 valde
1080 1327 1175 1365 mihi
1197 1328 1404 1366 familiares
1426 1328 1465 1366 in

133 1392 346 1444 primisque
366 1391 407 1439 is,
432 1391 542 1430 cuius
564 1391 817 1442 praecipuum
840 1393 1011 1430 officium
1033 1392 1158 1442 agitur
1178 1395 1253 1432 hoc
1275 1402 1462 1444 tempore,

134 1461 174 1497 P.
200 1457 381 1508 Rupilius
404 1459 444 1494 P.
470 1459 491 1495 f.
519 1459 639 1505 Men„
659 1457 725 1507 qui
747 1466 805 1496 est
826 1457 1009 1507 magister
1030 1458 1068 1495 in
1089 1472 1135 1497 ea
1155 1459 1352 1498 societate.

188 1526 302 1574 Quae
332 1537 421 1562 cum
452 1523 504 1561 ita
541 1523 627 1571 sint,
658 1522 698 1560 in
734 1522 920 1561 maiorem
956 1524 1119 1562 modum
1149 1537 1172 1562 a
1201 1532 1238 1563 te
1267 1532 1360 1575 peto
1388 1526 1460 1564 Cn.
1483 1532 1506 1568 3

76 1607 117 1630 20
136 1590 315 1641 Pupium,
351 1591 417 1640 qui
457 1596 513 1627 est
553 1589 592 1626 in
633 1588 760 1638 operis
801 1588 883 1626 eius
923 1588 1130 1636 societatis,
1165 1590 1349 1629 omnibus
1389 1591 1465 1629 tui-s

135 1656 271 1696 officiis
312 1664 430 1706 atque
474 1655 582 1694 omni
622 1654 852 1693 liberalitate
894 1661 1026 1692 tueare
1074 1667 1264 1705 curesque
1304 1664 1345 1693 ut
1384 1655 1466 1694 eius

135 1736 286 1773 operae,
324 1723 432 1772 quod
466 1721 537 1760 tibi
573 1721 683 1760 facile
720 1722 823 1759 factu
860 1728 928 1767 est,
964 1733 1081 1769 quam
1116 1720 1356 1770 gratissimae
1392 1721 1467 1759 sint

135 1788 261 1836 sociis,
294 1802 454 1838 remque
489 1796 526 1827 et
555 1787 763 1826 utilitatem
801 1785 996 1824 sociorum
1030 1785 1157 1835 (cuius
1192 1785 1245 1823 rei
1280 1794 1467 1835 quantam

135 1862 370 1905 potestatem
398 1842 582 1906 quaestor
607 1855 749 1893 habeat
779 1867 859 1891 non
891 1866 978 1890 sum
1004 1850 1176 1901 ignarus)
1198 1864 1266 1900 per
1286 1859 1324 1889 te
1348 1864 1467 1902 quam

79 1930 116 1962 25
136 1920 304 1960 maxime
338 1923 541 1960 defensam
576 1928 614 1959 et
644 1928 800 1959 auctam
835 1919 940 1957 velis.
1002 1918 1049 1955 Id
1084 1929 1175 1954 curn
1210 1916 1305 1954 mihi
1338 1917 1468 1967 gratis—

137 1986 280 2024 simum
304 1986 450 2034 feceris,
474 1995 557 2024 turn
585 1985 681 2024 illud
706 1984 775 2023 tibi
803 1992 982 2035 expertus
1010 1982 1196 2033 promitto
1217 1990 1254 2020 et
1275 1983 1464 2032 spondeo,

137 2058 175 2089 te
209 2051 336 2089 socios
372 2051 589 2101 Bithyniae,
624 2050 654 2088 si
689 2050 734 2088 iis
773 2048 1047 2096 commodaris,
1083 2060 1275 2086 memores
1315 2060 1399 2086 esse
1430 2056 1467 2086 et

136 2124 264 2165 gratos
294 2115 552 2166 cogniturum.

185 2230 222 2250 12
247 2219 419 2250 tribuerim
438 2221 629 2259 plurimum,
646 2220 746 2260 idque
762 2220 891 2260 Kayser
910 2220 1106 2261 ll’eseubetg.
1123 2220 1180 2250 sed
1194 2220 1230 2259 qs.
1250 2230 1291 2258 70
1429 2229 1465 2258 14

138 2264 256 2294 ordine
274 2264 348 2304 ipso
366 2268 399 2294 et
417 2263 510 2295 HD:
535 2264 662 2304 ordine,
683 2265 757 2304 ipso
775 2264 816 2295 M
831 2264 1059 2295 Mendelssolm
1077 2276 1083 2295 :
1108 2265 1181 2304 ipso
1198 2263 1326 2294 Ernest1
