1791 2796
144 140 191 177 X.
211 139 320 176 xxvi
634 139 690 176 M.
723 139 892 177 TVLLI
924 138 1231 177 CICERONIS

266 250 478 290 concordia
504 249 655 295 scribis,
676 249 715 288 in
741 263 789 288 eo
809 251 870 289 vel
898 250 1108 288 maximam
1136 263 1247 300 spem
1274 261 1382 300 pono
1401 249 1596 289 victoriae.

269 319 330 355 De
351 317 553 354 Gallorum
576 315 708 354 studio
730 329 801 353 nos
827 315 1042 366 aliquando
1069 328 1365 365 cognoscemus,
1388 323 1429 353 ut
1450 315 1597 363 scribis,

266 382 378 421 cuius
404 381 442 420 id
468 395 587 432 opera
613 381 781 419 maxime
810 381 1020 419 excitatum
1047 380 1120 420 sit:
1149 381 1218 419 sed
1240 380 1330 427 iarn,
1353 380 1449 418 mihi
1470 382 1599 429 crede,

266 447 534 499 cognovimus.
597 448 737 497 Itaque
762 446 1057 485 iucundissimis
1079 446 1154 485 tuis
1175 445 1311 485 litteris
1331 448 1599 485 stomachatus

267 527 353 552 sum
385 513 424 551 in
455 521 656 559 extremo3
686 511 822 550 scribis
847 511 967 558 enim,
988 511 1019 549 si
1047 511 1086 549 in
1114 511 1299 550 Sextilem
1327 511 1497 560 comitia,
1520 511 1599 550 cito
1619 527 1636 556 5

267 587 319 626 te,
339 578 398 617 sin
420 578 495 616 iam
522 579 717 623 confecta,
740 577 865 625 citius,
889 590 938 615 ne
968 576 1116 615 diutius
1145 590 1236 615 cum
1266 577 1441 626 periculo
1470 578 1599 616 fatuus

223 654 247 681 2
267 644 328 683 sis.
389 645 425 683 O
460 643 510 681 mi
548 643 681 689 Furni,
714 656 834 692 quam
865 650 907 680 tu
939 650 1047 680 tuam
1082 655 1240 681 causam
1272 656 1352 680 non
1384 642 1497 690 nosti,
1532 642 1599 693 qui

265 709 413 748 alienas
434 717 513 747 tarn
535 708 648 746 facile
669 707 797 746 discas
815 710 821 745 l
879 708 943 745 Tu
964 720 1070 745 nunc
1090 707 1345 746 candidatum
1367 715 1405 746 te
1426 715 1539 758 putas
1560 715 1597 746 et

264 776 304 814 id
335 775 494 826 cogitaS,
529 782 571 812 ut
603 782 669 831 aut
700 775 751 812 ad
783 773 944 812 comitia
975 786 1105 812 curras
1131 781 1209 820 aut,
1239 773 1270 811 si
1298 773 1373 811 iam
1403 775 1597 821 confecta,

263 841 372 879 domi
394 849 483 879 tuae
505 840 571 887 sis,
591 853 640 878 ne
661 852 751 877 cum
781 839 953 877 maximo
980 839 1166 889 periculo,
1189 846 1231 877 ut
1252 838 1401 886 scribis,
1422 838 1597 877 stultissi-
1619 851 1658 874 ιο

264 919 350 944 mus
371 905 452 944 sis?
510 907 603 944 Non
624 904 790 944 arbitror
810 912 848 943 te
869 904 922 942 ita
944 904 1112 951 sentire;
1141 904 1270 943 omnis
1298 904 1403 943 enim
1430 912 1519 943 tuos
1545 906 1597 944 ad

262 972 421 1009 laudem
452 971 623 1021 impetus
653 970 755 1008 novi.
817 970 939 1018 Quod
970 969 1000 1007 si
1031 978 1073 1008 ut
1103 970 1239 1008 scribis
1269 969 1323 1008 ita
1351 969 1485 1018 sentis,
1515 984 1596 1009 non

263 1037 384 1087 magis
420 1044 458 1075 te
497 1049 617 1086 quam
656 1037 706 1074 de
745 1043 784 1074 te
819 1035 1008 1074 iudicium
1047 1036 1295 1086 reprehendo
1334 1049 1477 1074 meum.
1537 1038 1597 1075 Te

261 1102 507 1153 adipiscendi
548 1100 795 1151 magistratus
827 1100 1013 1139 levissimi
1047 1109 1085 1139 et
1124 1100 1435 1151 divulgatissimi,
1474 1101 1505 1139 si
1544 1101 1596 1140 ita

261 1167 479 1217 adipiscare
518 1175 561 1205 ut
599 1166 791 1217 plerique,
830 1178 1091 1216 praepropera
1129 1166 1327 1204 festinatio
1364 1168 1536 1206 abducet
1574 1181 1596 1206 a
1620 1181 1655 1213 ¹5

262 1233 380 1271 tantis
415 1233 612 1279 laudibuS‚
644 1231 789 1282 quibus
820 1238 859 1270 te
893 1245 1032 1270 omnes
1064 1231 1104 1269 in
1135 1233 1288 1270 caelum
1321 1231 1402 1271 iure
1436 1241 1474 1271 et
1508 1246 1596 1271 vere

262 1299 420 1337 serunt?
477 1297 634 1336 Scilicet
660 1297 701 1335 id
727 1296 852 1347 agitur
881 1304 1011 1335 utrum
1039 1298 1113 1335 hac
1140 1297 1330 1347 petitione
1349 1311 1399 1336 an
1420 1297 1596 1348 proxima

263 1371 417 1414 praetor
439 1364 518 1410 fias,
541 1376 622 1401 non
653 1370 695 1401 ut
724 1362 778 1401 ita
806 1363 856 1401 de
886 1376 926 1401 re
955 1376 991 1413 p.
1022 1376 1208 1411 mereare,
1236 1363 1344 1402 omni
1375 1365 1525 1403 honore
1554 1372 1596 1402 ut

220 1433 244 1469 3
262 1428 517 1479 dignissimus
542 1428 725 1467 iudicerc.
786 1429 932 1467 Utrum
960 1428 1088 1466 nescis
1115 1442 1233 1479 quarn
1258 1430 1335 1467 alte
1358 1430 1593 1477 ascenderis,

260 1508 310 1532 an
333 1508 403 1544 pro
424 1493 548 1532 nihilo
569 1494 609 1532 id
630 1495 773 1543 putas?
830 1493 869 1532 Si
890 1493 1031 1541 nescis,
1045 1493 1115 1532 tibi
1137 1494 1309 1543 ignosco,
1326 1507 1399 1533 nos
1419 1495 1458 1533 in
1479 1497 1595 1545 culpa
1618 1508 1656 1529 20

261 1573 421 1606 sumus,
451 1559 509 1597 sin
532 1558 735 1609 intellegiS,
758 1559 837 1596 ulla
857 1558 927 1597 tibi
955 1566 1012 1597 est
1042 1567 1221 1609 praetura
1241 1561 1299 1598 vel
1322 1560 1462 1607 officio,
1485 1562 1594 1610 quod

262 1624 387 1675 pauci,
406 1626 466 1663 vel
493 1623 626 1675 gloria,
649 1637 768 1674 quam
791 1637 928 1662 omnes
950 1632 1178 1674 sequuntur,
1195 1624 1376 1663 dulcior?
1434 1627 1523 1664 Hac
1544 1627 1594 1664 de

260 1704 300 1728 re
321 1698 358 1728 et
379 1703 452 1740 ego
474 1698 512 1728 et
534 1689 739 1736 Calvisius,
762 1690 884 1728 homo
913 1689 1043 1739 magni
1072 1689 1190 1728 iudici
1219 1689 1355 1740 tuique
1378 1690 1594 1729 amantissi-

260 1769 358 1802 mus,
382 1764 419 1794 te
439 1768 671 1794 accusamus
692 1754 847 1793 cotidie.
907 1753 1079 1793 Comitia
1107 1762 1249 1802 tamen,
1273 1755 1458 1805 quoniam
1481 1770 1527 1794 ex
1548 1756 1593 1794 iis

259 1822 420 1870 pendes,
450 1828 642 1871 quantum
671 1821 797 1858 facere
829 1833 1051 1870 possumus,
1085 1821 1193 1870 quod
1229 1821 1361 1859 multis
1388 1822 1438 1859 de
1465 1821 1592 1860 causis
1614 1834 1652 1865 ²5

259 1886 312 1923 rei
353 1900 388 1936 p.
427 1886 660 1925 arbitramur
694 1886 932 1931 conducere,
963 1885 1001 1923 in
1039 1886 1264 1938 Ianuarium
1298 1900 1473 1926 mensem
1508 1900 1593 1937 pro-

258 1951 462 1989 trudimus.
524 1951 650 1990 Vince
672 1950 785 2001 igitur
805 1959 843 1990 ct
864 1953 958 1990 vale.

302 2075 481 2110 XXVII
531 2078 600 2110 Scr.
619 2079 971 2120 R0n1ae.2·1·1·1·K.Apr.
986 2081 1147 2120 vespm-ia.
1165 2090 1219 2120 711
1236 2079 1319 2122 (43).

709 2150 885 2181 CICERO
912 2151 1082 2182 LEPIDO
1108 2151 1142 2182 S.

223 2239 237 2266 1
313 2228 433 2276 Quod
457 2227 551 2265 mihi
574 2241 644 2278 pro
665 2241 818 2266 summa
839 2242 928 2278 erga
944 2237 981 2267 te
1003 2229 1278 2268 benevolentia
1294 2241 1458 2278 magnae
1474 2242 1589 2269 curae
1610 2246 1650 2278 30

257 2302 325 2339 est,
346 2301 386 2330 ut
408 2306 527 2343 quam
549 2292 790 2343 amplissima
811 2293 1000 2343 dignitate
1022 2294 1082 2340 sis,
1103 2295 1267 2332 moleste
1288 2293 1356 2332 tuli
1378 2301 1415 2332 te
1437 2294 1588 2332 senatui

255 2357 396 2407 gratias
425 2372 504 2397 non
527 2357 662 2408 egisse,
686 2371 776 2396 cum
804 2371 909 2397 esses
936 2359 986 2396 ab
1014 2373 1061 2397 eo
1086 2359 1224 2398 ordine
1245 2365 1404 2397 ornatus
1424 2359 1588 2397 summis

357 2467 397 2496 27
424 2457 524 2496 igitur
541 2462 574 2487 te
592 2463 624 2487 et
642 2457 720 2488 com'.
743 2457 844 2486 Orelli
993 2467 1036 2496 30
1059 2467 1185 2487 summa
1204 2467 1276 2488 mea
1294 2467 1374 2496 erga
1394 2457 1497 2488 Orelli
