1791 2796
181 148 300 185 XIII.
322 148 399 185 viii
692 148 747 184 M.
780 148 948 184 TVLLI
980 147 1287 186 CICERONIS

296 483 311 509 1

374 289 489 324 VIII
555 292 625 324 δον.
648 292 778 324 Romae
793 303 858 323 non
876 296 951 323 ante
968 292 1051 324 med.
1075 303 1119 324 m.
1144 292 1211 324 Oct.
1233 303 1264 323 a.
1290 303 1348 334 709
1368 292 1447 335 (45).

693 381 737 413 M.
769 381 944 412 CICERO
972 381 1016 412 M.
1046 381 1238 413 RVTILIO
1265 381 1300 413 S.

387 473 490 511 Cum
516 480 553 510 et
579 471 675 510 mihi
701 471 884 511 conscius
915 485 1041 510 essem
1070 471 1206 521 quanti
1235 478 1272 510 te
1300 472 1468 510 facerem
1495 478 1534 510 et
1561 478 1669 510 tuam

330 551 419 588 erga
447 551 510 576 me
539 536 859 576 benevolentiam
890 544 1070 586 expertus
1101 549 1239 583 essem,
1269 550 1350 576 non
1378 535 1555 576 dubitavi
1582 550 1605 575 a
1631 545 1669 575 te

330 611 472 654 petere,
497 603 607 653 quod
629 601 724 640 mihi
746 603 963 653 petendum
986 609 1097 641 esset.
1690 612 1706 642 5

386 670 426 706 P.
451 667 620 708 Sestium
642 667 778 718 quanti
806 666 947 706 faciam
975 666 1058 718 ipse
1083 666 1232 718 optime
1259 666 1351 714 scio,
1376 666 1512 722 quanti
1537 675 1670 706 autem

331 735 457 773 facere
485 734 653 773 debeam
681 741 720 771 et
740 740 781 771 tu
803 740 841 771 et
863 746 1001 771 omnes
1029 731 1210 771 homines
1241 732 1380 772 sciunt.
1441 734 1482 772 Is
1509 746 1599 772 curn
1624 746 1671 772 ex

331 799 414 838 aliis
443 807 480 838 te
508 798 585 837 mei
610 797 943 837 studiosissimum
971 811 1056 836 esse
1086 805 1305 849 cognosset,
1328 797 1466 849 petivit
1489 812 1512 837 a
1536 812 1599 837 me
1629 805 1671 835 ut

332 866 383 903 ad
414 873 451 903 te
478 878 597 915 quam
627 862 919 902 accuratissime
950 863 1159 902 scriberem
1189 864 1239 902 de
1266 877 1306 901 re
1332 864 1376 903 C.
1400 862 1536 902 Albini
1563 876 1672 901 sena-

333 930 437 977 toris,
461 929 572 968 cuius
597 942 644 967 ex
665 928 743 967 filia
765 936 879 967 natus
901 936 959 967 est
980 929 1023 966 L.
1048 927 1207 975 Sestius,
1231 927 1404 978 optimus
1425 929 1669 974 adulescens,
1696 943 1731 965 10

333 995 434 1034 filius
472 997 511 1033 P.
547 994 659 1033 Sesti.
724 995 817 1033 Hoc
857 993 1003 1032 idcirco
1043 992 1189 1044 scripsi,
1227 1001 1269 1030 ut
1308 993 1551 1043 intellegeres
1590 1006 1671 1031 non

335 1062 462 1100 solum
485 1074 547 1099 me
567 1073 638 1111 pro
661 1061 700 1097 P.
726 1058 853 1098 Sestio
881 1059 1056 1097 laborare
1086 1058 1241 1104 debere,
1266 1059 1336 1097 sed
1362 1057 1531 1097 Sestium
1554 1057 1672 1096 etiam

293 1140 316 1166 2
336 1140 406 1176 pro
427 1125 599 1164 Albinio.
661 1126 742 1162 Res
769 1132 901 1162 autem
929 1131 986 1162 est
1014 1124 1135 1162 haec:
1166 1125 1202 1161 A
1225 1124 1280 1161 M.
1306 1123 1473 1162 Laberio
1501 1124 1545 1163 C.
1565 1122 1673 1161 Albi-

334 1191 422 1230 nius
449 1190 608 1242 praedia
636 1189 673 1227 in
703 1188 1017 1228 aestimationem
1046 1187 1208 1239 accepit,
1232 1202 1333 1239 quae
1363 1188 1523 1240 praedia
1549 1188 1673 1227 Labe-

333 1257 411 1295 rius
443 1263 589 1295 emerat
619 1269 641 1293 a
672 1256 839 1295 Caesare
874 1255 924 1293 de
959 1253 1074 1292 bonis
1111 1253 1312 1292 Plotianis.
1379 1256 1437 1292 Ea
1472 1253 1501 1291 si
1542 1252 1672 1291 dicam
1694 1269 1732 1301 15

334 1337 414 1362 non
442 1336 526 1361 esse
552 1335 572 1360 e
599 1334 638 1359 re
662 1334 698 1371 p.
722 1319 855 1368 dividi,
880 1320 1022 1358 docere
1050 1327 1086 1357 te
1114 1318 1257 1366 videar,
1280 1333 1361 1359 non
1387 1332 1530 1369 rogare.
1594 1317 1673 1357 Sed

335 1396 466 1426 tamen
502 1400 592 1426 cum
626 1387 770 1426 Caesar
812 1386 991 1424 Sullanas
1028 1384 1277 1424 venditiones
1313 1392 1351 1423 et
1380 1382 1673 1439 adsignationes

335 1461 435 1492 ratas
460 1466 544 1491 esse
568 1451 669 1497 velit,
694 1464 774 1501 quo
803 1450 992 1489 firmiores
1023 1449 1294 1489 existimentur
1321 1463 1424 1497 suae,
1448 1449 1478 1488 si
1502 1462 1547 1487 ea
1567 1462 1673 1499 prae-

335 1519 399 1557 dia
427 1517 660 1562 dividentur,
685 1529 786 1566 quae
817 1515 900 1566 ipse
931 1517 1076 1555 Caesar
1103 1515 1291 1562 vendidit,
1315 1528 1416 1566 quae
1444 1515 1603 1553 tandem
1632 1512 1671 1550 in

337 1585 419 1623 eius
446 1581 740 1622 venditionibus
771 1595 856 1620 esse
885 1581 1025 1632 poterit
1054 1580 1294 1619 auctoritas?
1341 1581 1420 1619 Sed
1450 1581 1526 1618 hoc
1556 1579 1671 1629 quale
1693 1596 1733 1618 20

295 1664 319 1700 3
338 1650 385 1688 sit
410 1658 450 1687 tu
478 1662 548 1700 pro
575 1656 642 1686 tua
668 1645 1184 1698 prudentiaconsiderabis.
1259 1648 1344 1696 Ego
1371 1653 1409 1684 te
1436 1646 1551 1696 plane
1579 1657 1672 1693 rogo

336 1723 454 1765 atque
488 1714 551 1761 ita„
586 1720 628 1752 ut
667 1712 814 1751 maiore
854 1711 996 1759 studio,
1035 1711 1193 1751 iustiore
1225 1712 1275 1750 de
1310 1724 1437 1758 causa,
1473 1709 1595 1760 magis
1627 1723 1672 1747 ex

335 1780 469 1819 animo
495 1793 629 1830 rogare
654 1777 750 1816 nihil
772 1777 931 1829 possim,
956 1784 997 1815 ut
1016 1776 1178 1816 Albinio
1202 1789 1346 1828 parcas,
1371 1775 1530 1826 praedia
1550 1774 1674 1813 Labe-

336 1845 443 1884 riana
468 1859 518 1884 ne
544 1844 722 1894 attingas.
785 1845 933 1893 Magna
961 1856 1023 1881 me
1050 1841 1240 1881 adfeceris
1267 1855 1347 1881 non
1374 1841 1494 1880 modo
1515 1839 1670 1887 laetitia,

336 1912 405 1950 sed
427 1910 544 1950 etiam
566 1910 740 1960 quodam
763 1910 885 1948 modo
907 1907 1037 1958 gloria,
1055 1907 1085 1945 si
1104 1909 1144 1945 P.
1162 1906 1310 1946 Sestius
1331 1905 1481 1945 homini
1505 1904 1673 1943 maxime
1695 1922 1732 1954 25

336 1975 556 2015 necessario
591 1975 682 2013 satis
718 1974 851 2013 fecerit
885 1988 952 2024 per
987 1987 1059 2020 me,
1092 1980 1134 2010 ut
1169 1986 1241 2022 ego
1273 1971 1326 2010 illi
1361 1971 1428 2009 uni
1461 1970 1672 2021 plurimum

336 2042 475 2080 debeo.
541 2041 663 2089 Quod
694 2048 735 2078 ut
764 2039 882 2078 facias
914 2047 950 2077 tc
978 2039 1231 2077 vehementer
1258 2036 1375 2075 etiam
1406 2044 1524 2086 atque
1554 2035 1671 2074 etiam

337 2121 440 2157 rogo.
503 2105 633 2144 Maius
662 2104 757 2143 mihi
786 2106 878 2143 dare
906 2102 1143 2142 beneficium
1171 2103 1323 2141 nullum
1350 2109 1487 2153 potes;
1516 2100 1555 2140 id
1577 2099 1673 2139 mihi

337 2172 538 2223 intelleges
560 2184 644 2210 esse
667 2169 940 2221 gratissimum.

381 2278 423 2308 26
445 2282 479 2308 ut
498 2301 505 2308 .
528 2301 535 2307 .
559 2300 565 2307 .
588 2275 695 2306 debeo
720 2273 872 2305 Ernesti:
897 2278 956 2303 ut.
979 2296 985 2303 .
1010 2296 1016 2303 .
1041 2271 1180 2303 debeam
1201 2270 1292 2302 codd.
1313 2280 1320 2300 :
1345 2280 1419 2301 cum
1440 2293 1447 2300 .
1471 2293 1477 2300 .
1501 2293 1507 2300 .
1530 2268 1671 2300 debeam

338 2325 407 2352 vett.
