1791 2796
567 59 582 69 ο

566 174 676 211 ΕΡΡ.
711 174 787 210 AD
820 174 1168 211 FAMILIARES
1442 172 1537 209 XII.
1557 171 1685 208 xxiia

236 291 371 327 XXII
383 303 407 327 a
441 294 511 327 Ser.
531 294 659 326 Romae
671 306 701 326 a.
722 305 778 335 710
794 296 866 335 (ηιμ
878 295 979 336 paulo
992 298 1066 334 post
1075 294 1133 324 xsiz·
1145 294 1187 326 K.
1206 294 1279 326 Ian.

599 365 770 397 CICERO
796 364 1070 397 CORNIFICIO
1092 366 1128 397 S.

254 440 299 476 A.
319 439 355 476 d.
380 450 455 476 xl11
478 440 525 476 K.
547 439 628 476 Ian.
653 446 810 476 senatus
832 439 1013 488 frequens
1036 437 1129 475 mihi
1152 446 1209 476 est
1229 439 1420 476 adsensus
1442 451 1531 476 cum
1553 447 1577 484 3

199 504 249 542 de
270 503 406 542 ceteris
428 504 543 542 rebus
568 503 717 554 magnis
748 512 785 542 et
815 503 1042 542 necessariis
1068 511 1150 541 tum
1177 505 1226 542 de
1254 502 1462 554 provinciis
1483 503 1533 540 ab

161 581 177 611 5
200 568 244 606 iis
270 568 336 619 qui
361 568 584 607 obtinerent
609 569 821 608 retinendis
852 583 981 619 neque
1011 568 1195 619 cuiquam
1227 568 1440 611 tradendis,
1462 566 1535 606 nisi

200 633 267 683 qui
288 648 333 671 ex
354 648 381 671 s.
406 648 436 671 c.
461 634 721 672 successisset.
785 637 876 673 Hoc
905 648 977 685 ego
1005 649 1094 672 cum
1123 634 1174 673 rei
1204 649 1238 685 p.
1263 648 1379 673 causa
1400 633 1534 673 censui

201 707 283 736 tum
306 713 368 737 me
390 700 547 737 hercule
569 699 606 737 in
629 699 762 750 primis
784 699 1012 738 retinendae
1034 699 1232 750 dignitatis
1254 708 1353 738 tuae.
1403 701 1535 748 Quam

200 764 253 802 ob
278 778 358 802 rem
385 772 421 802 te
446 764 589 803 amoris
619 764 738 803 nostri
770 779 888 804 causa
918 779 1025 816 rogo,
1047 765 1099 804 rei
1124 780 1159 816 p.
1183 779 1301 804 causa
1330 767 1464 804 hortor
1493 772 1535 802 ut

202 843 249 867 ne
279 829 341 867 cui
371 829 583 880 quicquam
614 830 705 868 iuris
736 830 774 868 in
804 839 871 869 tua
900 830 1100 882 provincia
1129 845 1213 870 esse
1241 830 1386 882 patiare
1415 838 1535 880 atque

143 906 181 928 10
200 902 241 932 ut
262 895 394 932 omnia
419 896 559 933 referas
588 896 638 934 ad
665 895 907 945 dignitatem,
931 910 1008 946 qua
1038 895 1133 934 nihil
1164 910 1249 935 esse
1273 903 1403 947 potest
1430 909 1535 946 prae-

199 959 373 997 stantius.
434 962 535 998 Vere
557 968 686 998 tecum
708 974 834 1011 agam,
856 969 897 999 ut
925 961 1176 1000 necessitudo
1198 968 1329 1000 nostra
1349 962 1531 1010 postulat.
1553 968 1579 1006 4

201 1026 248 1062 In
274 1025 518 1075 Sempronio,
548 1025 577 1064 si
607 1025 703 1064 meis
733 1026 867 1065 litteris
895 1027 1222 1077 obtemperasses)
1248 1026 1456 1065 maximam
1484 1027 1535 1065 al)

199 1090 384 1130 omnibus
416 1091 574 1129 laudem
603 1092 770 1141 adeptus
801 1106 916 1130 esses.
977 1093 1055 1131 Sed
1086 1091 1181 1131 illud
1210 1100 1247 1130 et
1274 1091 1469 1142 praeteriit
1499 1100 1536 1130 et

200 1155 321 1193 levius
343 1163 414 1203 est,
435 1157 531 1195 haec
557 1170 697 1207 magna
722 1171 781 1195 res
809 1165 889 1196 est:
932 1159 1009 1196 Fac
1034 1166 1075 1196 ut
1103 1157 1344 1208 provinciam
1370 1157 1536 1196 retineas

143 1233 178 1264 15
200 1220 238 1258 in
269 1228 463 1270 potestate
493 1220 546 1260 rei
576 1235 611 1272 p.
671 1224 787 1260 Plura
821 1222 1074 1273 scripsissem,
1106 1222 1180 1262 nisi
1210 1225 1265 1262 tui
1295 1223 1529 1263 festinarent.

200 1287 340 1336 Itaque
362 1286 585 1338 Chaerippo
606 1294 740 1326 nostro
762 1301 824 1326 me
846 1287 963 1326 velim
984 1301 1156 1337 excuses.

233 1422 394 1458 XXIII
435 1425 505 1458 Ser.
524 1426 653 1458 Romae
659 1426 766 1468 paulo
778 1430 854 1468 post
865 1427 910 1459 vii
919 1426 970 1459 Id.
987 1428 1056 1459 Ocl.
1079 1438 1109 1459 α.
1130 1437 1186 1467 710
1205 1428 1291 1468 (44).

599 1504 768 1536 CICERO
794 1504 1070 1536 CORNIFICIO
1091 1504 1128 1537 S.

253 1582 426 1621 Omnem
465 1581 742 1621 condicionem
784 1582 920 1633 imperi
957 1582 1011 1620 tui
1051 1589 1275 1633 statumque
1309 1582 1569 1633 provinciael

140 1660 180 1682 20
199 1646 293 1684 mihi
329 1647 611 1686 demonstravit
644 1647 856 1686 Tratorius.
917 1649 953 1687 O
989 1649 1110 1685 multa
1145 1647 1403 1686 intolerabilia
1438 1648 1534 1686 locis

198 1711 409 1751 omnibus!
468 1714 545 1752 Sed
573 1726 653 1763 quo
683 1720 749 1752 tua
779 1712 901 1751 maior
931 1712 1113 1762 dignitas,
1134 1726 1181 1751 eo
1209 1726 1310 1763 quae
1340 1712 1410 1751 tibi
1437 1712 1535 1751 acci-

198 1777 339 1816 derunt
387 1778 516 1817 minus
564 1779 751 1826 ferenda;
803 1792 932 1828 neque
980 1777 1098 1825 enim,
1141 1792 1243 1828 quae
1291 1786 1331 1816 tu
1377 1786 1535 1828 propter

199 1839 510 1892 magnitudinem
545 1852 582 1882 et
616 1843 737 1882 animi
769 1849 805 1881 et
836 1843 966 1893 ingeni
1007 1844 1208 1881 moderate
1247 1845 1331 1890 fers,
1366 1857 1389 1881 a
1420 1851 1457 1882 te
1489 1858 1535 1882 ea

198 1921 278 1945 non
306 1907 532 1947 ulciscenda
556 1916 659 1955 sunt,
680 1908 797 1947 etiam
819 1908 849 1946 si
871 1922 951 1947 non
980 1915 1069 1946 sunt
1091 1908 1272 1947 dolenda.
1333 1909 1410 1947 Sed
1436 1909 1533 1947 haec

140 1985 177 2016 ²5
198 1971 401 2022 posterius.

254 2039 401 2076 Rerum
436 2039 672 2077 urbanarum
701 2047 789 2077 acta
818 2038 888 2078 tibi
919 2038 1017 2077 mitti
1049 2046 1155 2078 certo
1185 2038 1276 2078 scio.
1337 2040 1459 2088 Quod
1491 2039 1529 2077 ni
1550 2047 1574 2075 2

197 2102 250 2140 ita
277 2111 467 2153 putarem.
489 2103 571 2154 ipse
598 2104 876 2154 perscriberem
905 2104 943 2143 in
972 2104 1185 2155 primisque
1211 2104 1388 2144 Caesaris
1417 2106 1531 2143 Octa-

198 2167 300 2205 viani
340 2177 553 2216 eonatum3
601 2171 651 2208 de
691 2184 770 2220 quo
810 2169 1050 2208 multitudini
1091 2171 1226 2208 fictum
1264 2170 1314 2208 ab
1354 2170 1531 2208 Antonio

197 2232 344 2272 crimen
392 2234 557 2279 videtur,
596 2242 638 2272 ut
686 2235 723 2272 in
773 2235 980 2286 pecuniam
1029 2235 1292 2274 adulescentis
1340 2234 1531 2285 impetum

140 2312 180 2343 30
199 2299 340 2337 faceret
359 2312 367 2345 3
397 2300 610 2348 prudentes
636 2306 767 2338 autem
793 2308 831 2338 et
858 2299 952 2339 boni
973 2299 1041 2338 viri
1066 2307 1104 2339 et
1131 2301 1296 2339 credunt
1323 2302 1468 2339 factum
1494 2308 1532 2338 et

210 2400 213 2401 ⁷
243 2413 263 2441 3
289 2402 447 2442 frequens
475 2404 591 2444 vulg:
625 2409 684 2435 aut
712 2405 871 2444 frequens
898 2404 987 2436 codd.
1010 2417 1016 2436 :
1052 2405 1140 2437 haud
1173 2405 1370 2445 infrequens
1399 2406 1530 2436 Bailcr:

188 2447 271 2485 forl.
294 2447 382 2477 haud
408 2447 567 2486 frequens
699 2458 735 2479 21
764 2449 912 2488 dignitas
930 2454 982 2480 est
999 2446 1119 2481 Lamb.
1240 2460 1279 2488 23
1305 2455 1338 2480 et
1355 2449 1432 2481 add.
1455 2453 1527 2481 vett.

198 2490 266 2522 fers
281 2501 300 2522 a
318 2495 351 2522 te
368 2489 473 2522 HDL
493 2491 562 2532 (sed
576 2489 605 2522 L
623 2491 707 2530 sere]
722 2504 728 2525 ε
754 2492 878 2524 ferstca
896 2491 954 2524 M:
980 2494 1047 2524 fers
1064 2504 1104 2525 ea
1123 2492 1200 2525 Vict.
1222 2494 1309 2535 vulg.
