1791 2796
149 843 187 866 10

562 127 673 165 EPP.
706 127 783 163 AI)
816 124 1161 163 FAMILIARES
1490 123 1518 159 Ι.
1538 122 1582 158 ix

200 252 290 278 vero
325 240 398 277 hac
430 238 468 276 in
499 251 615 277 causa
645 238 776 284 modo,
809 237 878 275 sed
908 243 1133 275 constanter
1162 249 1278 286 saepe
1310 236 1347 274 in
1379 242 1525 273 senatu.

202 304 309 354 Quin
331 304 447 342 etiam
471 303 702 342 Marcellino
729 310 766 341 et
789 301 972 352 Philippo
993 301 1221 340 consulibus
1244 301 1371 339 Nonis
1393 300 1530 350 Aprili-
1551 302 1574 339 8

202 371 274 409 bus
310 369 405 407 mihi
436 377 493 408 est
528 377 684 407 senatus
723 368 924 414 adsensus,
956 376 998 405 ut
1028 368 1078 406 (le
1107 380 1199 417 agro
1227 368 1433 417 Campano
1463 368 1531 404 sre—

202 434 337 485 quenti
358 442 495 473 senatu
517 433 656 472 Idibus
679 432 795 471 Maiis
817 434 1028 471 referretur.
1089 433 1196 470 Num
1217 432 1326 483 potui
1349 431 1470 482 magis
1492 431 1529 468 in

202 514 330 540 arcem
357 499 456 538 illius
487 512 626 538 causae
656 499 840 537 invadere
868 506 935 537 aut
965 497 1087 547 magis
1112 497 1288 536 oblivisci
1309 506 1531 547 temporum

204 579 391 613 meorum,
415 564 641 603 meminisse
670 564 904 602 actionum?
962 565 1053 601 Hac
1077 576 1099 601 a
1123 576 1185 601 me
1216 562 1408 601 sententia
1429 561 1533 600 dicta

205 645 368 682 magnus
399 630 620 669 animorum
651 637 781 667 motus
816 636 872 667 est
907 630 1032 667 factus
1063 641 1153 666 cum
1187 641 1334 675 eorum,
1365 639 1533 677 quorum

205 695 387 746 oportuit,
423 703 505 734 tum
538 695 691 733 illorum
727 694 855 742 etiarn,
892 707 1058 744 quorum
1094 706 1311 743 numquam
1343 700 1533 742 putaram.

206 763 308 800 Nam
331 762 407 799 hoc
428 768 585 799 senatus
606 761 787 798 consulto
812 759 850 797 in
879 772 1006 798 meam
1037 758 1270 797 sententiam
1299 759 1401 795 facto
1423 759 1536 795 Pom-
1555 763 1583 801 9

207 827 316 877 peius
347 839 436 864 cum
468 825 562 863 mihi
593 824 688 862 nihil
719 824 954 863 ostendisset
984 837 1025 862 se
1055 837 1139 862 esse
1166 824 1370 870 offensum,
1395 822 1433 860 in
1455 823 1537 860 Sar-

207 891 353 931 diniam
376 899 413 929 et
434 890 471 928 in
495 890 666 929 Africam
689 891 885 940 profectus
915 897 972 928 est
1003 902 1130 939 eoque
1159 888 1295 927 itinere
1318 890 1465 926 Lucam
1486 888 1537 925 ad

208 958 416 997 Caesarem
447 955 562 994 venit.
626 955 687 994 Ibi
720 957 840 994 multa
871 956 921 994 de
951 968 1038 993 mea
1067 953 1260 992 sententia
1289 961 1451 1004 questus
1480 960 1537 991 est

209 1024 362 1069 Caesar,
396 1021 541 1073 quippe
572 1021 638 1072 qui
669 1021 784 1060 etiam
808 1023 1022 1059 Ravennae
1047 1021 1231 1059 Crassum
1262 1027 1353 1058 ante
1379 1018 1538 1057 vidisset

208 1090 257 1127 ab
288 1101 415 1138 eoque
445 1087 485 1125 in
515 1100 577 1126 me
599 1096 699 1126 esset
729 1086 922 1125 incensus.
983 1087 1084 1124 Sane
1115 1086 1279 1123 moleste
1305 1083 1538 1134 Pompeium

153 1171 189 1203 ¹5
207 1154 249 1194 id
269 1156 366 1193 ferre
387 1155 593 1193 constabat
608 1169 618 1201 3
644 1154 753 1204 quod
773 1167 845 1204 ego
867 1166 956 1191 curn
973 1151 1171 1191 audissem
1193 1164 1238 1190 ex
1259 1150 1352 1198 aliis,
1372 1149 1540 1188 maxime

158 1502 195 1523 20

166 2153 205 2185 30

210 1234 256 1259 ex
286 1234 374 1259 meo
405 1222 518 1258 fratre
548 1220 724 1270 cognovi.
785 1220 916 1268 Quem
947 1231 1036 1256 cum
1065 1217 1104 1255 in
1129 1216 1307 1255 Sardinia
1329 1215 1540 1266 Pompeius

211 1286 344 1337 paucis
371 1294 460 1337 post
488 1285 626 1324 diebus
654 1298 772 1335 quam
796 1286 902 1323 Luca
929 1284 1159 1322 discesserat
1180 1281 1438 1328 convenisset,
1459 1282 1541 1328 ‘te,'

212 1351 349 1402 inquit,
389 1352 540 1402 ‘ipsum
572 1348 721 1400 cupio;
762 1349 857 1387 nihil
892 1348 1151 1399 opportunius
1186 1346 1312 1397 potuit
1351 1346 1539 1385 accidere.

214 1417 300 1457 Nisi
320 1431 410 1456 cum
434 1419 571 1455 Marco
600 1419 714 1455 fratre
744 1415 949 1466 diligenter
979 1414 1112 1464 egeris,
1135 1414 1444 1463 dependendum
1473 1411 1542 1450 tibi

214 1494 282 1534 est,
305 1487 414 1536 quod
435 1485 531 1524 mihi
558 1499 628 1536 pro
648 1485 714 1524 illo
735 1483 1008 1535 spopondisti.'
1068 1482 1177 1532 Quid
1198 1483 1349 1521 multa?
1382 1488 1543 1532 questus

216 1559 273 1591 est
292 1552 455 1602 graviter
472 1566 480 1598 ;
509 1564 578 1589 sua
598 1550 734 1589 merita
754 1549 1077 1588 commemoravit
1094 1564 1101 1596 3
1131 1548 1226 1599 quid
1249 1547 1388 1598 egisset
1405 1547 1545 1598 saepis-

217 1617 313 1656 sime
334 1619 383 1656 de
407 1617 502 1655 actis
525 1615 702 1656 Caesaris
724 1629 813 1654 curn
842 1615 927 1666 ipso
958 1628 1046 1654 meo
1075 1615 1188 1653 fratre
1214 1613 1390 1664 quidque
1415 1612 1488 1652 sibi
1513 1612 1544 1650 is

217 1683 267 1721 de
289 1696 351 1721 me
372 1681 590 1732 recepisset,
615 1681 653 1719 in
676 1680 905 1720 memoriam
935 1680 1083 1730 redegit
1111 1693 1241 1730 seque,
1266 1692 1366 1729 quae
1387 1679 1437 1717 de
1458 1691 1545 1717 mea

219 1748 342 1786 salute
359 1747 510 1798 egisset,
521 1748 721 1785 voluntate
744 1745 921 1785 Caesaris
943 1745 1065 1795 egisse
1086 1745 1214 1795 ipsum
1237 1758 1369 1783 meum
1391 1746 1545 1782 fratrem

183 1828 199 1859 5
220 1820 382 1851 testatus
417 1821 483 1852 est.
545 1812 667 1852 Cuius
702 1824 859 1850 causam
896 1810 1206 1860 dignitatemque
1241 1809 1335 1848 mihi
1369 1817 1409 1847 ut
1444 1822 1549 1847 com-

221 1879 433 1925 mendaret,
466 1878 611 1928 rogavit
641 1885 682 1916 ut
717 1891 803 1916 eam
836 1890 885 1914 ne
917 1889 1195 1926 oppugnarem,
1229 1875 1259 1913 si
1299 1876 1444 1914 nollem
1483 1881 1548 1912 aut

221 1957 301 1982 non
326 1957 483 1994 possem
508 1942 615 1981 tueri.
676 1945 790 1981 Haec
820 1955 909 1980 cum
939 1943 990 1979 ad
1022 1955 1083 1980 me
1114 1942 1227 1979 frater
1256 1939 1478 1990 pertulisset
1512 1947 1548 1977 et
1569 1949 1614 1977 10

222 2022 313 2047 cum
351 2016 482 2048 tamen
523 2008 734 2058 Pompeius
773 2009 823 2046 ad
864 2021 926 2045 me
968 2020 1058 2045 cum
1099 2005 1293 2044 mandatis
1331 2004 1549 2043 Vibullium

224 2074 402 2122 misisset,
434 2081 476 2113 ut
510 2073 701 2123 integrum
736 2072 830 2110 mihi
869 2074 919 2111 de
958 2085 1075 2111 causa
1110 2073 1315 2121 Campana
1352 2071 1402 2108 ad
1437 2083 1550 2108 suum

225 2140 392 2179 reditum
420 2153 666 2186 reservarem,
689 2138 842 2188 conlegi
872 2138 955 2188 ipse
986 2152 1048 2176 me
1078 2145 1115 2176 et
1145 2150 1235 2175 curn
1266 2136 1348 2186 ipsa
1376 2134 1485 2185 quasi
1514 2148 1552 2171 re

226 2205 382 2255 publica
403 2206 635 2244 conlocutus
656 2217 753 2251 sum,
777 2211 818 2242 ut
841 2203 935 2241 mihi
962 2210 1041 2241 tarn
1073 2204 1194 2240 multa
1215 2215 1285 2252 pro
1307 2214 1347 2239 se
1368 2212 1553 2251 perpesso

226 2279 343 2321 atque
364 2259 834 2321 perfunctoconcederet‚
852 2276 893 2307 ut
915 2268 1086 2307 officium
1104 2281 1235 2306 meum
1258 2278 1553 2314 memoremque

228 2335 267 2373 in
294 2337 395 2374 bene
426 2335 583 2374 meritos
612 2334 787 2373 animum
819 2335 1018 2384 fidemque
1048 2332 1170 2371 fratris
1202 2331 1276 2370 mei
1306 2338 1552 2381 praestarem,

301 2429 321 2458 8
347 2433 496 2467 putaram
517 2427 592 2458 Mr:
619 2432 770 2466 putarem
789 2426 875 2458 codd.
1013 2429 1053 2457 28
1079 2425 1208 2465 tamen]
1227 2425 1327 2454 ctiam
1346 2423 1485 2462 Madmgr

1443 2469 1481 2500 2*
