1791 2796
568 151 680 188 EPP.
714 151 790 187 Al)
823 151 1171 188 FAMILIARES
1486 153 1603 189 VIII.
1622 152 1667 189 xi

203 262 307 299 volet
337 260 521 300 manebit.
582 262 714 310 Quam
735 260 902 312 quisque
929 261 1166 300 sententiam
1188 261 1336 310 dixerit,
1362 262 1400 301 in
1429 276 1533 317 corn-
1552 274 1578 310 4

203 325 395 365 mentario
416 334 473 365 est
494 340 621 365 rerum
643 326 880 365 urbanarum
896 341 906 374 3
940 341 986 365 ex
1007 340 1086 377 quo
1112 334 1153 365 tu
1175 341 1276 377 quae
1303 327 1421 377 digna
1441 335 1532 366 sunt

203 390 347 442 selige;
397 393 519 430 multa
558 391 688 438 transi,
729 391 769 430 in
808 391 941 442 primis
980 393 1165 431 ludorum
1205 392 1453 443 explosiones
1493 401 1531 432 et

203 457 380 495 funerum
421 465 458 495 et
500 456 735 507 ineptiarum
774 464 1000 495 ceterarum.
1082 459 1195 495 Plura
1235 458 1354 496 habet
1397 457 1532 505 utilia3

163 534 181 565 5
202 521 374 571 denique
398 524 502 560 malo
523 522 562 560 in
584 523 685 560 hanc
706 529 856 571 partem
878 535 1013 568 errare,
1037 529 1079 560 ut
1100 536 1201 572 quae
1223 536 1303 561 non
1331 522 1530 562 desideres

200 586 347 633 audias,
389 601 507 637 quam
547 587 759 637 quicquam
799 588 908 637 quod
955 601 1053 637 opus
1094 595 1151 626 est
1190 588 1527 638 praetermittatur.

200 651 291 690 Tibi
317 664 431 690 curae
452 652 570 690 fuisse
594 653 644 691 de
669 652 835 691 Sittiano
856 651 1015 703 negotio
1041 653 1221 703 gaude03
1251 654 1321 692 sed
1341 653 1527 703 quoniam

199 716 406 767 suspicaris
437 718 564 756 minus
598 725 703 756 certa
732 718 811 757 fide
840 720 932 758 †eos
963 716 1034 757 tibi
1062 718 1177 765 visos,
1210 725 1411 769 tamquam
1446 733 1529 769 pro-

199 791 353 822 curator
372 782 428 822 sic
448 797 538 834 agas
559 797 663 834 rogo.

144 960 181 982 10
242 947 334 983 XII
481 951 551 983 Ser.
572 950 701 983 Romae
716 952 785 983 circ.
805 952 857 983 xt'z'
870 952 912 983 K.
936 952 1001 984 Ocl.
1022 963 1051 983 a.
1076 962 1135 993 704
1157 954 1238 994 (50).

607 1029 804 1061 CAELIVS
830 1029 1056 1061 CICERONI
1084 1030 1118 1062 S.

252 1110 378 1148 Pudet
400 1123 462 1148 me
484 1108 554 1147 tibi
575 1108 751 1148 confiteri
773 1118 810 1147 et
831 1109 941 1159 queri
962 1111 1011 1147 de
1028 1109 1147 1160 Appi,
1164 1109 1335 1148 hominis
1357 1109 1529 1160 ingratis·
1548 1116 1565 1144 1

197 1173 298 1222 simi,
332 1173 493 1222 iniuriis,
532 1174 599 1225 qui
637 1188 700 1212 me
739 1173 882 1222 odisse,
917 1174 1009 1224 quia
1042 1188 1183 1225 magna
1222 1174 1318 1212 mihi
1356 1175 1529 1213 debebat

198 1239 403 1287 beneficia,
430 1239 560 1290 coepit
589 1246 640 1287 et,
672 1253 763 1278 cum
793 1241 915 1278 homo
944 1252 1081 1278 avarus
1111 1247 1153 1278 ut
1183 1254 1228 1278 ea
1258 1241 1424 1278 solveret
1453 1239 1527 1278 sibi

140 1316 176 1348 15
197 1303 386 1354 imperare
409 1299 504 1343 snon
543 1312 687 1355 posset,
726 1305 925 1343 occultum
964 1304 1111 1342 bellum
1151 1304 1247 1342 mihi
1286 1303 1437 1352 indixit,
1475 1303 1529 1342 ita

197 1370 395 1407 occultum
426 1376 557 1407 tamen
589 1376 631 1407 ut
666 1368 777 1407 multi
808 1368 903 1406 mihi
938 1368 1205 1407 renuntiarent
1236 1377 1273 1407 et
1304 1368 1386 1419 ipse
1416 1368 1527 1407 facile

196 1434 547 1474 animadverterem
580 1436 681 1473 male
712 1448 802 1473 eum
833 1436 883 1473 de
914 1448 977 1472 me
1004 1434 1184 1485 cogitare.
1246 1436 1388 1473 Postea
1407 1448 1525 1485 quam

195 1513 286 1539 vero
306 1500 479 1552 comperi
504 1514 594 1539 eum
619 1499 841 1550 conlegium
872 1507 1097 1550 temptasse,
1118 1499 1263 1539 deinde
1283 1508 1415 1551 aperte
1434 1514 1525 1539 cum

195 1564 431 1615 quibusdam
470 1566 660 1613 locutum,
694 1579 783 1603 cum
816 1567 857 1602 L.
892 1564 1084 1613 Domitio,
1114 1572 1156 1603 ut
1190 1579 1295 1603 nunc
1327 1572 1397 1612 est,
1429 1564 1525 1603 mihi

137 1642 176 1664 20
195 1629 464 1670 inimicissimo
502 1630 676 1678 homine,
715 1630 943 1678 deliberare,
981 1631 1080 1669 velle
1125 1631 1201 1670 hoc
1246 1632 1523 1670 munusculum

194 1696 342 1734 deferre
373 1697 444 1736 Cn.
470 1695 674 1746 Pompeio,
704 1695 832 1746 ipsum
863 1696 1137 1746 reprenderem
1167 1703 1205 1733 et
1234 1696 1284 1734 ab
1315 1709 1362 1734 eo
1391 1696 1525 1745 depre-

192 1774 298 1799 carer
317 1760 510 1809 iniuriam,
531 1774 649 1811 quem
670 1760 788 1798 vitam
810 1760 906 1798 mihi
935 1760 1079 1799 debere
1103 1768 1295 1810 putaram,
1316 1759 1522 1810 impetrare

191 1839 213 1863 a
249 1839 311 1864 me
345 1838 427 1864 non
461 1826 580 1876 potui.
653 1825 761 1874 Quid
794 1839 884 1875 ergo
916 1827 1011 1863 est?
1040 1833 1171 1864 tamen
1202 1825 1337 1876 *tquasi
1371 1824 1563 1876 aliquot2

191 1889 340 1938 amicis,
362 1890 428 1940 qui
450 1899 566 1930 testes
587 1899 695 1930 erant
716 1905 893 1930 meorum
915 1890 953 1928 in
975 1890 1084 1928 illum
1107 1889 1346 1937 meritorum,
1367 1891 1521 1929 locutus

135 1968 171 1998 25
194 1969 290 1994 sum.
352 1958 493 1994 Postea
520 1970 637 2006 quam
663 1956 772 1994 illum
798 1971 847 1995 ne
875 1955 967 2006 quoi
993 1955 1085 1994 satis
1110 1956 1252 1994 faceret
1273 1954 1433 2005 quidem
1459 1969 1522 1994 me

191 2020 353 2071 dignum
384 2022 528 2059 habere
558 2021 674 2069 sensi,
703 2021 822 2060 malui
852 2023 1038 2072 conlegae
1069 2021 1165 2069 eius,
1192 2020 1344 2060 homini
1373 2020 1522 2060 alienis-

191 2085 291 2124 simo
320 2085 415 2123 mihi
446 2094 483 2124 et
513 2094 669 2136 propter
697 2086 909 2125 amicitiam
941 2095 1046 2125 tuam
1078 2101 1157 2126 non
1186 2086 1437 2136 aequissimo,
1458 2100 1521 2125 me

190 2151 361 2201 obligare
391 2165 510 2202 quam
542 2151 642 2190 illius
678 2151 812 2191 simiae
846 2154 997 2191 vultum
1031 2152 1170 2191 subire.
1233 2154 1281 2191 Id
1311 2160 1519 2203 postquam

232 2256 253 2284 6
277 2254 344 2294 est]
364 2255 406 2285 sit
428 2254 615 2296 IVcscnbcgg
739 2257 758 2286 8
784 2267 843 2286 eos
861 2267 937 2287 esse
955 2267 1038 2296 quos
1058 2257 1114 2286 tibi
1133 2257 1207 2287 misi
1230 2256 1438 2296 l‘Vcsenbwg:
1463 2267 1521 2286 eos

190 2298 231 2328 ibi
252 2298 287 2338 (i.
302 2309 324 2328 e.
346 2299 379 2328 in
395 2299 456 2329 ltac
474 2304 518 2335 re)
536 2299 629 2330 visos
649 2299 873 2330 Mendclssolm
968 2302 1005 2331 18
1031 2300 1206 2339 conlegam
1224 2299 1380 2330 Graevz'us
1479 2310 1515 2330 21

190 2342 298 2381 ipsum
317 2346 351 2372 ut
369 2343 523 2380 repr-end.
545 2343 661 2373 Lamb.
841 2354 880 2382 23
906 2348 957 2374 est
975 2348 1044 2374 vett.
1064 2355 1069 2373 :
1093 2349 1124 2374 st
1148 2344 1189 2373 M
1341 2343 1434 2382 quasi
1459 2343 1519 2372 M:

190 2395 263 2416 cum
289 2385 361 2416 eius
387 2384 575 2426 PVesenberg
676 2386 805 2425 aliquot
830 2388 916 2427 vulg.
937 2399 942 2417 :
971 2388 1105 2426 aliquod
1126 2386 1172 2419 M,
1193 2386 1402 2426 quaeformn
1423 2386 1519 2416 dubia

184 2432 246 2468 pro
262 2429 396 2481 aliquot,
416 2428 472 2459 sed
486 2429 521 2468 cf.
543 2429 584 2459 M
598 2429 644 2459 ad
657 2430 700 2460 xi.
722 2441 772 2469 23.
791 2441 810 2461 2
