1791 2796
174 570 191 601 5

154 898 192 919 10

150 1548 190 1569 20

578 143 690 181 EPP.
722 144 757 180 A
766 144 800 179 D
832 143 1179 181 FAMILIARES
1495 142 1566 180 IX.
1585 140 1693 179 xviii

257 278 418 313 XVIII
552 281 619 312 Ser.
639 282 673 311 in
697 281 880 312 Tusculano
896 281 962 312 circ.
982 281 1043 311 xiii
1056 281 1098 312 K.
1119 280 1208 312 Sext.

767 345 798 366 a.
819 336 880 373 708
897 333 985 374 (46).

466 410 643 441 CICERO
669 411 702 441 S.
734 411 772 441 D.
803 410 854 452 [L.
885 409 1093 452 PAPIRIO]
1121 410 1284 441 PAETO.

266 490 368 528 Cum
404 502 529 527 essem
561 488 710 528 otiosus
735 487 774 526 in
799 490 1038 536 Tusculano,
1068 497 1274 539 propterea
1298 489 1406 539 quod
1432 487 1545 527 disci·
1565 497 1581 523 1

211 555 325 604 pulos
372 553 529 592 obviam
588 553 769 592 miseram
816 561 859 591 ut
904 554 1043 592 eadem
1095 567 1158 592 me
1210 567 1328 603 quam
1376 552 1545 591 maxime

211 618 466 657 conciliarent
499 618 677 656 familiari
709 632 794 666 suo,
827 618 964 668 accepi
996 626 1082 657 tuas
1113 618 1258 657 litteras
1297 618 1544 669 plenissimas

211 683 410 722 suavitatis
426 699 435 732 3
464 698 510 722 ex
531 683 674 734 quibus
701 683 873 722 intellexi
893 683 1049 734 probari
1075 683 1145 722 tibi
1167 697 1298 722 meum
1320 683 1543 730 consilium,

211 750 333 799 quod,
365 757 407 787 ut
440 749 654 798 Dionysius
686 756 886 798 tyrannus,
916 763 1006 788 cum
1035 748 1232 799 Syracusis
1262 750 1397 799 pulsus
1427 756 1542 796 esset,

212 814 392 853 Corinthi
423 814 565 853 dicitur
599 815 737 853 ludum
764 814 975 864 aperuisse,
997 814 1052 852 sic
1080 827 1152 864 ego
1185 813 1346 852 sublatis
1373 813 1542 862 iudiciis,

209 879 354 918 amisso
375 893 494 930 regno
519 879 662 918 forensi
695 880 833 918 ludum
858 879 970 930 quasi
997 880 1142 918 habere
1164 878 1372 929 coeperim.
1433 879 1541 928 Quid
1560 885 1584 912 2

210 944 392 994 quaeris?
421 958 485 983 me
514 958 674 995 quoque
703 945 873 983 delectat
902 944 1135 992 consilium3
1166 945 1290 982 multa
1317 943 1423 982 enim
1452 958 1544 983 con-

209 1023 361 1060 sequor.
422 1009 611 1057 Primum,
640 1009 681 1048 id
709 1010 818 1060 quod
848 1009 1017 1048 maxime
1046 1023 1153 1048 nunc
1183 1022 1282 1060 opus
1309 1016 1381 1057 est,
1407 1009 1544 1048 munio

209 1089 273 1113 me
301 1076 352 1114 ad
378 1076 476 1114 haec
501 1083 689 1125 tempora.
767 1076 815 1113 Id
843 1074 954 1113 cuius
985 1074 1093 1114 modi
1121 1074 1169 1113 sit
1202 1073 1336 1113 nescio
1351 1089 1360 1122 3
1389 1082 1543 1113 tantum

209 1139 338 1188 video,
372 1139 516 1178 nullius
550 1141 682 1178 adhuc
714 1140 923 1179 consilium
956 1154 1019 1179 me
1050 1140 1142 1179 huic
1175 1148 1439 1190 anteponere3
1469 1139 1543 1178 nisi

173 1222 189 1252 5
210 1206 307 1244 forte
337 1205 436 1243 mori
467 1205 606 1244 melius
634 1204 716 1243 fuit.
779 1207 827 1243 In
848 1207 1007 1253 lectulo,
1028 1207 1163 1253 fateor,
1185 1206 1254 1244 sed
1275 1218 1355 1243 non
1375 1205 1543 1253 accidit3

209 1270 248 1308 in
277 1270 361 1309 acie
391 1284 471 1308 non
501 1270 580 1317 fuig
609 1270 727 1309 ceteri
757 1270 933 1321 quidem,
965 1270 1190 1320 Pompeius,
1218 1271 1408 1308 Lentulus
1439 1278 1541 1317 tuus,

209 1335 354 1385 Scipio,
375 1335 559 1373 Afranius
581 1336 695 1374 foede
717 1335 923 1385 perierunt.
984 1337 1037 1373 At
1058 1336 1159 1374 Cato
1188 1336 1393 1385 praeclare.
1456 1336 1540 1372 Iam

209 1401 308 1440 istuc
338 1402 513 1453 quidem,
547 1416 638 1440 cum
665 1403 855 1449 volemus,
883 1401 1040 1448 licebit3
1069 1402 1209 1440 demus
1231 1402 1351 1440 modo
1381 1415 1538 1451 operam

208 1481 258 1506 ne
293 1476 371 1506 tam
406 1481 566 1506 necesse
597 1467 712 1506 nobis
743 1467 804 1515 sit,
833 1481 953 1517 quam
983 1466 1036 1505 illi
1066 1466 1150 1514 fuit,
1177 1466 1217 1505 id
1245 1468 1352 1517 quod
1376 1466 1537 1516 agimus.

210 1534 313 1583 Ergo
334 1534 410 1571 hoc
431 1532 611 1584 primum.
672 1532 856 1583 Sequitur
876 1532 996 1570 illud:
1029 1533 1119 1582 Ipse
1141 1531 1278 1570 melior
1298 1533 1349 1570 fio
1371 1531 1538 1582 primum
1560 1541 1583 1578 3

208 1598 446 1646 valetudine,
485 1611 603 1648 quam
644 1597 873 1636 intermissis
919 1597 1262 1636 exercitationibus
1309 1597 1514 1635 amiseram
1531 1612 1541 1644 ,·

208 1663 353 1702 deinde
373 1663 457 1714 ipsa
477 1663 554 1710 illa,
575 1662 606 1701 si
628 1676 706 1713 qua
726 1662 797 1701 fuit
818 1662 858 1700 in
880 1676 957 1710 me,
978 1663 1140 1700 facultas
1161 1661 1361 1708 orationis,
1381 1661 1455 1699 nisi
1477 1675 1539 1700 me

207 1729 257 1767 ad
273 1730 343 1767 has
357 1728 653 1767 exercitationes
667 1727 916 1776 rettulissem,
935 1727 1156 1767 exaruisset.
1200 1729 1428 1765 Extremum
1443 1726 1538 1767 illud

207 1802 278 1832 est.
298 1795 407 1844 quod
422 1802 472 1840 ‚tu
500 1793 634 1832 nescio
661 1807 711 1831 an
738 1793 908 1844 primum
941 1801 1078 1843 putes:
1108 1792 1229 1843 pluris
1258 1792 1334 1830 iam
1365 1806 1537 1843 pavones

149 1872 186 1903 25
206 1858 358 1896 confeci
380 1872 498 1908 quam
520 1866 561 1896 tu
582 1859 710 1907 pullos
731 1858 991 1896 columbinos.
1055 1859 1117 1895 Tu
1146 1857 1231 1895 istic
1259 1864 1296 1895 te
1319 1857 1536 1896 Hateriano

144 2196 184 2227 30

206 1922 286 1962 iure
307 1924 492 1971 delectas,
513 1937 586 1973 ego
607 1936 669 1961 me
690 1922 754 1961 hic
777 1923 971 1962 Hirtiano.
1024 1923 1128 1962 Veni
1148 1922 1276 1974 igitur,
1296 1922 1327 1961 si
1348 1922 1404 1961 vir
1423 1937 1478 1971 es,
1498 1933 1535 1963 et

205 1988 312 2028 disce
341 2003 363 2027 a
393 2003 456 2028 me
484 1991 772 2041 προλεγομένας,
793 2004 890 2041 quas
911 1990 1089 2041 quaeris3
1119 1990 1189 2029 etsi
1213 2004 1277 2028 sus
1300 1989 1534 2038 Minervam,

204 2056 297 2093 †sed
319 2069 398 2105 quo
419 2056 540 2094 modo
561 2055 686 2094 video.
747 2055 786 2094 Si
815 2055 1107 2095 aestimationes
1139 2063 1224 2093 tuas
1254 2056 1423 2094 vendere
1453 2069 1532 2094 non
1551 2071 1577 2107 4

203 2127 314 2169 potes
345 2133 473 2170 neque
503 2121 619 2158 ollam
650 2120 898 2160 denariorum
928 2121 1103 2172 implere,
1126 2123 1296 2160 Romam
1325 2120 1395 2159 tibi
1425 2121 1535 2160 remi-

201 2185 394 2234 grandum
433 2192 515 2233 est,·
563 2185 682 2224 satius
721 2194 779 2225 est
816 2186 880 2225 hic
919 2186 1110 2226 cruditate
1145 2200 1262 2237 quam
1298 2186 1384 2226 istic
1418 2188 1530 2226 fame.

251 2288 365 2319 Tolum
390 2288 475 2319 hanc
495 2289 668 2329 epistulam
693 2301 756 2321 om.
777 2289 818 2320 H
997 2301 1019 2330 9
1042 2290 1181 2322 sublatis
1209 2291 1340 2321 iudiciis
1364 2291 1420 2322 dcl.
1441 2290 1533 2322 Bake

203 2343 241 2371 27
268 2333 359 2363 disce
377 2344 395 2363 a
414 2343 466 2363 me
484 2332 624 2373 Bengel:
650 2334 796 2364 disceam
815 2333 889 2364 MD
1034 2335 1075 2364 28
1099 2345 1167 2374 quo
1185 2335 1299 2375 modo]
1319 2335 1478 2373 quoniam
1496 2340 1531 2365 ut

198 2375 305 2406 *Orelli
406 2377 523 2407 videro
546 2377 690 2417 Bcngel:
715 2379 822 2408 locum
848 2379 892 2408 ιἸα
915 2387 1032 2409 sanare
1058 2379 1127 2410 vult
1147 2378 1375 2409 Mcndclssolm
1400 2379 1439 2410 si.
1464 2389 1530 2418 quo

201 2420 299 2449 modo
318 2420 426 2460 video,
445 2421 703 2452 aestimationes
