1791 2796
543 165 655 201 EPP.
690 163 768 200 AD
801 161 1150 199 FAMILIARES
1413 160 1506 197 XII.
1527 158 1666 196 xxviii

227 299 432 335 XXVIII
517 301 586 334 Str.
610 302 739 332 Romae
750 301 853 341 paulo
865 304 941 341 pos!
955 301 1016 330 ,risi
1030 300 1072 331 K.
1096 299 1182 340 Apr.

744 367 775 388 a.
799 367 853 396 711
874 358 952 396 (455.

581 434 752 465 CICERO
777 432 1054 464 CORNIFICIO
1077 432 1113 463 S.

236 514 450 553 Adsentior
488 514 557 552 tibi
598 528 664 552 eos
704 527 804 564 quos
849 512 983 551 scribis
1025 511 1213 561 Lilybaeo
1257 510 1394 549 minari
1434 510 1557 549 isticl

146 595 162 625 5
184 593 332 631 poenas
362 581 454 618 dare
478 579 690 626 debuisse;
731 580 800 616 sed
829 577 1012 624 metuisti,
1040 585 1081 614 ut
1108 577 1175 623 ais,
1204 590 1253 614 ne
1280 576 1396 614 nimis
1422 576 1518 614 liber

187 645 226 682 in
251 645 480 683 ulciscendo
507 645 691 682 viderere.
753 643 928 681 Metuisti
958 643 1071 692 igitur
1101 656 1149 680 ne
1179 642 1304 692 gravis
1334 642 1438 686 civis,
1469 656 1518 678 nt·

185 711 302 748 nimis
324 710 442 756 fortis,
467 724 516 748 ne
537 709 653 747 nimis
675 717 712 747 te
733 709 876 758 (lignus
901 708 1085 746 viderere.
1147 708 1268 756 Quod
1290 707 1517 744 societatem
1540 719 1563 745 2

185 776 237 813 rei
263 789 298 825 p.
331 776 624 813 conservandae
650 774 719 812 tibi
748 787 904 812 mecum
935 787 956 811 a
984 781 1092 823 patre
1122 780 1325 822 acceptam
1357 785 1519 809 renovas

185 849 336 890 gratum
367 848 449 887 es13
490 853 591 889 quae
621 839 786 877 societas
817 839 917 877 inter
946 852 1017 876 nos
1048 852 1212 887 semper,
1237 838 1288 875 mi
1320 837 1518 881 Cornifici,

131 921 169 942 10
188 905 373 943 manebit.
435 906 599 942 Gratum
643 904 761 942 etiam
806 904 913 949 illud,
960 904 1068 953 quod
1113 903 1209 940 mihi
1251 910 1319 940 tuo
1361 901 1521 939 nomine

185 971 324 1021 gratias
354 971 525 1020 agendas
556 983 635 1008 non
666 978 804 1019 putas;
848 983 920 1007 nec
951 969 1056 1007 enim
1088 968 1127 1006 id
1163 968 1262 1006 inter
1294 981 1365 1005 nos
1396 969 1521 1005 facere

186 1037 388 1074 debemus.
450 1037 615 1073 Senatus
637 1035 792 1085 saepius
813 1048 883 1084 pro
898 1034 1088 1084 dignitate
1110 1042 1176 1072 tua
1196 1035 1465 1084 appellaretur,
1490 1033 1519 1070 si

186 1101 414 1140 absentibus
447 1101 675 1139 consulibus
707 1114 894 1150 umquam
933 1100 1005 1137 nisi
1037 1101 1087 1138 ad
1120 1113 1200 1138 rem
1235 1113 1378 1137 novam
1412 1112 1522 1148 coge-

187 1175 298 1205 retur.
344 1168 482 1216 Itaque
504 1180 576 1205 nec
597 1168 647 1205 de
670 1168 740 1205 HS
764 1162 841 1218 [X—xl
865 1180 938 1205 nec
966 1167 1016 1204 dc
1036 1167 1105 1203 HS
1128 1177 1205 1203 DCC
1226 1165 1438 1214 quicquam
1461 1164 1521 1214 agi

131 1246 166 1277 ¹5
188 1246 294 1270 nunc
315 1246 382 1282 per
403 1240 582 1270 senatum
604 1239 743 1282 potest.
803 1231 895 1269 Tibi
916 1239 1048 1269 autem
1071 1245 1116 1269 ex
1137 1244 1164 1268 s.
1188 1243 1218 1268 c.
1243 1230 1517 1279 imperandum

188 1306 419 1336 mutuumve
447 1298 684 1335 sumendum
710 1310 864 1335 censeo.
927 1298 974 1334 In
999 1310 1038 1335 re
1060 1310 1094 1346 p.
1119 1296 1214 1346 quid
1239 1304 1374 1345 agatur
1401 1296 1519 1333 credo
1541 1303 1564 1340 3

187 1372 225 1402 te
247 1378 292 1401 ex
313 1377 447 1402 eorum
477 1363 612 1402 litteris
639 1377 888 1413 cognoscere,
919 1362 985 1412 qui
1015 1363 1065 1400 ad
1091 1370 1128 1400 te
1155 1369 1242 1399 acta
1271 1361 1418 1400 debent
1440 1375 1522 1412 per-

189 1429 366 1467 scribere.
429 1430 512 1478 Ego
543 1442 629 1466 sum
660 1442 728 1478 spe
758 1429 890 1475 bona3
931 1427 1107 1474 consilio,
1145 1441 1247 1473 cura,
1279 1427 1412 1465 labore
1442 1439 1521 1464 non

189 1496 327 1533 desum
348 1509 357 1542 ς
398 1494 583 1532 omnibus
605 1494 773 1532 inimicis
801 1494 854 1532 rei
885 1493 1067 1544 publicae
1092 1507 1176 1532 esse
1206 1507 1268 1531 me
1289 1492 1521 1531 acerrimum

132 1574 170 1596 20
189 1561 342 1598 hostem
365 1573 456 1610 prae
487 1574 549 1598 me
579 1561 670 1598 fero.
733 1561 812 1597 Res
843 1573 972 1609 neque
1000 1572 1105 1596 nunc
1135 1557 1281 1596 difficili
1311 1560 1399 1596 loco
1427 1558 1523 1595 mihi

191 1624 344 1663 videtur
365 1639 448 1664 esse
465 1633 502 1664 et
517 1625 651 1663 fuisset
668 1624 864 1671 facillimo,
880 1624 911 1662 si
929 1626 1044 1674 culpa
1060 1638 1081 1662 a
1099 1624 1336 1674 quibusdam
1351 1623 1520 1662 afuisset.

234 1779 388 1814 XXIX
589 1782 658 1814 Ser.
681 1782 809 1812 Rontm·
825 1792 892 1812 vmc
908 1792 940 1812 a.
965 1791 1018 1820 711
1039 1781 1116 1820 (45‘.

429 1843 433 1846 ’
551 1860 725 1890 memo
751 1857 1030 1889 CORNIFICIO
1057 1857 1155 1888 SAL.

247 1939 340 1976 Non
380 1938 501 1975 modo
533 1937 600 1975 tibi
635 1937 696 1975 cui
732 1944 863 1975 nostra
901 1935 1034 1973 omnia
1067 1934 1271 1973 notissima
1310 1942 1410 1981 sunt,
1453 1936 1522 1973 sed
1544 1945 1560 1972 1

135 2017 172 2047 25
194 2003 391 2041 neminem
433 2002 471 2039 in
510 2004 656 2052 populo
703 2004 748 2039 R.
790 2001 952 2040 arbitror
991 2014 1075 2039 esse
1115 2000 1176 2038 cui
1221 2000 1268 2038 sit
1308 2000 1439 2049 ignota
1479 2014 1523 2038 ea

194 2067 431 2106 familiaritas
461 2080 561 2116 quae
589 2067 684 2104 mihi
709 2081 798 2105 cum
830 2068 869 2105 L.
899 2066 1037 2104 Lamia
1061 2073 1129 2103 est.
1191 2065 1348 2103 Etenim
1380 2079 1523 2115 magno

193 2135 344 2171 theatro
379 2140 552 2182 spectata
579 2141 636 2170 est
668 2140 762 2178 tum,
795 2146 884 2170 cum
917 2140 976 2170 est
1005 2132 1055 2169 ab
1086 2133 1131 2169 A.
1161 2130 1333 2169 Gabinio
1363 2132 1525 2169 consule

193 2200 383 2248 relegatus
405 2199 512 2247 quod
534 2197 654 2235 libere
685 2206 722 2236 et
744 2198 890 2235 fortiter
917 2199 1081 2235 salutem
1113 2210 1242 2235 meam
1270 2196 1522 2234 defendisset.

195 2264 279 2311 Nec
307 2277 352 2301 ex
379 2276 426 2300 eo
453 2256 681 2300 amor'inter
702 2276 772 2300 nos
801 2270 914 2300 natus
939 2271 995 2300 est
1017 2263 1097 2309 sed,
1122 2263 1229 2311 quod
1255 2270 1334 2300 erat
1357 2269 1466 2299 vetus
1487 2269 1524 2298 et

136 2340 176 2370 30
195 2341 368 2377 magnus,
393 2335 597 2376 propterea
618 2328 768 2364 nullum
791 2327 1006 2377 periculum
1022 2340 1091 2377 pro
1113 2341 1176 2365 me
1190 2327 1296 2365 adire
1317 2326 1521 2364 dubitavit.

242 2431 280 2460 16
302 2435 496 2460 mutuumve
516 2429 633 2459 Orelli:
660 2440 740 2469 -que
755 2429 846 2461 codd.
983 2440 1024 2460 22
1048 2429 1202 2460 Allerum
1227 2429 1326 2459 huius
1347 2434 1395 2469 ep.
1423 2431 1526 2458 exstat

194 2473 379 2514 exemplum
397 2475 429 2504 in
447 2472 527 2504 MH
537 2477 610 2514 post
625 2474 691 2504 xiii.
707 2483 745 2512 77
764 2473 849 2515 (Μὴ)
