1791 2796
598 147 709 183 EPP.
743 147 819 183 As)
852 145 1199 182 FAMILIARES
1514 145 1623 182 XIV.
1642 143 1672 181 ii

277 281 324 316 ῙῙ
433 283 503 314 Scr.
531 282 773 313 Thessalonicae
789 294 818 314 a.
840 281 871 313 d.
895 283 931 312 1'1'1'
944 282 1028 314 ll‘on.
1052 283 1119 313 (m.
1141 293 1172 314 a.
1195 283 1259 317 606
1279 283 1357 319 '‘5⁸³-

289 372 484 405 TVLLIVS
510 372 544 404 S.
576 372 616 403 D.
641 371 913 402 TERENTIAE
938 371 1055 401 SVAE
1081 371 1138 401 ET
1162 370 1425 402 TVLLIOLAE
1452 370 1509 401 ET

713 431 942 463 CICERONI
969 432 1080 463 SVIS.

289 523 382 561 Noli
413 531 550 573 putare
584 536 648 560 me
681 523 732 560 ad
762 535 1003 572 quemquam
1036 522 1231 572 longiores
1261 521 1447 572 epistulas
1477 522 1565 560 scri-
1585 532 1602 559 1

199 607 215 637 5
235 589 338 635 bere,
375 588 449 626 nisi
484 588 513 626 si
546 588 633 638 quis
667 589 718 626 ad
750 602 813 626 me
844 590 954 638 plura
985 587 1148 638 scripsit,
1185 588 1248 625 cui
1280 597 1376 638 puto
1407 587 1564 625 rescribi

235 662 439 704 oportere3
486 667 559 691 nec
598 653 703 692 enim
743 654 872 692 habeo
910 653 1006 703 quid
1042 653 1209 691 scribam
1249 667 1322 692 nec
1361 655 1437 691 hoc
1471 662 1565 691 tem-

232 732 326 769 pore
357 719 569 769 quiequam
600 718 796 757 difficilius
827 719 928 757 faci0
943 733 952 766 3
986 720 1037 757 ad
1064 727 1102 757 te
1130 732 1221 757 vero
1247 727 1285 757 et
1312 720 1362 757 ad
1390 727 1563 757 nostram

232 784 445 823 Tulliolam
480 799 561 823 non
593 797 697 834 queo
732 784 816 823 sine
849 784 1026 835 plurimis
1061 785 1229 823 lacrimis
1265 784 1457 832 seribere3
1495 798 1564 823 vos

232 850 337 888 enim
371 849 487 888 video
517 863 602 888 esse
633 849 879 897 miserrimas,
902 864 999 899 quas
1029 864 1102 900 ego
1134 850 1379 889 beatissimas
1410 864 1565 900 semper

174 932 211 954 10
231 929 316 954 esse
337 915 453 962 volui,
477 915 597 965 idque
622 923 817 965 praestare
846 916 967 954 debui
995 924 1043 963 et,
1068 915 1141 953 nisi
1172 924 1251 954 tam
1280 915 1406 954 timidi
1434 916 1565 954 suisse-

232 995 329 1029 mus,
371 975 661 1030 praestitissem.
732 980 917 1018 Pisonem
957 990 1133 1018 nostrum
1174 981 1313 1020 merito
1353 981 1435 1019 eius
1474 993 1608 1021 amo2

232 1046 454 1097 plurimum.
518 1047 632 1093 Eum,
674 1054 716 1084 ut
755 1045 876 1096 potui,
920 1060 988 1096 per
1027 1046 1172 1084 litteras
1213 1048 1439 1085 cohortatus
1478 1061 1564 1085 sum

231 1111 451 1162 gratiasque
481 1110 552 1160 egi,
585 1119 626 1148 ut
658 1111 789 1149 debui.
853 1112 901 1149 In
933 1111 1045 1149 novis
1077 1120 1119 1149 tr.
1158 1113 1207 1162 pl.
1243 1112 1428 1162 intellego
1458 1126 1567 1163 spem

232 1186 270 1215 te
302 1177 457 1215 habere.
520 1177 567 1214 Id
598 1176 669 1214 erit
700 1177 867 1223 firmum,
901 1176 931 1214 si
964 1177 1128 1227 Pompei
1159 1180 1339 1215 voluntas
1370 1178 1464 1226 erit,
1498 1180 1568 1216 sed

174 1258 211 1290 15
234 1244 418 1281 Crassum
441 1250 573 1281 tamen
594 1250 740 1280 metuo.
801 1244 838 1280 A
858 1250 896 1280 te
916 1242 1078 1292 quidem
1104 1243 1236 1281 omnia
1258 1243 1338 1282 fieri
1361 1243 1569 1282 fortissime

232 1316 269 1346 et
297 1307 564 1346 amantissime
599 1307 716 1346 video
751 1321 824 1346 nee
856 1308 983 1355 miror,
1025 1309 1095 1347 sed
1130 1322 1286 1347 maereo
1321 1323 1453 1347 casum
1485 1309 1568 1348 eius

232 1374 351 1421 modi,
389 1382 431 1412 ut
465 1373 581 1412 tantis
617 1373 692 1411 tuis
733 1373 896 1412 miseriis
936 1387 1047 1413 meae
1086 1374 1263 1413 miseriae
1303 1376 1564 1415 subleventur.

233 1442 336 1479 Nam
366 1441 416 1478 ad
444 1453 507 1478 me
534 1441 574 1477 P.
599 1439 788 1486 Valerius,
820 1440 941 1478 homo
967 1440 1175 1487 officiosus,
1199 1441 1362 1492 scripsit,
1392 1441 1431 1479 id
1459 1443 1567 1491 quod

232 1520 304 1556 ego
333 1505 504 1544 maximo
531 1518 621 1543 cum
653 1505 747 1543 fletu
774 1504 859 1555 legi,
884 1518 1001 1555 quem
1032 1507 1083 1544 ad
1109 1507 1272 1544 modum
1300 1520 1322 1544 a
1346 1508 1490 1545 Vestae
1517 1508 1567 1545 ad

173 1589 212 1611 20
231 1573 405 1610 tabulam
428 1571 624 1609 Valeriam
651 1572 770 1609 ducta
798 1585 912 1610 esses.
975 1573 1094 1618 Hem,
1122 1585 1209 1610 mea
1238 1574 1313 1618 lux,
1344 1586 1476 1610 meum
1504 1573 1568 1610 de-

232 1638 429 1684 siderium,
455 1638 560 1676 unde
582 1650 720 1675 omnes
743 1650 858 1687 opem
889 1645 1020 1687 petere
1047 1638 1249 1675 solebant!
1281 1645 1318 1675 te
1340 1651 1455 1685 nunc,
1480 1651 1567 1676 mea

231 1703 426 1750 Terentia,
452 1703 506 1741 sic
528 1703 665 1750 vexari,
691 1703 745 1741 sic
771 1703 896 1741 iacere
918 1703 956 1740 in
979 1703 1146 1741 lacrimis
1167 1711 1205 1741 et
1230 1703 1422 1750 sordibus,
1446 1704 1565 1754 idque

231 1769 312 1808 fieri
334 1783 421 1809 mea
443 1771 567 1820 culpa,
592 1770 658 1820 qui
680 1778 830 1808 eeteros
853 1769 1011 1816 servavi,
1035 1777 1076 1807 ut
1097 1782 1169 1807 nos
1190 1769 1403 1819 periremus
1421 1772 1428 1808 ἒ

286 1832 485 1885 Ωιιοόᾶθ
512 1838 633 1875 domo
669 1836 816 1883 scribis,
844 1837 920 1874 hoe
951 1844 1007 1874 est
1043 1836 1092 1873 de
1126 1848 1224 1881 area,
1252 1848 1324 1884 ego
1355 1848 1446 1872 vero
1480 1843 1562 1873 tum
1583 1845 1606 1881 3

173 1912 211 1943 25
231 1901 404 1951 denique
434 1902 530 1940 mihi
551 1902 715 1941 videbor
745 1902 954 1948 restitutus,
979 1901 1008 1939 si
1040 1901 1103 1939 illa
1133 1900 1248 1939 nobis
1278 1900 1347 1938 erit
1377 1901 1562 1939 restituta.

232 1969 379 2005 Verum
410 1969 507 2006 haee
538 1982 617 2006 non
649 1976 738 2006 sunt
770 1968 807 2005 in
840 1976 971 2006 nostra
999 1981 1144 2014 manu3
1178 1966 1273 2004 illud
1304 1967 1431 2012 doleo,
1464 1979 1565 2016 quae

232 2032 410 2082 impensa
431 2033 610 2072 facienda
631 2042 698 2080 est,
718 2034 757 2071 in
779 2033 862 2072 eius
883 2042 1032 2084 partem
1056 2042 1093 2072 te
1115 2033 1295 2072 miseram
1317 2041 1355 2071 et
1376 2033 1566 2083 despolia-

231 2106 310 2136 tam
347 2099 488 2137 venire.
563 2100 683 2148 Quod
719 2099 749 2137 si
782 2099 988 2138 conficitur
1020 2099 1233 2150 negotium,
1268 2099 1401 2137 onmia
1432 2112 1566 2137 conse-

233 2176 423 2212 quemur3
453 2164 511 2202 sin
540 2165 679 2203 eadem
707 2178 779 2202 nos
810 2166 964 2203 fortuna
991 2171 1152 2215 premet,
1184 2166 1354 2204 etiamne
1384 2164 1565 2214 reliquias

172 2240 213 2270 30
234 2236 319 2266 tuas
350 2229 490 2268 misera
520 2229 716 2280 proicies?
772 2230 949 2269 Obsecro
970 2238 1018 2278 te,
1043 2245 1130 2270 mea
1151 2231 1239 2278 vita,
1264 2232 1371 2281 quod
1393 2232 1443 2269 ad
1465 2244 1565 2268 sum-

274 2341 293 2370 5
319 2333 360 2363 ad
386 2343 438 2362 me
463 2333 606 2372 scrIpsit,
635 2332 729 2373 plura
753 2332 805 2364 cui
830 2334 908 2366 com'.
937 2334 1056 2374 Tyrrell
1307 2335 1328 2364 6
1351 2332 1447 2373 quid]
1473 2334 1563 2372 quod

232 2375 319 2448 ficut.
349 2419 360 2448 l
460 2378 497 2406 16
522 2386 634 2407 casum
653 2387 730 2407 esse
748 2378 819 2407 eius
836 2377 925 2409 modi
944 2377 1072 2408 Emcsn
1201 2378 1242 2408 28
1267 2377 1464 2409 conficietur
1479 2377 1560 2409 coni.

275 2429 345 2449 (8671
356 2430 423 2459 Il'lg
