1791 2796
137 127 232 166 VII.
256 128 300 165 iii
607 129 662 167 M.
695 130 863 168 TVLLI
895 130 1202 170 CICERONIS

245 240 370 279 tirone
405 248 441 280 et
474 240 693 280 collecticio
723 242 893 281 exercitu
925 257 1014 281 cum
1047 243 1268 293 legionibus
1297 243 1578 283 robustissimis

244 305 436 353 contulit,
466 306 591 345 victus
617 307 839 358 turpissime
863 308 1015 346 amissis
1040 308 1157 347 etiam
1182 308 1316 347 castris
1341 311 1446 348 solus
1468 310 1574 361 sugit.

200 376 225 413 3
248 372 370 409 lIunc
391 384 464 421 ego
486 371 581 409 mihi
599 372 689 411 belli
707 373 826 411 finem
849 373 921 412 feci
944 388 1017 412 nec
1038 374 1181 424 putavi,
1201 388 1291 413 cum
1313 374 1449 425 integri
1467 389 1577 425 pares

244 450 325 475 non
347 436 566 484 fuissemus,
591 438 731 476 fractos
757 438 975 488 superiores
1001 440 1106 486 fore:
1135 439 1295 478 discessi
1320 440 1370 478 ab
1391 454 1439 479 eo
1460 441 1574 488 bello,

244 501 283 540 in
316 516 395 552 quo
429 510 496 541 aut
529 502 567 541 in
599 503 682 542 acie
712 505 937 543 cadendum
968 504 1039 543 fuit
1071 512 1138 542 aut
1168 504 1206 542 in
1236 505 1386 555 aliquas
1417 505 1577 545 insidias
1600 521 1616 551 5

244 566 503 607 incidendum
538 577 605 607 aut
639 569 933 608 deveniendum
974 569 1013 607 in
1048 570 1205 608 victoris
1245 584 1384 609 manus
1422 579 1488 610 aut
1526 573 1577 610 ad

245 634 386 672 Iubam
415 633 728 684 confugiendum
759 642 825 673 aut
847 634 1064 685 capiendus
1086 644 1286 686 tamquam
1309 635 1445 675 exsilio
1468 638 1577 675 locus

242 707 309 737 aut
343 699 628 739 consciscenda
663 714 766 739 mors
799 701 1027 739 voluntaria.
1089 703 1205 740 Certe
1240 701 1335 740 nihil
1369 702 1439 740 fuit
1473 716 1578 753 prae-

243 772 357 812 terea,
382 765 412 804 si
442 774 478 805 te
499 766 635 805 victori
662 768 787 806 nolles
814 775 881 805 aut
906 781 986 806 non
1011 768 1175 806 auderes
1200 767 1456 807 committere.
1519 770 1577 806 Ex

244 831 431 869 omnibus
455 840 586 870 autem
610 831 654 870 iis
679 846 781 882 quae
811 832 890 871 dixi
921 832 1186 872 incommodis
1215 833 1310 871 nibil
1337 833 1576 872 tolerabilius
1601 848 1638 869 10

243 896 388 944 exsilio,
405 897 630 947 praesertim
648 897 860 946 innocenti,
878 898 944 937 ubi
961 899 1066 936 nulla
1082 898 1267 937 adiuncta
1282 906 1338 937 est
1356 898 1576 949 turpitudo;

241 963 348 1001 addo
382 962 510 1010 etiam,
549 977 639 1002 cum
676 978 722 1002 ea
757 964 852 1002 urbe
887 978 1017 1002 careas
1058 963 1097 1001 in
1143 978 1220 1013 qua
1260 964 1355 1001 niliil
1390 964 1437 1002 sit
1468 966 1576 1014 quod

242 1027 373 1067 videre
394 1028 520 1078 possis
542 1028 625 1067 sine
646 1030 792 1068 dolore.
843 1031 928 1079 Ego
949 1043 1038 1067 cum
1061 1029 1167 1076 meis,
1185 1029 1213 1066 si
1237 1029 1448 1080 quicquam
1470 1043 1576 1068 nunc

242 1093 474 1144 cuiusquam
497 1102 565 1141 est,
585 1094 701 1133 etiam
724 1095 762 1132 in
786 1095 882 1133 meis
904 1109 988 1133 esse
1009 1094 1140 1133 malui.
1201 1096 1314 1144 Quae
1335 1094 1573 1141 acciderunt,

197 1171 223 1210 4
243 1159 376 1198 omnia
400 1160 478 1198 dixi
507 1162 643 1199 sutura.
704 1160 806 1199 Veni
834 1161 1010 1208 domum,
1034 1174 1113 1199 non
1139 1174 1219 1211 quo
1246 1160 1396 1210 optima
1419 1159 1575 1200 vivendi
1602 1176 1635 1207 ¹5

242 1224 426 1264 condicio
460 1233 571 1273 esset,
609 1227 678 1265 sed
714 1234 856 1273 tamen,
895 1226 925 1264 si
965 1233 1066 1264 esset
1105 1226 1235 1276 aliqua
1274 1228 1399 1264 forma
1436 1226 1487 1264 rei
1524 1239 1573 1276 p.,

242 1298 443 1341 tamquam
476 1291 513 1329 in
545 1291 668 1341 patria
699 1299 740 1329 ut
768 1305 906 1338 essem,
937 1290 967 1329 si
999 1293 1118 1338 nulla,
1144 1299 1344 1341 tamquam
1367 1291 1405 1328 in
1427 1290 1576 1329 exsilio.

244 1358 414 1395 Mortem
438 1356 531 1394 mihi
555 1371 622 1395 cur
649 1357 935 1395 consciscerem
961 1370 1079 1395 causa
1109 1370 1189 1394 non
1219 1355 1301 1394 visa
1326 1364 1394 1403 est,
1422 1366 1490 1394 cur
1510 1370 1575 1406 op-

242 1430 363 1460 tarem
400 1424 546 1461 multae
585 1436 736 1461 causae.
796 1425 922 1461 Vetus
961 1430 1019 1461 est
1059 1420 1175 1469 enim,
1209 1421 1276 1460 ubi
1312 1436 1391 1459 non
1427 1421 1477 1459 sis
1508 1420 1573 1471 qui

241 1486 368 1534 fueris,
394 1501 471 1525 non
501 1502 585 1526 esse
615 1502 682 1526 cur
713 1487 807 1526 velis
833 1487 969 1525 virere.
1031 1489 1108 1525 Sed
1138 1495 1268 1525 tamen
1296 1501 1432 1525 vacare
1459 1489 1574 1537 culpa
1596 1504 1633 1525 20

242 1566 425 1602 magnum
462 1561 519 1591 est
550 1553 749 1599 solacium,
784 1552 1007 1602 praesertim
1049 1566 1138 1590 cum
1171 1553 1337 1590 habeam
1377 1553 1475 1590 duas
1514 1566 1573 1590 res

240 1621 383 1671 quibus
407 1636 468 1659 me
489 1630 719 1669 sustentem,
740 1621 976 1672 optimarum
1004 1621 1144 1659 artium
1174 1620 1377 1659 scientiam
1399 1628 1436 1659 et
1458 1620 1574 1658 maxi-

242 1701 391 1725 marum
414 1701 539 1725 rerum
561 1687 722 1737 gloriam
742 1702 749 1734 ;
779 1701 942 1737 quarum
972 1688 1091 1725 altera
1119 1686 1214 1724 mihi
1239 1685 1327 1725 vivo
1354 1699 1571 1736 numquam

241 1752 433 1802 eripietur,
456 1754 576 1791 altera
598 1767 646 1791 ne
668 1760 823 1792 mortuo
844 1753 1016 1803 quidem.

198 1834 222 1871 5
270 1853 273 1855 .
298 1820 410 1857 Haec
442 1820 491 1857 ad
520 1827 557 1857 te
587 1819 721 1869 scripsi
757 1819 959 1857 verbosius
989 1826 1026 1857 et
1056 1818 1124 1856 tibi
1158 1819 1344 1857 molestus
1374 1816 1439 1864 fui,
1463 1818 1570 1867 quod
1594 1830 1630 1861 ²5

241 1891 277 1921 te
299 1897 387 1921 cum
412 1884 485 1922 mei
510 1893 591 1922 tum
614 1884 665 1923 rei
688 1899 723 1935 p.
748 1884 914 1935 cognovi
935 1883 1259 1935 amantissimum.
1321 1885 1471 1921 Notum
1502 1882 1571 1921 tibi

210 1946 358 1986 'omne
393 1963 523 1987 meum
563 1949 769 1988 consilium
807 1964 890 1988 esse
926 1949 1040 1996 volui,
1079 1957 1120 1987 ut
1155 1949 1322 1999 primum
1359 1948 1475 1987 scires
1511 1962 1572 1986 me

242 2027 458 2063 numquam
487 2014 656 2053 voluisse
684 2017 770 2064 plus
797 2029 1037 2065 quemquam
1066 2029 1180 2065 posse
1208 2028 1325 2064 quam
1351 2013 1570 2052 universam

242 2092 320 2117 rem
355 2093 403 2129 p.‚
439 2087 575 2129 postea
605 2088 736 2118 autem
770 2093 886 2129 quam
918 2079 1081 2117 alicuius
1111 2081 1227 2129 culpa
1251 2087 1402 2117 tantum
1427 2080 1571 2116 valeret

242 2158 342 2182 unus
378 2152 419 2181 ut
453 2144 587 2182 obsisti
625 2158 703 2182 non
739 2152 880 2194 posset,
915 2158 976 2182 me
1015 2144 1183 2183 voluisse
1223 2158 1388 2194 pacem3
1424 2143 1569 2193 amisso
1590 2156 1630 2186 30

242 2209 410 2248 exercitu
443 2217 479 2247 et
510 2223 558 2248 eo
588 2210 700 2255 duce,
733 2209 771 2247 in
803 2223 882 2259 quo
913 2222 1001 2258 spes
1032 2210 1153 2247 fuerat
1184 2223 1275 2255 uno,
1308 2222 1370 2246 me
1400 2207 1569 2246 voluisse

242 2274 358 2313 etiam
390 2274 547 2324 reliquis
574 2273 769 2320 omnibus,
797 2281 1006 2323 postquam
1032 2287 1110 2311 non
1140 2273 1343 2323 potuerim,
1372 2271 1464 2310 mihi
1497 2272 1568 2323 ipsi

287 2391 303 2416 4
333 2379 451 2408 fractos
471 2389 530 2409 nos
549 2378 742 2417 superiores
765 2377 953 2418 W·sc11bc·tg
1089 2379 1126 2407 16
1149 2377 1260 2416 aliqua
1280 2376 1362 2408 GR:
1396 2387 1496 2416 -quac
1518 2375 1565 2413 ᾸΙ,

244 2423 279 2461 cs.
300 2423 342 2452 vi.
369 2433 392 2452 1.
414 2434 430 2459 4
