1791 2796
580 163 692 200 EPP.
725 163 802 199 AD
835 132 1181 199 FAMILIARES
1446 163 1563 199 XIII.
1585 162 1694 198 xxix

216 290 279 315 me
308 276 394 326 ipso
423 274 585 326 experiri
616 274 737 325 potui,
760 275 809 313 ad
840 281 878 312 te
905 275 1102 319 deferam3
1134 274 1172 311 in
1197 288 1245 312 eo
1275 281 1466 324 quantum
1497 274 1545 312 sit

216 342 401 393 ponderis
436 350 478 379 tu
513 340 674 379 videbis.
747 341 877 389 Quam
910 347 1058 390 partem
1096 339 1133 377 in
1166 354 1205 378 re
1240 353 1275 390 p.
1308 353 1547 389 causamque

216 407 472 454 defenderim,
496 420 564 457 per
591 419 690 456 quos
720 405 900 444 homines
929 404 1166 454 ordinesque
1197 405 1368 443 steterim
1390 405 1549 455 quibus-

216 486 294 523 que
324 471 497 510 munitus
523 471 661 510 fuerim
686 484 766 509 non
795 470 958 521 ignoras.
1022 472 1114 508 Hoc
1142 469 1237 508 mihi
1258 470 1372 509 velim
1399 471 1547 517 credas,

178 549 196 581 5
217 538 248 577 si
273 537 368 588 quid
396 536 553 576 fecerim
583 538 659 574 hoc
686 536 771 586 ipso
797 535 836 573 in
865 536 970 574 bello
999 535 1128 573 minus
1150 549 1196 574 ex
1218 535 1395 575 Caesaris
1416 537 1550 574 volun-

217 611 296 642 tate
318 603 443 653 (quod
471 601 642 640 intellexi
671 601 768 640 scire
796 601 924 651 ipsum
954 602 1164 640 Caesarem
1189 614 1252 639 me
1272 600 1550 639 invitissimum

218 668 384 717 fecisse),
421 667 461 706 id
500 667 637 706 fecisse
675 666 839 704 aliorum
879 666 1055 712 consilio,
1090 667 1255 713 hortatu,
1297 665 1551 713 auctoritate;

220 734 328 784 quod
359 732 496 771 fuerim
527 732 764 771 moderatior
794 731 1123 782 temperatiorque
1148 744 1267 782 quam
1298 731 1337 769 in
1367 745 1412 770 ea
1442 739 1551 781 parte

219 799 439 849 quisquam,
481 798 520 837 id
562 812 624 836 me
664 798 800 837 fecisse
842 797 1010 836 maxime
1049 797 1280 836 auctoritate
1320 797 1550 847 Capitonis;

161 879 201 902 10
219 864 330 903 cuius
360 864 495 902 similis
525 864 556 902 si
586 864 755 914 reliquos
788 862 1027 902 necessarios
1057 863 1294 910 habuissem,
1327 862 1381 901 rei
1409 876 1445 913 p.
1478 864 1550 900 sor-

219 938 320 968 tasse
352 943 432 967 non
467 929 574 977 nihil,
609 929 704 967 mihi
736 937 840 967 certe
872 928 1083 978 plurimum
1115 926 1358 978 profuissem.
1431 930 1548 965 Hanc
1568 929 1592 967 8

219 1008 312 1041 rem,
336 994 388 1032 mi
411 988 566 1043 Plance,
590 994 620 1032 si
642 994 826 1041 effeceris,
850 1007 978 1032 meam
1006 995 1056 1032 de
1083 1002 1149 1032 tua
1177 1007 1266 1043 erga
1293 1007 1355 1031 me
1382 993 1550 1032 benevo-

220 1060 339 1098 lentia
368 1074 477 1110 spem
509 1059 810 1106 confirmaveris,
841 1059 968 1109 ipsum
998 1059 1246 1110 Capitonem,
1275 1057 1549 1108 gratissimum,

221 1125 561 1172 officiosissimum,
597 1125 790 1175 optimum
827 1124 963 1171 virum,
992 1125 1043 1163 ad
1076 1132 1182 1163 tuam
1219 1123 1551 1162 necessitudinem

164 1205 202 1237 15
221 1198 290 1229 tuo
321 1204 476 1229 summo
509 1189 704 1229 beneficio
733 1188 967 1228 adiunxeris.

264 1377 394 1413 XXX
553 1379 622 1412 Ser.
641 1379 779 1421 Romae,
799 1383 837 1411 ut
852 1379 986 1419 videtur,
1006 1390 1036 1411 a.
1059 1381 1121 1420 708
1138 1380 1221 1421 (46).

513 1469 688 1501 CICERO
712 1469 874 1501 ACILIO
901 1468 1199 1501 PROCONSVLI
1226 1469 1260 1501 S.

277 1559 320 1598 L.
359 1558 532 1597 Manlius
567 1566 625 1597 est
660 1558 775 1597 Sosis.
837 1559 876 1596 Is
906 1557 977 1596 fuit
1012 1557 1250 1605 Catinensis,
1284 1559 1353 1596 sed
1385 1564 1442 1596 est
1477 1570 1554 1595 una
1575 1569 1590 1595 1

223 1638 313 1663 cum
367 1624 525 1674 reliquis
580 1622 852 1674 Neapolitanis
900 1622 994 1661 civis
1044 1625 1090 1661 R.
1142 1624 1266 1661 factus
1313 1621 1592 1672 decurioque'

166 1706 205 1728 20
225 1690 421 1739 Neapoli,
468 1697 549 1728 erat
587 1688 692 1728 enim
741 1688 960 1738 adscriptus
1008 1688 1047 1726 in
1087 1687 1127 1726 id
1167 1687 1425 1738 municipium
1465 1695 1556 1725 ante

224 1754 420 1793 civitatem
461 1754 576 1793 sociis
615 1762 653 1793 et
694 1753 843 1792 Latinis
882 1755 1025 1792 datam.
1100 1752 1196 1791 Eius
1238 1754 1352 1791 frater
1391 1752 1556 1791 Catinae

225 1833 349 1869 nuper
387 1828 564 1859 mortuus
603 1828 670 1868 est.
720 1840 728 1851 ·
751 1820 910 1858 Nullam
950 1818 1115 1857 omnino
1153 1818 1384 1856 arbitramur
1422 1818 1473 1856 de
1511 1831 1557 1856 ea

225 1884 440 1924 hereditate
472 1885 777 1924 controversiam
813 1898 903 1922 eum
939 1883 1175 1930 habiturum,
1209 1891 1246 1921 et
1280 1890 1337 1921 est
1367 1882 1486 1921 hodie
1516 1883 1555 1921 in

226 1948 365 1997 bonis3
414 1951 483 1988 sed
531 1949 719 2000 quoniam
763 1949 883 1987 habet
921 1956 1120 1999 praeterea
1158 1947 1315 1997 negotia
1353 1955 1482 1986 vetera
1517 1947 1555 1986 in

167 2031 205 2062 25
227 2014 357 2052 Sicilia
388 2028 467 2061 sua,
502 2022 540 2053 et
571 2016 673 2053 hanc
703 2014 962 2054 hereditatem
997 2015 1205 2052 fraternam
1237 2020 1275 2052 et
1306 2012 1439 2052 omnia
1473 2012 1556 2052 eius

226 2079 296 2117 tibi
317 2081 557 2119 commendo
573 2079 612 2118 in
629 2080 843 2130 primisque
859 2080 1000 2130 ipsum,
1018 2079 1142 2118 virum
1163 2078 1358 2130 optimum
1379 2078 1556 2129 mihique

227 2144 580 2192 familiarissimum,
622 2145 667 2183 iis
706 2145 844 2184 studiis
879 2145 1090 2185 litterarum
1130 2144 1413 2195 doctrinaeque
1450 2158 1557 2194 prae-

226 2210 363 2258 ditum,
387 2210 531 2261 quibus
558 2224 630 2261 ego
659 2210 826 2250 maxime
857 2212 1041 2250 delector.
1103 2213 1200 2249 Peto
1222 2210 1336 2260 igitur
1356 2211 1426 2249 abs
1454 2218 1491 2248 te
1512 2218 1553 2248 ut
1572 2223 1596 2250 2

269 2325 288 2353 4
314 2313 478 2354 munitus]
496 2314 651 2346 inimicus
675 2314 770 2347 Man.
923 2317 945 2346 6
968 2314 1118 2346 intellexi
1135 2319 1206 2346 vett.
1225 2314 1386 2355 Madvig:
1410 2313 1554 2344 -exerim

227 2356 316 2390 codd.
338 2359 486 2398 <propter
495 2358 631 2389 fecerim
648 2362 677 2389 et
693 2358 830 2400 fuerim)
842 2357 931 2400 vulg.
1025 2368 1041 2398 7
1067 2358 1099 2389 id
1114 2358 1236 2389 secisse
1247 2357 1301 2388 D:
1328 2358 1360 2388 id
1379 2358 1441 2388 feci
1456 2356 1554 2389 MH:

228 2400 260 2431 id
278 2400 471 2444 secisserne
490 2400 680 2443 {Vesenberg
722 2432 726 2435 Δ
809 2412 849 2442 25
874 2401 1024 2444 sua]-tua
1041 2400 1163 2433 Scln‘itz
1280 2411 1319 2441 27
1345 2400 1554 2442 praeditum]

226 2443 367 2482 cf‘Cael.
389 2449 450 2484 24:
477 2444 627 2477 deditum
643 2447 716 2479 ve'tl.
915 2448 918 2449 ⁷
1534 2462 1537 2463 ⁷

272 2509 333 2530 εις.
352 2510 399 2530 AD
418 2510 497 2532 ΡΑΜ.
1426 2499 1467 2530 27
