1791 2796
182 131 230 170 v.

201 696 217 722 1

212 2206 235 2242 3

248 143 279 169 ν
598 133 653 171 M.
686 133 853 172 TVLLI
887 134 1194 174 CICERONIS

232 246 392 284 confido
414 253 450 284 te
472 247 665 284 facturum
687 260 771 285 esse
792 245 939 294 omnia,
956 255 1087 285 tamen
1103 247 1174 285 abs
1195 254 1233 285 te
1253 247 1331 286 hoc
1351 254 1496 298 petam,
1510 255 1566 294 ut,

233 310 263 348 si
285 310 381 361 quid
402 310 442 349 in
473 319 510 350 te
540 311 683 350 residet
707 311 851 350 amoris
879 325 968 362 erga
995 326 1072 360 me,
1092 311 1133 351 id
1160 326 1280 350 omne
1307 312 1347 350 in
1370 311 1565 362 Pomponi

233 375 391 426 negotio
412 378 608 416 ostendas.
671 378 765 416 Hoc
786 376 883 415 mihi
904 376 1000 415 nihil
1020 376 1165 427 gratius
1186 378 1313 416 facere
1333 385 1456 428 poteS.

276 530 342 565 VI
547 535 616 566 Ser.
637 534 767 566 Romae
782 536 846 566 circ.
869 535 916 566 Id.
937 535 1011 566 Dcc.
1033 547 1062 567 (1.
1085 538 1147 576 692
1167 537 1248 576 (62ss

434 612 477 643 Μ.
507 612 681 644 CICERO
708 614 741 644 S.
773 613 811 644 D.
840 613 875 644 P.
905 613 1070 645 SESTIO
1097 614 1132 644 L.
1163 614 1197 644 F.
1227 614 1366 653 PROQ.

291 692 394 729 Cum
415 691 466 728 ad
487 704 550 728 me
573 690 720 729 Decius
748 690 927 730 librarius
957 691 1128 730 venisset
1157 691 1378 742 egissetque
1400 704 1570 738 mecum,

236 763 279 794 ut
299 769 459 805 operam
481 757 616 795 darem
647 770 697 795 ne
725 755 797 795 tibi
824 757 901 795 hoc
926 764 1103 807 tempore
1128 757 1416 804 succederetur,
1437 769 1571 808 quam-

236 834 355 871 quam
387 821 496 859 illum
529 821 733 860 hominem
766 821 863 873 frugi
898 830 937 861 61
971 822 1041 861 tibi
1073 822 1245 861 amicum
1283 821 1570 869 existimabam,

238 895 384 934 tamen,
405 888 513 937 quod
541 887 732 926 memoria
761 887 960 935 tenebam,
988 887 1098 926 cuius
1129 875 1238 927 modi
1261 889 1312 927 ad
1337 901 1401 926 me
1425 887 1570 926 litteras

237 959 353 990 antea
374 951 558 1000 misisses,
579 966 660 991 non
681 952 772 991 satis
794 952 943 991 credidi
971 952 1122 992 1101111111
1151 952 1335 1004 prudenti
1356 961 1436 992 tam
1456 953 1571 991 valde

238 1030 325 1056 esse
346 1025 536 1056 mutatam
562 1018 806 1057 voluntatem
828 1025 947 1056 tuam.
1007 1019 1098 1065 Sed,
1121 1026 1259 1069 postea
1279 1032 1399 1069 quam
1419 1026 1458 1057 et
1479 1019 1572 1058 Cor-

239 1081 341 1120 nelia
376 1090 441 1120 tua
475 1082 702 1121 Terentiam
741 1083 940 1131 convenit,
979 1091 1017 1122 et
1052 1097 1125 1134 ego
1164 1097 1254 1122 cum
1294 1085 1343 1132 Q.
1386 1083 1572 1123 Cornelio

240 1149 394 1186 locutus
424 1161 525 1195 sum,
544 1147 709 1187 adhibui
739 1148 997 1198 diligentiam,
1026 1148 1384 1200 quotienscumque
1413 1157 1572 1188 senatus

241 1213 326 1261 fuit,
366 1222 407 1252 ut
445 1215 639 1262 adessem,
678 1214 972 1266 plurimumque
1018 1214 1058 1253 in
1097 1229 1145 1254 eo
1191 1214 1324 1265 negoti
1365 1214 1486 1254 habui
1531 1222 1574 1253 ut

243 1280 290 1327 Q.
317 1280 485 1327 Fufium,
507 1288 548 1318 tr.
572 1281 639 1330 pL,
659 1288 698 1318 et
719 1288 882 1329 ceteros,
903 1282 954 1320 ad
974 1295 1074 1331 quos
1096 1289 1137 1319 tu
1157 1280 1377 1331 scripseras,
1392 1293 1573 1331 cogerem

243 1344 339 1383 mihi
360 1345 490 1395 potius
511 1347 670 1384 credere
697 1360 817 1397 quam
845 1346 920 1385 tuis
947 1346 1093 1386 litteris.
1154 1346 1332 1386 Omnino
1352 1360 1412 1385 res
1427 1353 1515 1385 ‘tota
1534 1345 1574 1384 in

243 1424 420 1450 mensem
444 1411 670 1450 Ianuarium
692 1411 835 1451 reiecta
855 1420 949 1460 erat,
970 1413 1041 1451 sed
1061 1411 1174 1451 facile
1195 1411 1457 1451 obtinebatur.

299 1477 384 1526 Ego
417 1485 483 1515 tua
519 1476 779 1526 gratulatione
818 1485 1055 1525 commotus,
1090 1478 1198 1527 quod
1235 1478 1286 1515 ad
1326 1490 1389 1515 me
1423 1475 1575 1526 pridem

244 1540 451 1591 scripseras
485 1542 584 1580 velle
614 1549 651 1580 te
686 1542 788 1580 bene
818 1541 986 1589 evenire,
1018 1543 1127 1593 quod
1158 1543 1208 1581 de
1238 1544 1381 1582 Crasso
1410 1543 1575 1581 domum

245 1606 442 1654 emissem,
473 1606 551 1645 emi
590 1620 677 1645 eam
709 1606 836 1658 ipsam
870 1608 1036 1647 domum
1071 1601 1207 1658 ffxsx‘v}
1247 1607 1449 1658 aliquanto
1488 1614 1577 1657 post
1600 1621 1612 1641 ι

247 1682 353 1710 11111111
373 1672 684 1722 gratulationem.
747 1674 888 1723 Itaque
913 1687 1018 1726 nunc
1049 1687 1111 1712 me
1132 1672 1231 1711 scito
1258 1680 1410 1711 tantum
1432 1672 1577 1711 habere

245 1737 344 1776 aeris
364 1737 494 1785 alieni,
515 1746 557 1776 ut
578 1737 735 1789 cupiam
757 1738 975 1786 coniurare,
995 1738 1026 1777 si
1048 1738 1257 1789 quisquam
1278 1737 1439 1789 recipiat
1454 1752 1464 1785 ,·
1506 1738 1577 1776 sed

247 1802 387 1854 partim
408 1802 502 1842 odio
523 1803 675 1843 inducti
696 1818 760 1844 me
780 1806 996 1844 excludunt
1015 1812 1055 1843 et
1073 1812 1207 1857 aperte
1226 1803 1425 1844 vindicem
1445 1802 1579 1844 coniu-

248 1867 408 1907 rationis
437 1869 620 1917 oderunt,
639 1869 780 1921 partim
810 1884 891 1910 non
920 1871 1088 1910 credunt
1110 1878 1150 1909 et
1177 1883 1201 1917 a
1229 1883 1293 1909 1116
1316 1868 1477 1909 insidias
1503 1881 1582 1908 1116-

250 1940 365 1971 11111111
395 1947 468 1972 1166
489 1942 628 1983 putant
658 1935 693 1973 ei
716 1949 900 1974 nummos
920 1936 1036 1975 desse
1056 1926 1185 1986 posse,
1205 1934 1273 1985 qui
1303 1949 1349 1973 ex
1373 1933 1581 1973 obsidione

251 1999 488 2038 feneratores
529 2000 724 2039 exemerit.
796 2000 973 2040 Omnino
1014 2000 1242 2040 semissibus
1284 2013 1426 2050 magna
1468 1998 1583 2049 copia

252 2071 336 2111 est,
384 2077 457 2114 ego
485 2072 618 2104 autem
649 2065 746 2104 meis
775 2067 891 2105 rebus
919 2066 1037 2117 gestis
1066 2067 1143 2105 1106
1173 2079 1259 2104 sum
1288 2066 1512 2112 adsecutus,
1541 2071 1583 2102 ut

255 2129 404 2167 bonum
426 2143 573 2168 nomen
594 2130 798 2170 existimer.

312 2196 486 2233 Domum
518 2204 625 2234 tuam
655 2204 773 2246 atque
801 2196 1117 2236 aedificationem
1148 2210 1309 2235 omnem
1338 2193 1516 2245 perspexi
1545 2201 1583 2232 et

304 2308 342 2329 10
367 2299 521 2337 prudenti
535 2298 637 2339 codd„
651 2303 724 2330 recle
732 2304 814 2340 pulo
829 2311 834 2330 :
852 2299 920 2331 cdd.
936 2300 1068 2331 verbum
1083 2298 1486 2339 adfirmandidesiderant,
1501 2297 1585 2329 velut

257 2342 467 2382 praedicanti
495 2342 634 2383 (Orelli),
669 2344 823 2383 prodenti
850 2344 961 2383 (Boot)
979 2355 985 2374 :
1026 2343 1173 2374 hominis
1197 2342 1374 2383 prudentis
1399 2346 1488 2372 tuam
1516 2346 1582 2372 tam

257 2386 354 2417 valde
372 2397 448 2418 esse
466 2392 627 2418 mutatam
645 2387 850 2418 voluntatem
871 2386 994 2428 [tuam]
1017 2387 1138 2428 Tyrrell
1249 2388 1291 2417 26
1316 2385 1466 2417 Omnino
1487 2384 1560 2416 Vict.
1576 2395 1582 2415 :

256 2430 347 2461 omni
365 2429 421 2462 M:
447 2431 557 2462 omnis
575 2430 637 2461 GR
652 2443 658 2462 :
682 2432 839 2462 sumendi
856 2431 1083 2463 Mcndclswlm

1594 966 1632 988 10
