<?xml version="1.0" encoding="UTF-8"?>
<!DOCTYPE html PUBLIC "-//W3C//DTD XHTML 1.0 Transitional//EN"
    "http://www.w3.org/TR/xhtml1/DTD/xhtml1-transitional.dtd">
<html xmlns="http://www.w3.org/1999/xhtml" xml:lang="en" lang="en">
 <head>
  <title>
</title>
<meta http-equiv="Content-Type" content="text/html;charset=utf-8" />
  <meta name='ocr-system' content='tesseract 3.04.00' />
  <meta name='ocr-capabilities' content='ocr_page ocr_carea ocr_par ocr_line ocrx_word'/>
</head>
<body>
  <div class='ocr_page' id='page_1' title='image "./epistulaerecogno01ciceuoft_0257.png"; bbox 0 0 1791 2796; ppageno 0'>
   <div class='ocr_carea' id='block_1_1' title="bbox 669 602 1057 641">
    <p class='ocr_par' dir='ltr' id='par_1_1' title="bbox 669 602 1057 641">
     <span class='ocr_line' id='line_1_1' title="bbox 669 602 1057 641; baseline 0 -1"><span class='ocrx_word' id='word_1_1' title='bbox 669 603 839 640; x_wconf 89' lang='lat' dir='ltr'>LIBER</span> <span class='ocrx_word' id='word_1_2' title='bbox 870 602 1057 641; x_wconf 81' lang='lat' dir='ltr'>NONVS</span> 
     </span>
    </p>
   </div>
   <div class='ocr_carea' id='block_1_2' title="bbox 246 723 1479 773">
    <p class='ocr_par' dir='ltr' id='par_1_2' title="bbox 246 723 1479 773">
     <span class='ocr_line' id='line_1_2' title="bbox 246 723 1479 773; baseline 0.002 -2"><span class='ocrx_word' id='word_1_3' title='bbox 246 724 349 771; x_wconf 82' lang='lat' dir='ltr'>AD</span> <span class='ocrx_word' id='word_1_4' title='bbox 401 723 468 772; x_wconf 83' lang='lat' dir='ltr'>M.</span> <span class='ocrx_word' id='word_1_5' title='bbox 514 723 935 771; x_wconf 73' lang='lat' dir='ltr'><strong>VARRONEM</strong></span> <span class='ocrx_word' id='word_1_6' title='bbox 990 724 1084 770; x_wconf 88' lang='lat' dir='ltr'>ET</span> <span class='ocrx_word' id='word_1_7' title='bbox 1141 725 1479 773; x_wconf 82' lang='lat' dir='ltr'>CETEROS</span> 
     </span>
    </p>
   </div>
   <div class='ocr_carea' id='block_1_3' title="bbox 240 890 1302 935">
    <p class='ocr_par' dir='ltr' id='par_1_3' title="bbox 240 890 1302 935">
     <span class='ocr_line' id='line_1_3' title="bbox 240 890 1302 935; baseline 0 -11"><span class='ocrx_word' id='word_1_8' title='bbox 240 890 263 924; x_wconf 85' lang='grc' dir='ltr'>Ῑ</span> <span class='ocrx_word' id='word_1_9' title='bbox 425 892 494 924; x_wconf 70' lang='lat' dir='ltr'>Str.</span> <span class='ocrx_word' id='word_1_10' title='bbox 515 892 644 923; x_wconf 68' lang='lat' dir='ltr'>Romae</span> <span class='ocrx_word' id='word_1_11' title='bbox 658 903 703 924; x_wconf 71' lang='lat' dir='ltr'>rx.</span> <span class='ocrx_word' id='word_1_12' title='bbox 725 904 752 924; x_wconf 77' lang='lat' dir='ltr'>a.</span> <span class='ocrx_word' id='word_1_13' title='bbox 777 903 834 932; x_wconf 84' lang='lat'>707</span> <span class='ocrx_word' id='word_1_14' title='bbox 856 894 927 934; x_wconf 49' lang='lat'>(47¹.</span> <span class='ocrx_word' id='word_1_15' title='bbox 947 894 1064 924; x_wconf 76' lang='lat' dir='ltr'>autin.</span> <span class='ocrx_word' id='word_1_16' title='bbox 1088 904 1117 924; x_wconf 82' lang='lat' dir='ltr'>a.</span> <span class='ocrx_word' id='word_1_17' title='bbox 1139 895 1199 933; x_wconf 82' lang='grc'>708</span> <span class='ocrx_word' id='word_1_18' title='bbox 1217 893 1302 935; x_wconf 68' lang='grc'>(46).</span> 
     </span>
    </p>
   </div>
   <div class='ocr_carea' id='block_1_4' title="bbox 583 971 1131 1002">
    <p class='ocr_par' dir='ltr' id='par_1_4' title="bbox 583 971 1131 1002">
     <span class='ocr_line' id='line_1_4' title="bbox 583 971 1131 1002; baseline 0.002 -1"><span class='ocrx_word' id='word_1_19' title='bbox 583 971 757 1001; x_wconf 80' lang='lat' dir='ltr'>CICERO</span> <span class='ocrx_word' id='word_1_20' title='bbox 783 971 827 1002; x_wconf 91' lang='lat' dir='ltr'>M.</span> <span class='ocrx_word' id='word_1_21' title='bbox 851 971 1071 1002; x_wconf 84' lang='lat' dir='ltr'><strong>VARRONI</strong></span> <span class='ocrx_word' id='word_1_22' title='bbox 1098 971 1131 1002; x_wconf 81' lang='lat' dir='ltr'>S.</span> 
     </span>
    </p>
   </div>
   <div class='ocr_carea' id='block_1_5' title="bbox 136 1049 1562 2211">
    <p class='ocr_par' dir='ltr' id='par_1_5' title="bbox 160 1049 1561 1491">
     <span class='ocr_line' id='line_1_5' title="bbox 252 1049 1561 1102; baseline 0.002 -15"><span class='ocrx_word' id='word_1_23' title='bbox 252 1051 315 1088; x_wconf 81' lang='lat' dir='ltr'>Ex</span> <span class='ocrx_word' id='word_1_24' title='bbox 346 1050 391 1088; x_wconf 82' lang='lat' dir='ltr'>iis</span> <span class='ocrx_word' id='word_1_25' title='bbox 420 1049 566 1096; x_wconf 86' lang='lat' dir='ltr'>litteris,</span> <span class='ocrx_word' id='word_1_26' title='bbox 598 1063 694 1099; x_wconf 82' lang='lat' dir='ltr'>quas</span> <span class='ocrx_word' id='word_1_27' title='bbox 722 1049 876 1088; x_wconf 81' lang='lat' dir='ltr'>Atticus</span> <span class='ocrx_word' id='word_1_28' title='bbox 902 1064 925 1088; x_wconf 81' lang='lat' dir='ltr'>a</span> <span class='ocrx_word' id='word_1_29' title='bbox 952 1058 990 1088; x_wconf 84' lang='lat' dir='ltr'>te</span> <span class='ocrx_word' id='word_1_30' title='bbox 1018 1050 1154 1088; x_wconf 79' lang='lat' dir='ltr'>missas</span> <span class='ocrx_word' id='word_1_31' title='bbox 1179 1050 1275 1089; x_wconf 83' lang='lat' dir='ltr'>mihi</span> <span class='ocrx_word' id='word_1_32' title='bbox 1303 1051 1405 1102; x_wconf 85' lang='lat' dir='ltr'>legit,</span> <span class='ocrx_word' id='word_1_33' title='bbox 1429 1051 1524 1102; x_wconf 87' lang='lat' dir='ltr'>quid</span> <span class='ocrx_word' id='word_1_34' title='bbox 1543 1061 1561 1089; x_wconf 92' lang='lat'>1</span> 
     </span>
     <span class='ocr_line' id='line_1_6' title="bbox 196 1115 1527 1165; baseline 0.002 -13"><span class='ocrx_word' id='word_1_35' title='bbox 196 1128 328 1165; x_wconf 82' lang='lat' dir='ltr'>ageres</span> <span class='ocrx_word' id='word_1_36' title='bbox 358 1124 395 1154; x_wconf 88' lang='lat' dir='ltr'>et</span> <span class='ocrx_word' id='word_1_37' title='bbox 423 1115 490 1153; x_wconf 88' lang='lat' dir='ltr'>ubi</span> <span class='ocrx_word' id='word_1_38' title='bbox 518 1128 622 1154; x_wconf 83' lang='lat' dir='ltr'>esses</span> <span class='ocrx_word' id='word_1_39' title='bbox 649 1116 841 1165; x_wconf 74' lang='lat' dir='ltr'>cognovi3</span> <span class='ocrx_word' id='word_1_40' title='bbox 871 1117 1033 1165; x_wconf 81' lang='lat' dir='ltr'>quando</span> <span class='ocrx_word' id='word_1_41' title='bbox 1060 1124 1192 1154; x_wconf 81' lang='lat' dir='ltr'>autem</span> <span class='ocrx_word' id='word_1_42' title='bbox 1218 1124 1255 1155; x_wconf 86' lang='lat' dir='ltr'>te</span> <span class='ocrx_word' id='word_1_43' title='bbox 1282 1117 1399 1155; x_wconf 81' lang='lat' dir='ltr'>visuri</span> <span class='ocrx_word' id='word_1_44' title='bbox 1427 1130 1527 1156; x_wconf 84' lang='lat' dir='ltr'>esse-</span> 
     </span>
     <span class='ocr_line' id='line_1_7' title="bbox 160 1180 1525 1232; baseline 0.001 -14"><span class='ocrx_word' id='word_1_45' title='bbox 160 1197 176 1227; x_wconf 73' lang='lat'><em>5</em></span> <span class='ocrx_word' id='word_1_46' title='bbox 198 1194 295 1227; x_wconf 88' lang='lat' dir='ltr'>mus,</span> <span class='ocrx_word' id='word_1_47' title='bbox 324 1181 419 1218; x_wconf 85' lang='lat' dir='ltr'>nihil</span> <span class='ocrx_word' id='word_1_48' title='bbox 445 1194 538 1219; x_wconf 76' lang='lat' dir='ltr'>sane</span> <span class='ocrx_word' id='word_1_49' title='bbox 569 1194 615 1219; x_wconf 80' lang='lat' dir='ltr'>ex</span> <span class='ocrx_word' id='word_1_50' title='bbox 641 1181 766 1219; x_wconf 88' lang='lat' dir='ltr'>isdem</span> <span class='ocrx_word' id='word_1_51' title='bbox 798 1180 934 1219; x_wconf 86' lang='lat' dir='ltr'>litteris</span> <span class='ocrx_word' id='word_1_52' title='bbox 961 1181 1071 1231; x_wconf 88' lang='lat' dir='ltr'>potui</span> <span class='ocrx_word' id='word_1_53' title='bbox 1102 1181 1311 1232; x_wconf 65' lang='lat' dir='ltr'>suspiearig</span> <span class='ocrx_word' id='word_1_54' title='bbox 1346 1183 1385 1220; x_wconf 94' lang='lat' dir='ltr'>in</span> <span class='ocrx_word' id='word_1_55' title='bbox 1415 1196 1525 1232; x_wconf 90' lang='lat' dir='ltr'>spem</span> 
     </span>
     <span class='ocr_line' id='line_1_8' title="bbox 198 1245 1526 1296; baseline 0.002 -13"><span class='ocrx_word' id='word_1_56' title='bbox 198 1253 329 1284; x_wconf 82' lang='lat' dir='ltr'>tamen</span> <span class='ocrx_word' id='word_1_57' title='bbox 369 1245 483 1284; x_wconf 83' lang='lat' dir='ltr'>venio</span> <span class='ocrx_word' id='word_1_58' title='bbox 522 1245 837 1295; x_wconf 78' lang='lat' dir='ltr'>appropinquare</span> <span class='ocrx_word' id='word_1_59' title='bbox 879 1254 991 1284; x_wconf 85' lang='lat' dir='ltr'>tuum</span> <span class='ocrx_word' id='word_1_60' title='bbox 1030 1246 1269 1293; x_wconf 80' lang='lat' dir='ltr'>adventum;</span> <span class='ocrx_word' id='word_1_61' title='bbox 1317 1247 1384 1296; x_wconf 86' lang='lat' dir='ltr'>qui</span> <span class='ocrx_word' id='word_1_62' title='bbox 1429 1247 1526 1285; x_wconf 87' lang='lat' dir='ltr'>mihi</span> 
     </span>
     <span class='ocr_line' id='line_1_9' title="bbox 197 1311 1525 1362; baseline 0.002 -14"><span class='ocrx_word' id='word_1_63' title='bbox 197 1311 346 1348; x_wconf 82' lang='lat' dir='ltr'>utinam</span> <span class='ocrx_word' id='word_1_64' title='bbox 381 1311 527 1349; x_wconf 78' lang='lat' dir='ltr'>solacio</span> <span class='ocrx_word' id='word_1_65' title='bbox 562 1311 632 1349; x_wconf 86' lang='lat' dir='ltr'>sit!</span> <span class='ocrx_word' id='word_1_66' title='bbox 675 1311 746 1349; x_wconf 86' lang='lat' dir='ltr'>etsi</span> <span class='ocrx_word' id='word_1_67' title='bbox 780 1318 838 1349; x_wconf 88' lang='lat' dir='ltr'>tot</span> <span class='ocrx_word' id='word_1_68' title='bbox 876 1311 1074 1360; x_wconf 83' lang='lat' dir='ltr'>tantisque</span> <span class='ocrx_word' id='word_1_69' title='bbox 1105 1312 1220 1349; x_wconf 83' lang='lat' dir='ltr'>rebus</span> <span class='ocrx_word' id='word_1_70' title='bbox 1254 1326 1446 1362; x_wconf 83' lang='lat' dir='ltr'>urgemur,</span> <span class='ocrx_word' id='word_1_71' title='bbox 1483 1321 1525 1351; x_wconf 87' lang='lat' dir='ltr'>ut</span> 
     </span>
     <span class='ocr_line' id='line_1_10' title="bbox 196 1375 1525 1427; baseline 0.002 -14"><span class='ocrx_word' id='word_1_72' title='bbox 196 1377 342 1413; x_wconf 82' lang='lat' dir='ltr'>nullam</span> <span class='ocrx_word' id='word_1_73' title='bbox 381 1375 668 1414; x_wconf 76' lang='lat' dir='ltr'>adlevationem</span> <span class='ocrx_word' id='word_1_74' title='bbox 717 1375 924 1426; x_wconf 82' lang='lat' dir='ltr'>quisquam</span> <span class='ocrx_word' id='word_1_75' title='bbox 964 1390 1044 1414; x_wconf 94' lang='lat' dir='ltr'>non</span> <span class='ocrx_word' id='word_1_76' title='bbox 1084 1376 1333 1415; x_wconf 83' lang='lat' dir='ltr'>stultissimus</span> <span class='ocrx_word' id='word_1_77' title='bbox 1372 1389 1525 1427; x_wconf 79' lang='lat' dir='ltr'>sperare</span> 
     </span>
     <span class='ocr_line' id='line_1_11' title="bbox 196 1441 1522 1491; baseline 0.002 -13"><span class='ocrx_word' id='word_1_78' title='bbox 196 1441 361 1487; x_wconf 77' lang='lat' dir='ltr'>debeat3</span> <span class='ocrx_word' id='word_1_79' title='bbox 401 1441 471 1478; x_wconf 82' lang='lat' dir='ltr'>sed</span> <span class='ocrx_word' id='word_1_80' title='bbox 505 1449 636 1479; x_wconf 79' lang='lat' dir='ltr'>tamen</span> <span class='ocrx_word' id='word_1_81' title='bbox 668 1448 734 1478; x_wconf 85' lang='lat' dir='ltr'>aut</span> <span class='ocrx_word' id='word_1_82' title='bbox 765 1448 807 1479; x_wconf 87' lang='lat' dir='ltr'>tu</span> <span class='ocrx_word' id='word_1_83' title='bbox 841 1449 953 1491; x_wconf 86' lang='lat' dir='ltr'>potes</span> <span class='ocrx_word' id='word_1_84' title='bbox 985 1455 1049 1479; x_wconf 90' lang='lat' dir='ltr'>me</span> <span class='ocrx_word' id='word_1_85' title='bbox 1082 1449 1149 1479; x_wconf 82' lang='lat' dir='ltr'>aut</span> <span class='ocrx_word' id='word_1_86' title='bbox 1182 1455 1254 1491; x_wconf 82' lang='lat' dir='ltr'>ego</span> <span class='ocrx_word' id='word_1_87' title='bbox 1289 1450 1326 1480; x_wconf 84' lang='lat' dir='ltr'>te</span> <span class='ocrx_word' id='word_1_88' title='bbox 1360 1443 1522 1481; x_wconf 81' lang='lat' dir='ltr'>fortasse</span> 
     </span>
    </p>

    <p class='ocr_par' dir='ltr' id='par_1_6' title="bbox 136 1504 1562 2211">
     <span class='ocr_line' id='line_1_12' title="bbox 138 1504 1562 1556; baseline -0.001 -10"><span class='ocrx_word' id='word_1_89' title='bbox 138 1523 178 1546; x_wconf 90' lang='lat'>10</span> <span class='ocrx_word' id='word_1_90' title='bbox 195 1504 325 1555; x_wconf 83' lang='lat' dir='ltr'>aliqua</span> <span class='ocrx_word' id='word_1_91' title='bbox 357 1519 396 1543; x_wconf 89' lang='lat' dir='ltr'>re</span> <span class='ocrx_word' id='word_1_92' title='bbox 428 1505 567 1544; x_wconf 80' lang='lat' dir='ltr'>iuvare.</span> <span class='ocrx_word' id='word_1_93' title='bbox 628 1505 734 1544; x_wconf 86' lang='lat' dir='ltr'>Scito</span> <span class='ocrx_word' id='word_1_94' title='bbox 761 1506 866 1544; x_wconf 88' lang='lat' dir='ltr'>enim</span> <span class='ocrx_word' id='word_1_95' title='bbox 899 1519 973 1553; x_wconf 87' lang='lat' dir='ltr'>me,</span> <span class='ocrx_word' id='word_1_96' title='bbox 1002 1514 1139 1556; x_wconf 81' lang='lat' dir='ltr'>postea</span> <span class='ocrx_word' id='word_1_97' title='bbox 1167 1520 1284 1556; x_wconf 80' lang='lat' dir='ltr'>quam</span> <span class='ocrx_word' id='word_1_98' title='bbox 1313 1506 1353 1544; x_wconf 89' lang='lat' dir='ltr'>in</span> <span class='ocrx_word' id='word_1_99' title='bbox 1380 1506 1518 1545; x_wconf 89' lang='lat' dir='ltr'>urbem</span> <span class='ocrx_word' id='word_1_100' title='bbox 1538 1525 1562 1553; x_wconf 87' lang='lat'>2</span> 
     </span>
     <span class='ocr_line' id='line_1_13' title="bbox 195 1571 1521 1618; baseline 0.002 -10"><span class='ocrx_word' id='word_1_101' title='bbox 195 1571 377 1618; x_wconf 77' lang='lat' dir='ltr'>venerim,</span> <span class='ocrx_word' id='word_1_102' title='bbox 414 1571 559 1609; x_wconf 76' lang='lat' dir='ltr'>redisse</span> <span class='ocrx_word' id='word_1_103' title='bbox 591 1584 680 1609; x_wconf 86' lang='lat' dir='ltr'>cum</span> <span class='ocrx_word' id='word_1_104' title='bbox 715 1571 910 1610; x_wconf 78' lang='lat' dir='ltr'>veteribus</span> <span class='ocrx_word' id='word_1_105' title='bbox 941 1571 1086 1618; x_wconf 82' lang='lat' dir='ltr'>amicis,</span> <span class='ocrx_word' id='word_1_106' title='bbox 1125 1572 1164 1610; x_wconf 89' lang='lat' dir='ltr'>id</span> <span class='ocrx_word' id='word_1_107' title='bbox 1199 1579 1256 1610; x_wconf 83' lang='lat' dir='ltr'>est</span> <span class='ocrx_word' id='word_1_108' title='bbox 1290 1585 1379 1610; x_wconf 81' lang='lat' dir='ltr'>cum</span> <span class='ocrx_word' id='word_1_109' title='bbox 1414 1572 1521 1611; x_wconf 85' lang='lat' dir='ltr'>libris</span> 
     </span>
     <span class='ocr_line' id='line_1_14' title="bbox 195 1636 1526 1687; baseline 0.002 -13"><span class='ocrx_word' id='word_1_110' title='bbox 195 1636 346 1683; x_wconf 80' lang='lat' dir='ltr'>nostris,</span> <span class='ocrx_word' id='word_1_111' title='bbox 381 1637 420 1674; x_wconf 89' lang='lat' dir='ltr'>in</span> <span class='ocrx_word' id='word_1_112' title='bbox 458 1637 644 1687; x_wconf 76' lang='lat' dir='ltr'>gratiam3</span> <span class='ocrx_word' id='word_1_113' title='bbox 688 1637 760 1675; x_wconf 89' lang='lat' dir='ltr'>etsi</span> <span class='ocrx_word' id='word_1_114' title='bbox 794 1650 873 1675; x_wconf 94' lang='lat' dir='ltr'>non</span> <span class='ocrx_word' id='word_1_115' title='bbox 910 1637 1056 1675; x_wconf 83' lang='lat' dir='ltr'>idcirco</span> <span class='ocrx_word' id='word_1_116' title='bbox 1091 1650 1225 1676; x_wconf 87' lang='lat' dir='ltr'>eorum</span> <span class='ocrx_word' id='word_1_117' title='bbox 1258 1650 1373 1675; x_wconf 90' lang='lat' dir='ltr'>usum</span> <span class='ocrx_word' id='word_1_118' title='bbox 1413 1637 1526 1676; x_wconf 90' lang='lat' dir='ltr'>dimi-</span> 
     </span>
     <span class='ocr_line' id='line_1_15' title="bbox 195 1702 1526 1752; baseline 0.001 -13"><span class='ocrx_word' id='word_1_119' title='bbox 195 1715 329 1749; x_wconf 82' lang='lat' dir='ltr'>seram,</span> <span class='ocrx_word' id='word_1_120' title='bbox 365 1703 473 1752; x_wconf 86' lang='lat' dir='ltr'>quod</span> <span class='ocrx_word' id='word_1_121' title='bbox 503 1702 548 1739; x_wconf 81' lang='lat' dir='ltr'>iis</span> <span class='ocrx_word' id='word_1_122' title='bbox 578 1715 858 1748; x_wconf 82' lang='lat' dir='ltr'>suscenserem‚</span> <span class='ocrx_word' id='word_1_123' title='bbox 889 1704 958 1740; x_wconf 87' lang='lat' dir='ltr'>sed</span> <span class='ocrx_word' id='word_1_124' title='bbox 991 1703 1098 1752; x_wconf 83' lang='lat' dir='ltr'>quod</span> <span class='ocrx_word' id='word_1_125' title='bbox 1131 1714 1267 1740; x_wconf 85' lang='lat' dir='ltr'>eorum</span> <span class='ocrx_word' id='word_1_126' title='bbox 1294 1715 1358 1741; x_wconf 87' lang='lat' dir='ltr'>me</span> <span class='ocrx_word' id='word_1_127' title='bbox 1383 1702 1526 1752; x_wconf 85' lang='lat' dir='ltr'>subpu-</span> 
     </span>
     <span class='ocr_line' id='line_1_16' title="bbox 194 1767 1526 1815; baseline 0.001 -10"><span class='ocrx_word' id='word_1_128' title='bbox 194 1768 337 1815; x_wconf 78' lang='lat' dir='ltr'>debat3</span> <span class='ocrx_word' id='word_1_129' title='bbox 366 1767 529 1806; x_wconf 82' lang='lat' dir='ltr'>videbar</span> <span class='ocrx_word' id='word_1_130' title='bbox 549 1767 653 1805; x_wconf 89' lang='lat' dir='ltr'>enirn</span> <span class='ocrx_word' id='word_1_131' title='bbox 681 1767 790 1814; x_wconf 75' lang='lat' dir='ltr'>mihi,</span> <span class='ocrx_word' id='word_1_132' title='bbox 812 1781 901 1805; x_wconf 87' lang='lat' dir='ltr'>cum</span> <span class='ocrx_word' id='word_1_133' title='bbox 931 1781 993 1805; x_wconf 81' lang='lat' dir='ltr'>nie</span> <span class='ocrx_word' id='word_1_134' title='bbox 1019 1767 1057 1804; x_wconf 90' lang='lat' dir='ltr'>in</span> <span class='ocrx_word' id='word_1_135' title='bbox 1084 1780 1142 1805; x_wconf 86' lang='lat' dir='ltr'>res</span> <span class='ocrx_word' id='word_1_136' title='bbox 1172 1767 1526 1806; x_wconf 80' lang='lat' dir='ltr'>turbulentissimas</span> 
     </span>
     <span class='ocr_line' id='line_1_17' title="bbox 139 1827 1526 1883; baseline 0.001 -12"><span class='ocrx_word' id='word_1_137' title='bbox 139 1848 173 1879; x_wconf 84' lang='lat'>15</span> <span class='ocrx_word' id='word_1_138' title='bbox 194 1827 474 1872; x_wconf 73' lang='lat' dir='ltr'>infidelissimis</span> <span class='ocrx_word' id='word_1_139' title='bbox 518 1833 633 1871; x_wconf 78' lang='lat' dir='ltr'>sociis</span> <span class='ocrx_word' id='word_1_140' title='bbox 679 1833 935 1879; x_wconf 78' lang='lat' dir='ltr'>demisissem‚</span> <span class='ocrx_word' id='word_1_141' title='bbox 977 1833 1194 1883; x_wconf 77' lang='lat' dir='ltr'>praeceptis</span> <span class='ocrx_word' id='word_1_142' title='bbox 1242 1833 1397 1871; x_wconf 88' lang='lat' dir='ltr'>illorum</span> <span class='ocrx_word' id='word_1_143' title='bbox 1444 1847 1526 1872; x_wconf 91' lang='lat' dir='ltr'>non</span> 
     </span>
     <span class='ocr_line' id='line_1_18' title="bbox 194 1898 1524 1948; baseline 0.001 -12"><span class='ocrx_word' id='word_1_144' title='bbox 194 1899 285 1936; x_wconf 81' lang='lat' dir='ltr'>satis</span> <span class='ocrx_word' id='word_1_145' title='bbox 314 1898 497 1948; x_wconf 78' lang='lat' dir='ltr'>paruisse.</span> <span class='ocrx_word' id='word_1_146' title='bbox 561 1901 777 1948; x_wconf 73' lang='lat' dir='ltr'>Ignoscunt</span> <span class='ocrx_word' id='word_1_147' title='bbox 798 1899 904 1941; x_wconf 74' lang='lat' dir='ltr'>mibi,</span> <span class='ocrx_word' id='word_1_148' title='bbox 930 1907 1113 1937; x_wconf 79' lang='lat' dir='ltr'>revocant</span> <span class='ocrx_word' id='word_1_149' title='bbox 1135 1898 1173 1936; x_wconf 91' lang='lat' dir='ltr'>in</span> <span class='ocrx_word' id='word_1_150' title='bbox 1196 1898 1524 1938; x_wconf 81' lang='lat' dir='ltr'>consuetudinem</span> 
     </span>
     <span class='ocr_line' id='line_1_19' title="bbox 194 1963 1524 2015; baseline 0.002 -15"><span class='ocrx_word' id='word_1_151' title='bbox 194 1963 394 2013; x_wconf 78' lang='lat' dir='ltr'>pristinam</span> <span class='ocrx_word' id='word_1_152' title='bbox 416 1972 544 2013; x_wconf 84' lang='lat' dir='ltr'>teque,</span> <span class='ocrx_word' id='word_1_153' title='bbox 564 1965 670 2014; x_wconf 81' lang='lat' dir='ltr'>quod</span> <span class='ocrx_word' id='word_1_154' title='bbox 693 1964 732 2001; x_wconf 92' lang='lat' dir='ltr'>in</span> <span class='ocrx_word' id='word_1_155' title='bbox 754 1978 801 2003; x_wconf 87' lang='lat' dir='ltr'>eo</span> <span class='ocrx_word' id='word_1_156' title='bbox 822 1963 1090 2014; x_wconf 79' lang='lat' dir='ltr'>permanseris,</span> <span class='ocrx_word' id='word_1_157' title='bbox 1108 1963 1384 2014; x_wconf 83' lang='lat' dir='ltr'>sapientiorem</span> <span class='ocrx_word' id='word_1_158' title='bbox 1406 1977 1524 2015; x_wconf 78' lang='lat' dir='ltr'>quam</span> 
     </span>
     <span class='ocr_line' id='line_1_20' title="bbox 194 2029 1520 2080; baseline 0.001 -13"><span class='ocrx_word' id='word_1_159' title='bbox 194 2043 256 2067; x_wconf 83' lang='lat' dir='ltr'>me</span> <span class='ocrx_word' id='word_1_160' title='bbox 277 2029 413 2068; x_wconf 87' lang='lat' dir='ltr'>dicunt</span> <span class='ocrx_word' id='word_1_161' title='bbox 435 2030 561 2068; x_wconf 84' lang='lat' dir='ltr'>fuisse.</span> <span class='ocrx_word' id='word_1_162' title='bbox 623 2031 753 2079; x_wconf 81' lang='lat' dir='ltr'>Quam</span> <span class='ocrx_word' id='word_1_163' title='bbox 775 2031 827 2068; x_wconf 91' lang='lat' dir='ltr'>ob</span> <span class='ocrx_word' id='word_1_164' title='bbox 848 2044 941 2077; x_wconf 87' lang='lat' dir='ltr'>rem,</span> <span class='ocrx_word' id='word_1_165' title='bbox 966 2030 1154 2080; x_wconf 84' lang='lat' dir='ltr'>quoniam</span> <span class='ocrx_word' id='word_1_166' title='bbox 1175 2030 1338 2080; x_wconf 80' lang='lat' dir='ltr'>placatis</span> <span class='ocrx_word' id='word_1_167' title='bbox 1359 2030 1403 2068; x_wconf 86' lang='lat' dir='ltr'>iis</span> <span class='ocrx_word' id='word_1_168' title='bbox 1424 2038 1520 2077; x_wconf 80' lang='lat' dir='ltr'>utor,</span> 
     </span>
     <span class='ocr_line' id='line_1_21' title="bbox 193 2095 1521 2146; baseline 0.002 -14"><span class='ocrx_word' id='word_1_169' title='bbox 193 2095 328 2133; x_wconf 84' lang='lat' dir='ltr'>videor</span> <span class='ocrx_word' id='word_1_170' title='bbox 341 2108 494 2145; x_wconf 83' lang='lat' dir='ltr'>sperare</span> <span class='ocrx_word' id='word_1_171' title='bbox 507 2096 661 2142; x_wconf 87' lang='lat' dir='ltr'>debere,</span> <span class='ocrx_word' id='word_1_172' title='bbox 679 2096 709 2134; x_wconf 87' lang='lat' dir='ltr'>si</span> <span class='ocrx_word' id='word_1_173' title='bbox 726 2105 763 2135; x_wconf 88' lang='lat' dir='ltr'>te</span> <span class='ocrx_word' id='word_1_174' title='bbox 776 2096 950 2142; x_wconf 84' lang='lat' dir='ltr'>viderim,</span> <span class='ocrx_word' id='word_1_175' title='bbox 970 2106 1007 2135; x_wconf 85' lang='lat' dir='ltr'>et</span> <span class='ocrx_word' id='word_1_176' title='bbox 1021 2109 1076 2142; x_wconf 81' lang='lat' dir='ltr'>ea,</span> <span class='ocrx_word' id='word_1_177' title='bbox 1093 2108 1194 2146; x_wconf 84' lang='lat' dir='ltr'>quae</span> <span class='ocrx_word' id='word_1_178' title='bbox 1208 2102 1397 2146; x_wconf 86' lang='lat' dir='ltr'>premant,</span> <span class='ocrx_word' id='word_1_179' title='bbox 1414 2103 1452 2134; x_wconf 90' lang='lat' dir='ltr'>et</span> <span class='ocrx_word' id='word_1_180' title='bbox 1465 2109 1521 2143; x_wconf 85' lang='lat' dir='ltr'>ea,</span> 
     </span>
     <span class='ocr_line' id='line_1_22' title="bbox 136 2160 1521 2211; baseline 0.002 -15"><span class='ocrx_word' id='word_1_181' title='bbox 136 2174 175 2195; x_wconf 88' lang='lat'>20</span> <span class='ocrx_word' id='word_1_182' title='bbox 194 2172 295 2210; x_wconf 79' lang='lat' dir='ltr'>quae</span> <span class='ocrx_word' id='word_1_183' title='bbox 316 2160 580 2211; x_wconf 83' lang='lat' dir='ltr'>impendeant,</span> <span class='ocrx_word' id='word_1_184' title='bbox 604 2175 667 2200; x_wconf 86' lang='lat' dir='ltr'>me</span> <span class='ocrx_word' id='word_1_185' title='bbox 695 2161 806 2200; x_wconf 81' lang='lat' dir='ltr'>facile</span> <span class='ocrx_word' id='word_1_186' title='bbox 826 2163 1004 2200; x_wconf 82' lang='lat' dir='ltr'>laturum.</span> <span class='ocrx_word' id='word_1_187' title='bbox 1052 2162 1183 2211; x_wconf 83' lang='lat' dir='ltr'>Quam</span> <span class='ocrx_word' id='word_1_188' title='bbox 1204 2161 1256 2199; x_wconf 90' lang='lat' dir='ltr'>ob</span> <span class='ocrx_word' id='word_1_189' title='bbox 1278 2173 1360 2200; x_wconf 86' lang='lat' dir='ltr'>rem</span> <span class='ocrx_word' id='word_1_190' title='bbox 1381 2161 1461 2200; x_wconf 76' lang='lat' dir='ltr'>sive</span> <span class='ocrx_word' id='word_1_191' title='bbox 1482 2161 1521 2199; x_wconf 91' lang='lat' dir='ltr'>in</span> 
     </span>
    </p>
   </div>
   <div class='ocr_carea' id='block_1_6' title="bbox 192 2265 1526 2392">
    <p class='ocr_par' dir='ltr' id='par_1_7' title="bbox 192 2265 1526 2392">
     <span class='ocr_line' id='line_1_23' title="bbox 239 2265 1517 2305; baseline -0.001 -9"><span class='ocrx_word' id='word_1_192' title='bbox 239 2277 254 2305; x_wconf 90' lang='lat'><strong>7</strong></span> <span class='ocrx_word' id='word_1_193' title='bbox 280 2272 315 2297; x_wconf 87' lang='lat' dir='ltr'>nt</span> <span class='ocrx_word' id='word_1_194' title='bbox 332 2277 395 2297; x_wconf 83' lang='lat' dir='ltr'>om.</span> <span class='ocrx_word' id='word_1_195' title='bbox 417 2266 458 2296; x_wconf 80' lang='lat' dir='ltr'><em>M</em></span> <span class='ocrx_word' id='word_1_196' title='bbox 634 2277 671 2304; x_wconf 88' lang='lat'>14</span> <span class='ocrx_word' id='word_1_197' title='bbox 697 2266 836 2297; x_wconf 83' lang='lat' dir='ltr'>videbar</span> <span class='ocrx_word' id='word_1_198' title='bbox 851 2269 919 2297; x_wconf 72' lang='lat' dir='ltr'><em>velt.</em></span> <span class='ocrx_word' id='word_1_199' title='bbox 938 2277 944 2298; x_wconf 89' lang='lat'>:</span> <span class='ocrx_word' id='word_1_200' title='bbox 970 2266 1058 2297; x_wconf 87' lang='lat' dir='ltr'>-bam</span> <span class='ocrx_word' id='word_1_201' title='bbox 1081 2265 1167 2297; x_wconf 83' lang='lat' dir='ltr'>codd.</span> <span class='ocrx_word' id='word_1_202' title='bbox 1315 2266 1403 2296; x_wconf 87' lang='lat' dir='ltr'>enim</span> <span class='ocrx_word' id='word_1_203' title='bbox 1427 2265 1517 2304; x_wconf 82' lang='lat' dir='ltr'>mihi,</span> 
     </span>
     <span class='ocr_line' id='line_1_24' title="bbox 192 2307 1526 2341; baseline -0.001 -2"><span class='ocrx_word' id='word_1_204' title='bbox 192 2320 266 2340; x_wconf 87' lang='lat' dir='ltr'>cum</span> <span class='ocrx_word' id='word_1_205' title='bbox 297 2309 393 2340; x_wconf 88' lang='lat' dir='ltr'>MD:</span> <span class='ocrx_word' id='word_1_206' title='bbox 427 2311 515 2340; x_wconf 85' lang='lat' dir='ltr'>enim</span> <span class='ocrx_word' id='word_1_207' title='bbox 535 2309 588 2341; x_wconf 88' lang='lat' dir='ltr'>H:</span> <span class='ocrx_word' id='word_1_208' title='bbox 629 2311 786 2341; x_wconf 86' lang='lat' dir='ltr'>nimirum</span> <span class='ocrx_word' id='word_1_209' title='bbox 821 2310 1068 2341; x_wconf 75' lang='lat' dir='ltr'>Mendelssolm:</span> <span class='ocrx_word' id='word_1_210' title='bbox 1103 2311 1193 2341; x_wconf 86' lang='lat' dir='ltr'>enim</span> <span class='ocrx_word' id='word_1_211' title='bbox 1228 2310 1367 2341; x_wconf 85' lang='lat' dir='ltr'>invitum</span> <span class='ocrx_word' id='word_1_212' title='bbox 1403 2307 1526 2339; x_wconf 82' lang='lat' dir='ltr'>Usener</span> 
     </span>
     <span class='ocr_line' id='line_1_25' title="bbox 196 2352 1522 2392; baseline 0 -10"><span class='ocrx_word' id='word_1_213' title='bbox 196 2363 233 2392; x_wconf 81' lang='lat'>15</span> <span class='ocrx_word' id='word_1_214' title='bbox 257 2353 466 2384; x_wconf 84' lang='lat' dir='ltr'>demisissem</span> <span class='ocrx_word' id='word_1_215' title='bbox 486 2357 578 2385; x_wconf 55' lang='lat' dir='ltr'>vein:</span> <span class='ocrx_word' id='word_1_216' title='bbox 605 2354 787 2385; x_wconf 86' lang='lat' dir='ltr'>demissum</span> <span class='ocrx_word' id='word_1_217' title='bbox 805 2353 889 2385; x_wconf 82' lang='lat' dir='ltr'>codd.</span> <span class='ocrx_word' id='word_1_218' title='bbox 916 2353 1037 2384; x_wconf 74' lang='lat' dir='ltr'>Uscner</span> <span class='ocrx_word' id='word_1_219' title='bbox 1135 2363 1171 2392; x_wconf 86' lang='lat'>17</span> <span class='ocrx_word' id='word_1_220' title='bbox 1197 2363 1236 2383; x_wconf 88' lang='lat' dir='ltr'>ea</span> <span class='ocrx_word' id='word_1_221' title='bbox 1261 2352 1378 2383; x_wconf 82' lang='lat' dir='ltr'><em>Lamb.</em></span> <span class='ocrx_word' id='word_1_222' title='bbox 1479 2362 1522 2382; x_wconf 87' lang='lat'>20</span> 
     </span>
    </p>
   </div>
   <div class='ocr_carea' id='block_1_7' title="bbox 193 2402 1327 2470">
    <p class='ocr_par' dir='ltr' id='par_1_8' title="bbox 193 2402 1327 2470">
     <span class='ocr_line' id='line_1_26' title="bbox 466 2402 551 2422; baseline 0 0"><span class='ocrx_word' id='word_1_223' title='bbox 466 2402 551 2422; x_wconf 73' lang='lat' dir='ltr'>transl</span> 
     </span>
     <span class='ocr_line' id='line_1_27' title="bbox 193 2428 1327 2470; baseline 0 -11"><span class='ocrx_word' id='word_1_224' title='bbox 193 2429 337 2460; x_wconf 86' lang='lat' dir='ltr'>laturum</span> <span class='ocrx_word' id='word_1_225' title='bbox 362 2430 417 2461; x_wconf 85' lang='lat' dir='ltr'>D:</span> <span class='ocrx_word' id='word_1_226' title='bbox 450 2436 560 2461; x_wconf 83' lang='lat' dir='ltr'>turum</span> <span class='ocrx_word' id='word_1_227' title='bbox 580 2429 620 2460; x_wconf 89' lang='lat' dir='ltr'><em>M</em></span> <span class='ocrx_word' id='word_1_228' title='bbox 643 2430 715 2470; x_wconf 64' lang='lat' dir='ltr'>(sed</span> <span class='ocrx_word' id='word_1_229' title='bbox 735 2432 840 2461; x_wconf 83' lang='lat' dir='ltr'>transi</span> <span class='ocrx_word' id='word_1_230' title='bbox 867 2441 956 2461; x_wconf 81' lang='lat' dir='ltr'>man.</span> <span class='ocrx_word' id='word_1_231' title='bbox 983 2431 1056 2470; x_wconf 69' lang='lat' dir='ltr'><em>alf.)</em></span> <span class='ocrx_word' id='word_1_232' title='bbox 1079 2443 1084 2461; x_wconf 89' lang='lat'>:</span> <span class='ocrx_word' id='word_1_233' title='bbox 1109 2431 1269 2461; x_wconf 76' lang='lat' dir='ltr'>sciturum</span> <span class='ocrx_word' id='word_1_234' title='bbox 1288 2428 1327 2459; x_wconf 84' lang='lat' dir='ltr'><em>H</em></span> 
     </span>
    </p>
   </div>
   <div class='ocr_carea' id='block_1_8' title="bbox 236 2485 1435 2516">
    <p class='ocr_par' dir='ltr' id='par_1_9' title="bbox 236 2485 1435 2516">
     <span class='ocr_line' id='line_1_28' title="bbox 236 2485 1435 2516; baseline -0.001 -2"><span class='ocrx_word' id='word_1_235' title='bbox 236 2494 298 2514; x_wconf 71' lang='grc' dir='ltr'>εις.</span> <span class='ocrx_word' id='word_1_236' title='bbox 316 2495 363 2514; x_wconf 74' lang='lat' dir='ltr'>AD</span> <span class='ocrx_word' id='word_1_237' title='bbox 381 2494 460 2516; x_wconf 74' lang='lat' dir='ltr'><strong>FAM.</strong></span> <span class='ocrx_word' id='word_1_238' title='bbox 1396 2485 1435 2514; x_wconf 83' lang='lat'>16</span> 
     </span>
    </p>
   </div>
  </div>
 </body>
</html>
