1791 2796
526 131 636 167 EPP.
671 131 747 166 Al)
781 131 1126 168 FAMILIARES
1445 132 1576 168 Uxii

162 243 249 289 Sed,
278 249 318 279 ut
348 255 471 291 spero,
499 240 729 291 propediem
759 248 796 278 te
827 240 969 279 videbo
985 256 993 288 3
1024 249 1065 279 tu
1088 241 1182 279 mihi
1203 241 1360 280 obviam
1382 241 1493 281 mitte

161 307 345 357 epistulas
377 316 413 344 te
444 306 590 356 dignas.

204 458 321 494 XIII
472 460 541 492 Ser.
564 460 743 492 Laudiceae
757 461 838 492 inter
853 461 896 492 K.
917 465 946 492 c!
960 460 1046 494 Non.
1067 461 1179 494 Maias

717 528 746 548 α.
769 527 828 557 7⁰4
850 532 851 539 1
862 527 929 557 50¹.

122 610 139 641 5
247 595 295 626 M.
321 593 496 625 CICERO
523 593 614 626 IMP.
641 594 675 626 S.
703 594 742 625 D.
770 594 813 624 M.
837 593 1010 625 CAELIO
1033 594 1195 626 AEDILI
1221 595 1402 629 CVRVLI.

216 674 339 710 Raras
370 680 455 710 tuas
485 671 647 722 quidem
667 670 848 722 (fortasse
877 671 982 709 enim
1013 685 1093 710 non
1123 674 1395 724 perferuntur),
1420 675 1489 713 sed
1509 684 1526 711 1

160 737 288 775 suavis
318 736 470 787 accipio
497 736 642 775 litteras
657 751 666 784 3
695 738 756 775 vel
781 749 877 786 quas
904 736 1080 786 proxime
1106 751 1346 788 acceperam,
1371 753 1489 789 quam

161 802 374 852 prudentis,
398 815 516 851 quam
538 801 650 839 multi
676 809 713 839 et
741 801 844 839 offici
871 809 909 839 et
936 801 1098 840 consili!
1158 803 1242 842 Etsi
1272 804 1405 843 onmia
1435 804 1490 843 sic

159 867 438 905 constitueram
473 866 567 904 mihi
599 867 761 916 agenda,
799 874 840 904 ut
872 874 913 904 tu
944 868 1200 915 admonebas
1234 876 1365 908 tamen
1400 883 1491 908 con-

102 950 140 972 10
160 933 362 970 firmantur
386 939 518 970 nostra
542 931 714 978 consilia,
739 945 829 970 curn
859 931 1050 971 sentimus
1080 934 1340 982 prudentibus
1370 936 1491 974 fideli-

159 1006 295 1048 terque
326 996 582 1035 suadentibus
614 996 719 1035 idem
751 996 883 1036 videri.
945 999 1030 1047 Ego
1065 998 1251 1049 Appium,
1293 1008 1334 1038 ut
1373 1014 1489 1051 saepe
1508 1011 1531 1038 2

158 1072 289 1102 tecum
311 1065 465 1101 locutus
486 1076 583 1109 sum,
606 1063 720 1100 valde
747 1062 867 1112 diligo
897 1076 1040 1113 meque
1069 1064 1118 1101 ab
1149 1078 1196 1102 eo
1226 1064 1334 1115 diligi
1359 1066 1488 1104 statim

158 1137 343 1179 coeptum
378 1142 472 1175 esse,
510 1136 551 1166 ut
586 1127 824 1166 simultatem
857 1128 1125 1178 deposuimus,
1163 1130 1290 1178 sensi3
1330 1145 1420 1169 nam
1451 1140 1488 1170 et

158 1194 398 1232 honorificus
429 1194 467 1231 in
500 1207 563 1231 me
597 1206 673 1231 cos.
710 1193 779 1231 suit
815 1202 852 1231 et
885 1194 1012 1232 suavis
1042 1195 1191 1233 amicus
1222 1204 1259 1234 et
1289 1197 1488 1235 studiosus

103 1273 137 1303 15
159 1259 377 1298 studiorum
399 1259 515 1297 etiam
538 1271 741 1305 meorum3
771 1272 857 1297 mea
877 1273 969 1297 vero
997 1260 1123 1298 officia
1150 1261 1184 1299 ei
1212 1274 1292 1299 non
1317 1262 1488 1300 defuisse

159 1334 199 1363 tu
214 1339 254 1363 es
268 1324 387 1371 testis,
403 1324 495 1374 quoi
511 1324 585 1361 iam
602 1326 757 1374 κωμικὸς
771 1327 919 1374 μάρτυς,
938 1333 978 1362 ut
993 1325 1143 1375 opinor,
1157 1326 1310 1365 accedit
1325 1328 1485 1373 Phania,

158 1400 195 1429 ct
223 1407 287 1431 me
314 1395 471 1433 hercule
498 1394 615 1434 etiam
642 1395 762 1445 pluris
790 1409 880 1433 eum
906 1393 990 1439 feci,
1014 1394 1122 1443 quod
1147 1400 1185 1431 te
1211 1393 1332 1431 amari
1359 1395 1410 1433 ab
1438 1408 1486 1432 eo

158 1457 271 1495 sensi.
341 1458 426 1495 Iam
462 1469 524 1494 me
559 1456 723 1506 Pompei
759 1465 884 1494 totum
920 1471 1005 1495 esse
1037 1457 1135 1501 scis;
1178 1460 1341 1496 Brutum
1371 1473 1394 1497 a
1424 1473 1487 1497 me

157 1521 277 1561 amari
307 1521 508 1572 intellegis.
571 1521 679 1570 Quid
710 1530 767 1560 est
798 1536 939 1561 causae
967 1536 1034 1561 cur
1059 1522 1153 1560 mihi
1181 1536 1261 1561 non
1284 1523 1322 1561 in
1343 1525 1486 1574 optatis

101 1605 139 1626 20
158 1588 205 1626 sit
226 1586 436 1637 complecti
456 1586 659 1625 hominem
689 1588 894 1626 florentem
918 1596 1056 1635 aetate,
1080 1588 1233 1638 opibus,
1257 1590 1483 1637 honoribus,

158 1654 326 1703 ingenio,
367 1653 508 1700 liberis,
549 1654 789 1704 propinquiS‚
835 1654 1044 1701 adfinibus,
1093 1655 1238 1702 amicis,
1281 1657 1484 1705 conlegam

158 1732 290 1756 meum
329 1717 554 1768 praesertim
601 1726 639 1755 et
682 1717 721 1755 in
766 1718 849 1768 ipsa
892 1718 1031 1767 collegi
1075 1719 1191 1756 laude
1238 1726 1276 1756 et
1323 1717 1485 1756 scientia

157 1784 378 1822 studiosum
401 1783 506 1821 mei?
565 1785 679 1821 Haec
704 1797 751 1821 eo
779 1783 955 1833 pluribus
982 1783 1129 1833 scripsi,
1152 1784 1260 1833 quod
1288 1796 1368 1821 non
1390 1783 1484 1821 nihil

158 1849 430 1899 significabant
450 1859 539 1890 tuae
561 1852 709 1890 litterae
730 1851 1000 1897 subdubitare,
1021 1864 1098 1900 qua
1119 1863 1244 1888 essem
1266 1863 1354 1899 erga
1376 1849 1484 1887 illum

101 1933 137 1962 25
158 1917 368 1953 voluntate.
429 1918 560 1955 Credo
595 1927 632 1955 te
671 1918 827 1956 audisse
866 1916 1025 1966 aliquid.
1087 1917 1243 1953 Falsum
1284 1924 1351 1962 est,
1390 1915 1483 1952 mihi

158 1981 285 2027 crede,
321 1981 351 2018 si
384 1982 479 2031 quid
517 1983 670 2021 audisti.
732 1985 867 2021 Genus
907 1982 1173 2020 institutorum
1212 1989 1250 2019 et
1289 1981 1484 2019 rationum

158 2058 332 2084 mearum
371 2047 729 2087 dissimilitudinem
778 2063 857 2087 non
907 2050 1053 2086 nullam
1096 2047 1215 2085 habet
1254 2060 1343 2085 cum
1383 2046 1484 2084 illius

157 2111 493 2152 administratione
514 2114 736 2164 provinciae
754 2130 761 2157 ;
791 2129 837 2152 ex
858 2129 905 2153 eo
927 2115 1087 2164 quidam
1113 2113 1297 2163 suspicati
1323 2114 1484 2150 sortasse

158 2184 247 2214 sunt
267 2177 487 2216 animorum
509 2179 774 2226 contentione,
798 2194 877 2218 non
900 2179 1133 2229 opinionum
1155 2178 1400 2217 dissensione
1423 2191 1484 2214 me

100 2256 139 2286 30
157 2241 207 2279 ab
239 2255 287 2280 eo
318 2243 563 2294 discreparej
605 2244 700 2282 nihil
734 2253 866 2283 autem
902 2245 975 2283 feci
1007 2257 1196 2294 umquam
1229 2257 1358 2293 neque
1392 2241 1481 2287 dixi,

200 2348 222 2376 6
245 2346 330 2387 non]
353 2358 418 2377 non
442 2348 553 2378 nullae
576 2359 643 2378 non
666 2347 840 2378 Lehmann
991 2350 1029 2378 16
1052 2348 1130 2387 quoi
1151 2348 1214 2378 iarn
1234 2345 1478 2386 ,Μανζγηῐ-Ᾱηὲ.

159 2391 238 2431 (spse
260 2390 389 2430 quidem
414 2392 502 2423 euixz
542 2393 701 2427 Quoniam
725 2392 811 2423 codd.
911 2392 1041 2422 accedit
1064 2391 1181 2422 Lamb.
1202 2403 1208 2421 :
1246 2391 1367 2421 accidit
1392 2389 1478 2421 codd.

158 2443 201 2473 23
224 2444 290 2465 non
309 2434 389 2464 nihil
411 2435 487 2466 Vict.
503 2447 510 2466 :
535 2436 618 2466 nihil
635 2435 721 2466 codd.
738 2448 745 2466 ε
769 2437 849 2466 mihi
866 2446 973 2476 mmg.
993 2435 1030 2465 M
