<?xml version="1.0" encoding="UTF-8"?>
<!DOCTYPE html PUBLIC "-//W3C//DTD XHTML 1.0 Transitional//EN"
    "http://www.w3.org/TR/xhtml1/DTD/xhtml1-transitional.dtd">
<html xmlns="http://www.w3.org/1999/xhtml" xml:lang="en" lang="en">
 <head>
  <title>
</title>
<meta http-equiv="Content-Type" content="text/html;charset=utf-8" />
  <meta name='ocr-system' content='tesseract 3.04.00' />
  <meta name='ocr-capabilities' content='ocr_page ocr_carea ocr_par ocr_line ocrx_word'/>
</head>
<body>
  <div class='ocr_page' id='page_1' title='image "./epistulaerecogno01ciceuoft_0325.png"; bbox 0 0 1791 2796; ppageno 0'>
   <div class='ocr_carea' id='block_1_1' title="bbox 137 618 153 648">
    <p class='ocr_par' dir='ltr' id='par_1_1' title="bbox 137 618 153 648">
     <span class='ocr_line' id='line_1_1' title="bbox 137 618 153 648; baseline 0 0"><span class='ocrx_word' id='word_1_1' title='bbox 137 618 153 648; x_wconf 77' lang='lat'><em>5</em></span> 
     </span>
    </p>
   </div>
   <div class='ocr_carea' id='block_1_2' title="bbox 119 943 157 966">
    <p class='ocr_par' dir='ltr' id='par_1_2' title="bbox 119 943 157 966">
     <span class='ocr_line' id='line_1_2' title="bbox 119 943 157 966; baseline 0.026 -1"><span class='ocrx_word' id='word_1_2' title='bbox 119 943 157 966; x_wconf 89' lang='lat'><strong>10</strong></span> 
     </span>
    </p>
   </div>
   <div class='ocr_carea' id='block_1_3' title="bbox 113 1601 152 1623">
    <p class='ocr_par' dir='ltr' id='par_1_3' title="bbox 113 1601 152 1623">
     <span class='ocr_line' id='line_1_3' title="bbox 113 1601 152 1623; baseline -0.026 0"><span class='ocrx_word' id='word_1_3' title='bbox 113 1601 152 1623; x_wconf 88' lang='grc'><strong>20</strong></span> 
     </span>
    </p>
   </div>
   <div class='ocr_carea' id='block_1_4' title="bbox 543 146 1627 185">
    <p class='ocr_par' dir='ltr' id='par_1_4' title="bbox 543 146 1627 185">
     <span class='ocr_line' id='line_1_4' title="bbox 543 146 1627 185; baseline 0 -1"><span class='ocrx_word' id='word_1_4' title='bbox 543 147 657 184; x_wconf 87' lang='grc' dir='ltr'><strong>ΕΡΡ.</strong></span> <span class='ocrx_word' id='word_1_5' title='bbox 691 146 767 184; x_wconf 93' lang='lat' dir='ltr'><strong>AD</strong></span> <span class='ocrx_word' id='word_1_6' title='bbox 799 146 1147 185; x_wconf 88' lang='lat' dir='ltr'><strong>FAMILIARES</strong></span> <span class='ocrx_word' id='word_1_7' title='bbox 1467 147 1515 184; x_wconf 92' lang='lat' dir='ltr'><strong>X.</strong></span> <span class='ocrx_word' id='word_1_8' title='bbox 1533 157 1627 184; x_wconf 85' lang='lat' dir='ltr'><strong>xxx</strong></span> 
     </span>
    </p>
   </div>
   <div class='ocr_carea' id='block_1_5' title="bbox 220 302 1270 402">
    <p class='ocr_par' dir='ltr' id='par_1_5' title="bbox 220 302 1270 402">
     <span class='ocr_line' id='line_1_5' title="bbox 220 302 1270 339; baseline 0 -1"><span class='ocrx_word' id='word_1_9' title='bbox 220 302 350 339; x_wconf 85' lang='lat' dir='ltr'><strong>XXX</strong></span> <span class='ocrx_word' id='word_1_10' title='bbox 420 305 490 337; x_wconf 83' lang='lat' dir='ltr'><strong>Scr.</strong></span> <span class='ocrx_word' id='word_1_11' title='bbox 510 307 543 336; x_wconf 81' lang='lat' dir='ltr'><strong>t&#39;n</strong></span> <span class='ocrx_word' id='word_1_12' title='bbox 559 306 674 337; x_wconf 72' lang='lat' dir='ltr'><strong>castris</strong></span> <span class='ocrx_word' id='word_1_13' title='bbox 690 305 738 336; x_wconf 85' lang='lat' dir='ltr'><strong>ad</strong></span> <span class='ocrx_word' id='word_1_14' title='bbox 751 305 921 336; x_wconf 60' lang='lat' dir='ltr'><strong>Asult&#39;nam</strong></span> <span class='ocrx_word' id='word_1_15' title='bbox 939 317 968 336; x_wconf 82' lang='lat' dir='ltr'><strong>a.</strong></span> <span class='ocrx_word' id='word_1_16' title='bbox 989 305 1020 337; x_wconf 78' lang='lat' dir='ltr'><strong>d.</strong></span> <span class='ocrx_word' id='word_1_17' title='bbox 1039 306 1110 337; x_wconf 66' lang='lat' dir='ltr'><strong>xvii</strong></span> <span class='ocrx_word' id='word_1_18' title='bbox 1122 306 1165 338; x_wconf 90' lang='lat' dir='ltr'><strong>K.</strong></span> <span class='ocrx_word' id='word_1_19' title='bbox 1184 304 1270 339; x_wconf 73' lang='lat' dir='ltr'><strong>Mai.</strong></span> 
     </span>
     <span class='ocr_line' id='line_1_6' title="bbox 737 362 917 402; baseline 0.01 -12"><span class='ocrx_word' id='word_1_20' title='bbox 737 372 766 392; x_wconf 79' lang='lat' dir='ltr'><strong>a.</strong></span> <span class='ocrx_word' id='word_1_21' title='bbox 790 371 844 400; x_wconf 84' lang='lat'><strong>711</strong></span> <span class='ocrx_word' id='word_1_22' title='bbox 864 362 943 402; x_wconf 69' lang='lat'><strong>(45</strong></span> 
     </span>
    </p>
   </div>
   <div class='ocr_carea' id='block_1_6' title="bbox 607 449 1074 482">
    <p class='ocr_par' dir='ltr' id='par_1_6' title="bbox 607 449 1074 482">
     <span class='ocr_line' id='line_1_7' title="bbox 607 449 1074 482; baseline 0.002 -1"><span class='ocrx_word' id='word_1_23' title='bbox 607 449 762 481; x_wconf 80' lang='lat' dir='ltr'>GALBA</span> <span class='ocrx_word' id='word_1_24' title='bbox 786 450 1012 481; x_wconf 84' lang='lat' dir='ltr'>CICERONI</span> <span class='ocrx_word' id='word_1_25' title='bbox 1039 450 1074 482; x_wconf 89' lang='lat' dir='ltr'><strong>S.</strong></span> 
     </span>
    </p>
   </div>
   <div class='ocr_carea' id='block_1_7' title="bbox 169 538 1548 1842">
    <p class='ocr_par' dir='ltr' id='par_1_7' title="bbox 169 538 1548 1832">
     <span class='ocr_line' id='line_1_8' title="bbox 230 538 1544 590; baseline -0.003 -12"><span class='ocrx_word' id='word_1_26' title='bbox 230 542 275 578; x_wconf 77' lang='lat' dir='ltr'><strong>A.</strong></span> <span class='ocrx_word' id='word_1_27' title='bbox 300 541 336 579; x_wconf 92' lang='lat' dir='ltr'><strong>d.</strong></span> <span class='ocrx_word' id='word_1_28' title='bbox 360 552 464 578; x_wconf 65' lang='lat' dir='ltr'><strong>xvni</strong></span> <span class='ocrx_word' id='word_1_29' title='bbox 489 541 537 578; x_wconf 86' lang='lat' dir='ltr'><strong>K.</strong></span> <span class='ocrx_word' id='word_1_30' title='bbox 565 539 670 585; x_wconf 59' lang='lat' dir='ltr'><strong>Mai„</strong></span> <span class='ocrx_word' id='word_1_31' title='bbox 696 553 775 590; x_wconf 91' lang='lat' dir='ltr'><strong>quo</strong></span> <span class='ocrx_word' id='word_1_32' title='bbox 805 539 869 578; x_wconf 87' lang='lat' dir='ltr'><strong>die</strong></span> <span class='ocrx_word' id='word_1_33' title='bbox 901 542 1027 578; x_wconf 89' lang='lat' dir='ltr'><strong>Pansa</strong></span> <span class='ocrx_word' id='word_1_34' title='bbox 1057 540 1096 578; x_wconf 92' lang='lat' dir='ltr'><strong>in</strong></span> <span class='ocrx_word' id='word_1_35' title='bbox 1127 539 1261 579; x_wconf 84' lang='lat' dir='ltr'><strong>castris</strong></span> <span class='ocrx_word' id='word_1_36' title='bbox 1293 538 1397 577; x_wconf 89' lang='lat' dir='ltr'><strong>Hirti</strong></span> <span class='ocrx_word' id='word_1_37' title='bbox 1428 546 1508 578; x_wconf 88' lang='lat' dir='ltr'><strong>erat</strong></span> <span class='ocrx_word' id='word_1_38' title='bbox 1527 546 1544 573; x_wconf 94' lang='lat'>1</span> 
     </span>
     <span class='ocr_line' id='line_1_9' title="bbox 176 604 1507 655; baseline -0.001 -12"><span class='ocrx_word' id='word_1_39' title='bbox 176 607 336 653; x_wconf 88' lang='lat' dir='ltr'><strong>futurus,</strong></span> <span class='ocrx_word' id='word_1_40' title='bbox 370 619 459 643; x_wconf 89' lang='lat' dir='ltr'><strong>cum</strong></span> <span class='ocrx_word' id='word_1_41' title='bbox 491 619 570 655; x_wconf 93' lang='lat' dir='ltr'><strong>quo</strong></span> <span class='ocrx_word' id='word_1_42' title='bbox 605 619 677 655; x_wconf 88' lang='lat' dir='ltr'><strong>ego</strong></span> <span class='ocrx_word' id='word_1_43' title='bbox 712 619 815 643; x_wconf 82' lang='lat' dir='ltr'><strong>eram</strong></span> <span class='ocrx_word' id='word_1_44' title='bbox 849 605 956 655; x_wconf 87' lang='lat' dir='ltr'><strong>(nam</strong></span> <span class='ocrx_word' id='word_1_45' title='bbox 988 605 1022 643; x_wconf 85' lang='lat' dir='ltr'><strong>ei</strong></span> <span class='ocrx_word' id='word_1_46' title='bbox 1053 604 1211 644; x_wconf 89' lang='lat' dir='ltr'><strong>obviam</strong></span> <span class='ocrx_word' id='word_1_47' title='bbox 1241 617 1507 655; x_wconf 75' lang='lat' dir='ltr'><strong>processeram</strong></span> 
     </span>
     <span class='ocr_line' id='line_1_10' title="bbox 176 669 1507 721; baseline 0 -14"><span class='ocrx_word' id='word_1_48' title='bbox 176 670 296 708; x_wconf 89' lang='lat' dir='ltr'><strong>millia</strong></span> <span class='ocrx_word' id='word_1_49' title='bbox 337 684 474 721; x_wconf 84' lang='lat' dir='ltr'><strong>passus</strong></span> <span class='ocrx_word' id='word_1_50' title='bbox 522 678 692 716; x_wconf 87' lang='lat' dir='ltr'><strong>centum,</strong></span> <span class='ocrx_word' id='word_1_51' title='bbox 735 683 815 720; x_wconf 92' lang='lat' dir='ltr'><strong>quo</strong></span> <span class='ocrx_word' id='word_1_52' title='bbox 863 669 1051 708; x_wconf 87' lang='lat' dir='ltr'><strong>maturius</strong></span> <span class='ocrx_word' id='word_1_53' title='bbox 1090 669 1267 720; x_wconf 86' lang='lat' dir='ltr'><strong>veniret),</strong></span> <span class='ocrx_word' id='word_1_54' title='bbox 1309 671 1507 708; x_wconf 81' lang='lat' dir='ltr'><strong>Antonius</strong></span> 
     </span>
     <span class='ocr_line' id='line_1_11' title="bbox 175 734 1504 785; baseline -0.001 -12"><span class='ocrx_word' id='word_1_55' title='bbox 175 735 348 785; x_wconf 74' lang='lat' dir='ltr'>legiones</span> <span class='ocrx_word' id='word_1_56' title='bbox 387 734 520 774; x_wconf 74' lang='lat' dir='ltr'><strong>eduxit</strong></span> <span class='ocrx_word' id='word_1_57' title='bbox 560 736 668 781; x_wconf 82' lang='lat' dir='ltr'><strong>duas,</strong></span> <span class='ocrx_word' id='word_1_58' title='bbox 711 736 926 774; x_wconf 86' lang='lat' dir='ltr'><strong>secundam</strong></span> <span class='ocrx_word' id='word_1_59' title='bbox 967 742 1004 773; x_wconf 87' lang='lat' dir='ltr'><strong>et</strong></span> <span class='ocrx_word' id='word_1_60' title='bbox 1043 734 1221 785; x_wconf 83' lang='lat' dir='ltr'>quintam</span> <span class='ocrx_word' id='word_1_61' title='bbox 1257 734 1504 779; x_wconf 80' lang='lat' dir='ltr'><strong>tricesimam,</strong></span> 
     </span>
     <span class='ocr_line' id='line_1_12' title="bbox 175 792 1512 851; baseline -0.001 -12"><span class='ocrx_word' id='word_1_62' title='bbox 175 808 213 838; x_wconf 87' lang='lat' dir='ltr'><strong>et</strong></span> <span class='ocrx_word' id='word_1_63' title='bbox 243 800 415 839; x_wconf 85' lang='lat' dir='ltr'><strong>cohortis</strong></span> <span class='ocrx_word' id='word_1_64' title='bbox 445 799 656 851; x_wconf 89' lang='lat' dir='ltr'><strong>praetorias</strong></span> <span class='ocrx_word' id='word_1_65' title='bbox 686 801 794 846; x_wconf 85' lang='lat' dir='ltr'><strong>duas,</strong></span> <span class='ocrx_word' id='word_1_66' title='bbox 818 813 936 838; x_wconf 89' lang='lat' dir='ltr'><strong>unam</strong></span> <span class='ocrx_word' id='word_1_67' title='bbox 972 813 1093 846; x_wconf 89' lang='lat' dir='ltr'><strong>suam,</strong></span> <span class='ocrx_word' id='word_1_68' title='bbox 1121 801 1282 838; x_wconf 89' lang='lat' dir='ltr'><strong>alteram</strong></span> <span class='ocrx_word' id='word_1_69' title='bbox 1310 799 1442 847; x_wconf 87' lang='lat' dir='ltr'><strong>Silani,</strong></span> <span class='ocrx_word' id='word_1_70' title='bbox 1475 792 1512 836; x_wconf 70' lang='lat' dir='ltr'><strong>el</strong></span> 
     </span>
     <span class='ocr_line' id='line_1_13' title="bbox 176 863 1508 915; baseline -0.002 -12"><span class='ocrx_word' id='word_1_71' title='bbox 176 873 427 904; x_wconf 78' lang='lat' dir='ltr'><strong>evocatorum</strong></span> <span class='ocrx_word' id='word_1_72' title='bbox 462 873 621 915; x_wconf 87' lang='lat' dir='ltr'><strong>partem.</strong></span> <span class='ocrx_word' id='word_1_73' title='bbox 694 866 755 902; x_wconf 89' lang='lat' dir='ltr'><strong>Ita</strong></span> <span class='ocrx_word' id='word_1_74' title='bbox 793 863 950 903; x_wconf 84' lang='lat' dir='ltr'><strong>obviam</strong></span> <span class='ocrx_word' id='word_1_75' title='bbox 989 864 1096 903; x_wconf 66' lang='lat' dir='ltr'><strong>venit</strong></span> <span class='ocrx_word' id='word_1_76' title='bbox 1130 864 1255 911; x_wconf 92' lang='lat' dir='ltr'><strong>nobis,</strong></span> <span class='ocrx_word' id='word_1_77' title='bbox 1288 865 1396 914; x_wconf 92' lang='lat' dir='ltr'><strong>quod</strong></span> <span class='ocrx_word' id='word_1_78' title='bbox 1436 877 1508 903; x_wconf 89' lang='lat' dir='ltr'><strong>nos</strong></span> 
     </span>
     <span class='ocr_line' id='line_1_14' title="bbox 176 929 1507 981; baseline -0.002 -12"><span class='ocrx_word' id='word_1_79' title='bbox 176 938 359 981; x_wconf 87' lang='lat' dir='ltr'><strong>quattuor</strong></span> <span class='ocrx_word' id='word_1_80' title='bbox 379 929 552 980; x_wconf 83' lang='lat' dir='ltr'><strong>legiones</strong></span> <span class='ocrx_word' id='word_1_81' title='bbox 579 929 749 968; x_wconf 89' lang='lat' dir='ltr'><strong>tironum</strong></span> <span class='ocrx_word' id='word_1_82' title='bbox 778 930 922 968; x_wconf 88' lang='lat' dir='ltr'><strong>habere</strong></span> <span class='ocrx_word' id='word_1_83' title='bbox 949 931 1076 968; x_wconf 90' lang='lat' dir='ltr'><strong>solum</strong></span> <span class='ocrx_word' id='word_1_84' title='bbox 1101 929 1369 968; x_wconf 79' lang='lat' dir='ltr'><strong>arbitrabatur.</strong></span> <span class='ocrx_word' id='word_1_85' title='bbox 1430 930 1507 968; x_wconf 85' lang='lat' dir='ltr'><strong>Sed</strong></span> 
     </span>
     <span class='ocr_line' id='line_1_15' title="bbox 175 994 1504 1046; baseline -0.002 -12"><span class='ocrx_word' id='word_1_86' title='bbox 175 1004 305 1044; x_wconf 89' lang='lat' dir='ltr'><strong>noctu,</strong></span> <span class='ocrx_word' id='word_1_87' title='bbox 340 1010 419 1046; x_wconf 92' lang='lat' dir='ltr'><strong>quo</strong></span> <span class='ocrx_word' id='word_1_88' title='bbox 454 995 573 1034; x_wconf 88' lang='lat' dir='ltr'><strong>tutius</strong></span> <span class='ocrx_word' id='word_1_89' title='bbox 607 995 738 1034; x_wconf 82' lang='lat' dir='ltr'><strong>venire</strong></span> <span class='ocrx_word' id='word_1_90' title='bbox 772 994 812 1033; x_wconf 91' lang='lat' dir='ltr'><strong>in</strong></span> <span class='ocrx_word' id='word_1_91' title='bbox 843 1003 968 1034; x_wconf 86' lang='lat' dir='ltr'><strong>castra</strong></span> <span class='ocrx_word' id='word_1_92' title='bbox 1001 995 1276 1046; x_wconf 87' lang='lat' dir='ltr'><strong>potuissemus,</strong></span> <span class='ocrx_word' id='word_1_93' title='bbox 1310 995 1504 1045; x_wconf 80' lang='lat' dir='ltr'><strong>legionem</strong></span> 
     </span>
     <span class='ocr_line' id='line_1_16' title="bbox 175 1061 1503 1111; baseline -0.001 -12"><span class='ocrx_word' id='word_1_94' title='bbox 175 1061 369 1108; x_wconf 85' lang='lat' dir='ltr'><strong>Martiam,</strong></span> <span class='ocrx_word' id='word_1_95' title='bbox 393 1061 455 1100; x_wconf 90' lang='lat' dir='ltr'><strong>cui</strong></span> <span class='ocrx_word' id='word_1_96' title='bbox 483 1075 556 1111; x_wconf 90' lang='lat' dir='ltr'><strong>ego</strong></span> <span class='ocrx_word' id='word_1_97' title='bbox 583 1074 762 1111; x_wconf 83' lang='lat' dir='ltr'><strong>praeesse</strong></span> <span class='ocrx_word' id='word_1_98' title='bbox 789 1061 977 1107; x_wconf 87' lang='lat' dir='ltr'><strong>solebam,</strong></span> <span class='ocrx_word' id='word_1_99' title='bbox 1009 1069 1048 1099; x_wconf 90' lang='lat' dir='ltr'><strong>et</strong></span> <span class='ocrx_word' id='word_1_100' title='bbox 1074 1062 1172 1099; x_wconf 89' lang='lat' dir='ltr'><strong>duas</strong></span> <span class='ocrx_word' id='word_1_101' title='bbox 1200 1061 1372 1099; x_wconf 86' lang='lat' dir='ltr'><strong>cohortis</strong></span> <span class='ocrx_word' id='word_1_102' title='bbox 1399 1074 1503 1111; x_wconf 86' lang='lat' dir='ltr'><strong>prae-</strong></span> 
     </span>
     <span class='ocr_line' id='line_1_17' title="bbox 173 1126 1548 1178; baseline 0 -13"><span class='ocrx_word' id='word_1_103' title='bbox 173 1126 289 1165; x_wconf 90' lang='lat' dir='ltr'><strong>torias</strong></span> <span class='ocrx_word' id='word_1_104' title='bbox 310 1126 466 1165; x_wconf 83' lang='lat' dir='ltr'><strong>miserat</strong></span> <span class='ocrx_word' id='word_1_105' title='bbox 484 1126 637 1165; x_wconf 88' lang='lat' dir='ltr'><strong>Hirtius</strong></span> <span class='ocrx_word' id='word_1_106' title='bbox 659 1127 783 1165; x_wconf 92' lang='lat' dir='ltr'><strong>nobis.</strong></span> <span class='ocrx_word' id='word_1_107' title='bbox 839 1129 942 1167; x_wconf 88' lang='lat' dir='ltr'><strong>Cum</strong></span> <span class='ocrx_word' id='word_1_108' title='bbox 964 1127 1115 1178; x_wconf 83' lang='lat' dir='ltr'><strong>equites</strong></span> <span class='ocrx_word' id='word_1_109' title='bbox 1137 1127 1286 1166; x_wconf 81' lang='lat' dir='ltr'><strong>Antoni</strong></span> <span class='ocrx_word' id='word_1_110' title='bbox 1307 1126 1503 1178; x_wconf 89' lang='lat' dir='ltr'><strong>apparuis-</strong></span> <span class='ocrx_word' id='word_1_111' title='bbox 1524 1137 1548 1164; x_wconf 85' lang='lat'>2</span> 
     </span>
     <span class='ocr_line' id='line_1_18' title="bbox 173 1191 1504 1243; baseline 0 -13"><span class='ocrx_word' id='word_1_112' title='bbox 173 1200 269 1238; x_wconf 89' lang='lat' dir='ltr'><strong>sent,</strong></span> <span class='ocrx_word' id='word_1_113' title='bbox 293 1191 484 1231; x_wconf 90' lang='lat' dir='ltr'><strong>contineri</strong></span> <span class='ocrx_word' id='word_1_114' title='bbox 505 1206 634 1242; x_wconf 91' lang='lat' dir='ltr'><strong>neque</strong></span> <span class='ocrx_word' id='word_1_115' title='bbox 655 1192 756 1242; x_wconf 88' lang='lat' dir='ltr'><strong>legio</strong></span> <span class='ocrx_word' id='word_1_116' title='bbox 775 1192 917 1231; x_wconf 86' lang='lat' dir='ltr'><strong>Martia</strong></span> <span class='ocrx_word' id='word_1_117' title='bbox 937 1206 1065 1243; x_wconf 89' lang='lat' dir='ltr'><strong>neque</strong></span> <span class='ocrx_word' id='word_1_118' title='bbox 1087 1193 1268 1231; x_wconf 87' lang='lat' dir='ltr'><strong>cohortes</strong></span> <span class='ocrx_word' id='word_1_119' title='bbox 1289 1191 1504 1242; x_wconf 88' lang='lat' dir='ltr'><strong>praetoriae</strong></span> 
     </span>
     <span class='ocr_line' id='line_1_19' title="bbox 174 1257 1504 1309; baseline 0 -13"><span class='ocrx_word' id='word_1_120' title='bbox 174 1265 384 1307; x_wconf 87' lang='lat' dir='ltr'><strong>potuerunt</strong></span> <span class='ocrx_word' id='word_1_121' title='bbox 400 1272 410 1305; x_wconf 79' lang='grc'><strong>,-</strong></span> <span class='ocrx_word' id='word_1_122' title='bbox 448 1271 544 1307; x_wconf 88' lang='lat' dir='ltr'><strong>quas</strong></span> <span class='ocrx_word' id='word_1_123' title='bbox 575 1257 685 1308; x_wconf 89' lang='lat' dir='ltr'><strong>sequi</strong></span> <span class='ocrx_word' id='word_1_124' title='bbox 714 1258 917 1309; x_wconf 88' lang='lat' dir='ltr'><strong>coepimus</strong></span> <span class='ocrx_word' id='word_1_125' title='bbox 952 1258 1090 1305; x_wconf 86' lang='lat' dir='ltr'><strong>coacti,</strong></span> <span class='ocrx_word' id='word_1_126' title='bbox 1122 1258 1309 1309; x_wconf 90' lang='lat' dir='ltr'><strong>quoniam</strong></span> <span class='ocrx_word' id='word_1_127' title='bbox 1340 1257 1504 1297; x_wconf 89' lang='lat' dir='ltr'><strong>retinere</strong></span> 
     </span>
     <span class='ocr_line' id='line_1_20' title="bbox 173 1323 1505 1373; baseline 0.001 -13"><span class='ocrx_word' id='word_1_128' title='bbox 173 1337 238 1361; x_wconf 86' lang='lat' dir='ltr'><strong>eas</strong></span> <span class='ocrx_word' id='word_1_129' title='bbox 268 1336 348 1361; x_wconf 88' lang='lat' dir='ltr'><strong>non</strong></span> <span class='ocrx_word' id='word_1_130' title='bbox 378 1330 640 1373; x_wconf 83' lang='lat' dir='ltr'><strong>potueramus.</strong></span> <span class='ocrx_word' id='word_1_131' title='bbox 701 1323 899 1362; x_wconf 76' lang='lat' dir='ltr'><strong>Antonius</strong></span> <span class='ocrx_word' id='word_1_132' title='bbox 928 1325 978 1362; x_wconf 92' lang='lat' dir='ltr'><strong>ad</strong></span> <span class='ocrx_word' id='word_1_133' title='bbox 1009 1325 1153 1363; x_wconf 84' lang='lat' dir='ltr'><strong>Forum</strong></span> <span class='ocrx_word' id='word_1_134' title='bbox 1182 1325 1385 1362; x_wconf 86' lang='lat' dir='ltr'><strong>Gallorum</strong></span> <span class='ocrx_word' id='word_1_135' title='bbox 1417 1337 1505 1361; x_wconf 85' lang='lat' dir='ltr'><strong>suas</strong></span> 
     </span>
     <span class='ocr_line' id='line_1_21' title="bbox 172 1378 1506 1439; baseline 0 -12"><span class='ocrx_word' id='word_1_136' title='bbox 172 1388 305 1438; x_wconf 88' lang='lat' dir='ltr'><strong>copias</strong></span> <span class='ocrx_word' id='word_1_137' title='bbox 336 1387 565 1427; x_wconf 86' lang='lat' dir='ltr'><strong>continebat</strong></span> <span class='ocrx_word' id='word_1_138' title='bbox 594 1402 723 1439; x_wconf 85' lang='lat' dir='ltr'><strong>neque</strong></span> <span class='ocrx_word' id='word_1_139' title='bbox 758 1388 845 1427; x_wconf 89' lang='lat' dir='ltr'><strong>sciri</strong></span> <span class='ocrx_word' id='word_1_140' title='bbox 875 1389 1032 1428; x_wconf 86' lang='lat' dir='ltr'><strong>volebat</strong></span> <span class='ocrx_word' id='word_1_141' title='bbox 1062 1402 1102 1427; x_wconf 90' lang='lat' dir='ltr'><strong>se</strong></span> <span class='ocrx_word' id='word_1_142' title='bbox 1132 1389 1306 1439; x_wconf 82' lang='lat' dir='ltr'><strong>legiones</strong></span> <span class='ocrx_word' id='word_1_143' title='bbox 1336 1378 1506 1433; x_wconf 41' lang='lat' dir='ltr'><strong>haberet</strong></span> 
     </span>
     <span class='ocr_line' id='line_1_22' title="bbox 173 1453 1504 1503; baseline 0 -12"><span class='ocrx_word' id='word_1_144' title='bbox 173 1461 325 1492; x_wconf 86' lang='lat' dir='ltr'><strong>tantum</strong></span> <span class='ocrx_word' id='word_1_145' title='bbox 347 1453 564 1503; x_wconf 85' lang='lat' dir='ltr'><strong>equitatum</strong></span> <span class='ocrx_word' id='word_1_146' title='bbox 580 1462 628 1492; x_wconf 64' lang='lat' dir='ltr'><strong>‘et</strong></span> <span class='ocrx_word' id='word_1_147' title='bbox 656 1455 781 1493; x_wconf 79' lang='lat' dir='ltr'><strong>levem</strong></span> <span class='ocrx_word' id='word_1_148' title='bbox 803 1462 1038 1493; x_wconf 88' lang='lat' dir='ltr'><strong>armaturam</strong></span> <span class='ocrx_word' id='word_1_149' title='bbox 1060 1454 1304 1494; x_wconf 86' lang='lat' dir='ltr'><strong>ostendebat.</strong></span> <span class='ocrx_word' id='word_1_150' title='bbox 1362 1456 1504 1492; x_wconf 81' lang='lat' dir='ltr'><strong>Postea</strong></span> 
     </span>
     <span class='ocr_line' id='line_1_23' title="bbox 173 1518 1503 1575; baseline 0 -18"><span class='ocrx_word' id='word_1_151' title='bbox 173 1532 291 1575; x_wconf 86' lang='lat' dir='ltr'><strong>quam</strong></span> <span class='ocrx_word' id='word_1_152' title='bbox 325 1518 422 1558; x_wconf 71' lang='lat' dir='ltr'><strong>vidit</strong></span> <span class='ocrx_word' id='word_1_153' title='bbox 456 1533 496 1558; x_wconf 89' lang='lat' dir='ltr'><strong>se</strong></span> <span class='ocrx_word' id='word_1_154' title='bbox 536 1519 657 1557; x_wconf 82' lang='lat' dir='ltr'><strong>invito</strong></span> <span class='ocrx_word' id='word_1_155' title='bbox 692 1519 887 1570; x_wconf 84' lang='lat' dir='ltr'><strong>legionem</strong></span> <span class='ocrx_word' id='word_1_156' title='bbox 926 1519 980 1558; x_wconf 88' lang='lat' dir='ltr'><strong>ire</strong></span> <span class='ocrx_word' id='word_1_157' title='bbox 1017 1522 1153 1566; x_wconf 85' lang='lat' dir='ltr'><strong>Pansa,</strong></span> <span class='ocrx_word' id='word_1_158' title='bbox 1187 1519 1298 1569; x_wconf 90' lang='lat' dir='ltr'><strong>sequi</strong></span> <span class='ocrx_word' id='word_1_159' title='bbox 1333 1533 1384 1557; x_wconf 56' lang='lat' dir='ltr'><strong>sev</strong></span> <span class='ocrx_word' id='word_1_160' title='bbox 1405 1520 1503 1558; x_wconf 85' lang='lat' dir='ltr'><strong>duas</strong></span> 
     </span>
     <span class='ocr_line' id='line_1_24' title="bbox 172 1583 1502 1636; baseline 0 -14"><span class='ocrx_word' id='word_1_161' title='bbox 172 1583 345 1634; x_wconf 85' lang='lat' dir='ltr'><strong>legiones</strong></span> <span class='ocrx_word' id='word_1_162' title='bbox 369 1583 479 1622; x_wconf 84' lang='lat' dir='ltr'><strong>iussit</strong></span> <span class='ocrx_word' id='word_1_163' title='bbox 503 1584 684 1623; x_wconf 89' lang='lat' dir='ltr'><strong>tironum.</strong></span> <span class='ocrx_word' id='word_1_164' title='bbox 746 1587 888 1624; x_wconf 78' lang='lat' dir='ltr'><strong>Postea</strong></span> <span class='ocrx_word' id='word_1_165' title='bbox 915 1599 1032 1636; x_wconf 88' lang='lat' dir='ltr'><strong>quam</strong></span> <span class='ocrx_word' id='word_1_166' title='bbox 1060 1585 1258 1636; x_wconf 82' lang='lat' dir='ltr'><strong>angustias</strong></span> <span class='ocrx_word' id='word_1_167' title='bbox 1283 1584 1437 1635; x_wconf 89' lang='lat' dir='ltr'><strong>paludis</strong></span> <span class='ocrx_word' id='word_1_168' title='bbox 1465 1592 1502 1623; x_wconf 85' lang='lat' dir='ltr'><strong>et</strong></span> 
     </span>
     <span class='ocr_line' id='line_1_25' title="bbox 171 1642 1501 1697; baseline 0 -10"><span class='ocrx_word' id='word_1_169' title='bbox 171 1648 354 1688; x_wconf 85' lang='lat' dir='ltr'><strong>silvarum</strong></span> <span class='ocrx_word' id='word_1_170' title='bbox 388 1642 621 1697; x_wconf 85' lang='lat' dir='ltr'><strong>transiimus‚</strong></span> <span class='ocrx_word' id='word_1_171' title='bbox 651 1649 754 1689; x_wconf 85' lang='lat' dir='ltr'><strong>acies</strong></span> <span class='ocrx_word' id='word_1_172' title='bbox 785 1658 842 1689; x_wconf 87' lang='lat' dir='ltr'><strong>est</strong></span> <span class='ocrx_word' id='word_1_173' title='bbox 871 1650 1060 1689; x_wconf 88' lang='lat' dir='ltr'><strong>instructa</strong></span> <span class='ocrx_word' id='word_1_174' title='bbox 1085 1664 1108 1688; x_wconf 88' lang='lat' dir='ltr'><strong>a</strong></span> <span class='ocrx_word' id='word_1_175' title='bbox 1134 1650 1249 1689; x_wconf 89' lang='lat' dir='ltr'><strong>nobis</strong></span> <span class='ocrx_word' id='word_1_176' title='bbox 1277 1662 1337 1688; x_wconf 77' lang='grc' dir='ltr'><strong>ΧΠ</strong></span> <span class='ocrx_word' id='word_1_177' title='bbox 1366 1650 1501 1688; x_wconf 90' lang='lat' dir='ltr'><strong>cohor-</strong></span> 
     </span>
     <span class='ocr_line' id='line_1_26' title="bbox 170 1713 1544 1771; baseline -0.001 -19"><span class='ocrx_word' id='word_1_178' title='bbox 170 1713 291 1771; x_wconf 86' lang='lat' dir='ltr'><strong>tium·</strong></span> <span class='ocrx_word' id='word_1_179' title='bbox 315 1715 493 1753; x_wconf 88' lang='lat' dir='ltr'><strong>nondum</strong></span> <span class='ocrx_word' id='word_1_180' title='bbox 515 1722 703 1754; x_wconf 87' lang='lat' dir='ltr'><strong>venerant</strong></span> <span class='ocrx_word' id='word_1_181' title='bbox 721 1714 894 1766; x_wconf 87' lang='lat' dir='ltr'><strong>legiones</strong></span> <span class='ocrx_word' id='word_1_182' title='bbox 916 1716 1039 1754; x_wconf 89' lang='lat' dir='ltr'><strong>duae.</strong></span> <span class='ocrx_word' id='word_1_183' title='bbox 1065 1722 1225 1765; x_wconf 89' lang='lat' dir='ltr'><strong>repente</strong></span> <span class='ocrx_word' id='word_1_184' title='bbox 1241 1713 1440 1753; x_wconf 80' lang='lat' dir='ltr'><strong>Antonius</strong></span> <span class='ocrx_word' id='word_1_185' title='bbox 1461 1713 1500 1752; x_wconf 87' lang='lat' dir='ltr'><strong>in</strong></span> <span class='ocrx_word' id='word_1_186' title='bbox 1519 1719 1544 1756; x_wconf 86' lang='lat'><strong>3</strong></span> 
     </span>
     <span class='ocr_line' id='line_1_27' title="bbox 169 1778 1498 1842; baseline 0.001 -25"><span class='ocrx_word' id='word_1_187' title='bbox 169 1778 313 1818; x_wconf 87' lang='lat' dir='ltr'><strong>aciem</strong></span> <span class='ocrx_word' id='word_1_188' title='bbox 322 1792 411 1818; x_wconf 88' lang='lat' dir='ltr'><strong>suas</strong></span> <span class='ocrx_word' id='word_1_189' title='bbox 435 1779 571 1841; x_wconf 82' lang='lat' dir='ltr'><strong>copias</strong></span> <span class='ocrx_word' id='word_1_190' title='bbox 591 1781 642 1819; x_wconf 90' lang='lat' dir='ltr'><strong>de</strong></span> <span class='ocrx_word' id='word_1_191' title='bbox 661 1779 749 1819; x_wconf 87' lang='lat' dir='ltr'><strong>vico</strong></span> <span class='ocrx_word' id='word_1_192' title='bbox 772 1779 956 1842; x_wconf 81' lang='lat' dir='ltr'><strong>produxit</strong></span> <span class='ocrx_word' id='word_1_193' title='bbox 981 1787 1019 1818; x_wconf 91' lang='lat' dir='ltr'><strong>et</strong></span> <span class='ocrx_word' id='word_1_194' title='bbox 1046 1779 1130 1819; x_wconf 87' lang='lat' dir='ltr'><strong>sine</strong></span> <span class='ocrx_word' id='word_1_195' title='bbox 1157 1792 1265 1818; x_wconf 84' lang='lat' dir='ltr'><strong>mora</strong></span> <span class='ocrx_word' id='word_1_196' title='bbox 1292 1779 1498 1818; x_wconf 85' lang='lat' dir='ltr'><strong>concurrit.</strong></span> 
     </span>
    </p>
   </div>
   <div class='ocr_carea' id='block_1_8' title="bbox 152 1835 1502 1910">
    <p class='ocr_par' dir='ltr' id='par_1_8' title="bbox 152 1835 1502 1910">
     <span class='ocr_line' id='line_1_28' title="bbox 152 1835 1502 1910; baseline 0.001 -29"><span class='ocrx_word' id='word_1_197' title='bbox 152 1835 318 1882; x_wconf 69' lang='lat' dir='ltr'><strong>&#39;Primo</strong></span> <span class='ocrx_word' id='word_1_198' title='bbox 333 1843 386 1903; x_wconf 81' lang='lat' dir='ltr'><strong>ita</strong></span> <span class='ocrx_word' id='word_1_199' title='bbox 414 1837 631 1905; x_wconf 64' lang='lat' dir='ltr'><strong>pugnatum</strong></span> <span class='ocrx_word' id='word_1_200' title='bbox 658 1852 726 1892; x_wconf 80' lang='lat' dir='ltr'><strong>est,</strong></span> <span class='ocrx_word' id='word_1_201' title='bbox 746 1852 807 1884; x_wconf 89' lang='lat' dir='ltr'><strong>ut</strong></span> <span class='ocrx_word' id='word_1_202' title='bbox 823 1844 950 1884; x_wconf 85' lang='lat' dir='ltr'><strong>acrius</strong></span> <span class='ocrx_word' id='word_1_203' title='bbox 972 1857 1082 1883; x_wconf 88' lang='lat' dir='ltr'><strong>non·</strong></span> <span class='ocrx_word' id='word_1_204' title='bbox 1098 1850 1249 1909; x_wconf 81' lang='lat' dir='ltr'><strong>posset·</strong></span> <span class='ocrx_word' id='word_1_205' title='bbox 1258 1840 1313 1882; x_wconf 66' lang='lat' dir='ltr'><strong>ex</strong></span> <span class='ocrx_word' id='word_1_206' title='bbox 1337 1842 1502 1910; x_wconf 76' lang='lat' dir='ltr'><strong>utraque</strong></span> 
     </span>
    </p>
   </div>
   <div class='ocr_carea' id='block_1_9' title="bbox 170 1901 1501 2156">
    <p class='ocr_par' dir='ltr' id='par_1_9' title="bbox 170 1901 1501 2156">
     <span class='ocr_line' id='line_1_29' title="bbox 171 1901 1499 1961; baseline 0.001 -15"><span class='ocrx_word' id='word_1_207' title='bbox 171 1916 279 1958; x_wconf 87' lang='lat' dir='ltr'><strong>parte</strong></span> <span class='ocrx_word' id='word_1_208' title='bbox 306 1901 492 1959; x_wconf 79' lang='lat' dir='ltr'><strong>pugnari3</strong></span> <span class='ocrx_word' id='word_1_209' title='bbox 526 1909 599 1948; x_wconf 89' lang='lat' dir='ltr'><strong>etsi</strong></span> <span class='ocrx_word' id='word_1_210' title='bbox 624 1910 820 1949; x_wconf 82' lang='lat' dir='ltr'><strong>dexterius</strong></span> <span class='ocrx_word' id='word_1_211' title='bbox 847 1923 981 1957; x_wconf 88' lang='lat' dir='ltr'><strong>cornu,</strong></span> <span class='ocrx_word' id='word_1_212' title='bbox 1004 1910 1043 1948; x_wconf 89' lang='lat' dir='ltr'><strong>in</strong></span> <span class='ocrx_word' id='word_1_213' title='bbox 1071 1923 1150 1960; x_wconf 90' lang='lat' dir='ltr'><strong>quo</strong></span> <span class='ocrx_word' id='word_1_214' title='bbox 1178 1908 1250 1961; x_wconf 87' lang='lat' dir='ltr'><strong>ego</strong></span> <span class='ocrx_word' id='word_1_215' title='bbox 1262 1914 1382 1948; x_wconf 81' lang='lat' dir='ltr'><strong>eram</strong></span> <span class='ocrx_word' id='word_1_216' title='bbox 1409 1908 1499 1948; x_wconf 79' lang='lat' dir='ltr'><strong>cum</strong></span> 
     </span>
     <span class='ocr_line' id='line_1_30' title="bbox 174 1973 1501 2026; baseline 0.001 -15"><span class='ocrx_word' id='word_1_217' title='bbox 174 1973 339 2013; x_wconf 85' lang='lat' dir='ltr'><strong>Martiae</strong></span> <span class='ocrx_word' id='word_1_218' title='bbox 369 1974 532 2024; x_wconf 86' lang='lat' dir='ltr'><strong>legionis</strong></span> <span class='ocrx_word' id='word_1_219' title='bbox 563 1975 791 2014; x_wconf 88' lang='lat' dir='ltr'><strong>cohortibus</strong></span> <span class='ocrx_word' id='word_1_220' title='bbox 826 1984 928 2023; x_wconf 88' lang='lat' dir='ltr'><strong>octo,</strong></span> <span class='ocrx_word' id='word_1_221' title='bbox 962 1976 1111 2026; x_wconf 88' lang='lat' dir='ltr'><strong>impetu</strong></span> <span class='ocrx_word' id='word_1_222' title='bbox 1142 1974 1268 2025; x_wconf 86' lang='lat' dir='ltr'><strong>primo</strong></span> <span class='ocrx_word' id='word_1_223' title='bbox 1303 1976 1501 2024; x_wconf 83' lang='lat' dir='ltr'><strong>fugaverat</strong></span> 
     </span>
     <span class='ocr_line' id='line_1_31' title="bbox 171 2038 1497 2092; baseline 0.001 -15"><span class='ocrx_word' id='word_1_224' title='bbox 171 2038 364 2088; x_wconf 90' lang='lat' dir='ltr'><strong>legione-m</strong></span> <span class='ocrx_word' id='word_1_225' title='bbox 397 2051 514 2077; x_wconf 78' lang='lat' dir='ltr'>xxxv</span> <span class='ocrx_word' id='word_1_226' title='bbox 542 2040 702 2087; x_wconf 77' lang='lat' dir='ltr'><strong>Antoni,</strong></span> <span class='ocrx_word' id='word_1_227' title='bbox 729 2048 771 2078; x_wconf 91' lang='lat' dir='ltr'><strong>ut</strong></span> <span class='ocrx_word' id='word_1_228' title='bbox 797 2040 965 2092; x_wconf 88' lang='lat' dir='ltr'><strong>amplius</strong></span> <span class='ocrx_word' id='word_1_229' title='bbox 996 2055 1133 2091; x_wconf 86' lang='lat' dir='ltr'><strong>passus</strong></span> <span class='ocrx_word' id='word_1_230' title='bbox 1166 2042 1202 2078; x_wconf 92' lang='lat' dir='ltr'>D</span> <span class='ocrx_word' id='word_1_231' title='bbox 1233 2041 1332 2078; x_wconf 90' lang='lat' dir='ltr'><strong>ultra</strong></span> <span class='ocrx_word' id='word_1_232' title='bbox 1360 2039 1497 2087; x_wconf 87' lang='lat' dir='ltr'><strong>aciem,</strong></span> 
     </span>
     <span class='ocr_line' id='line_1_32' title="bbox 170 2105 1497 2156; baseline 0.001 -14"><span class='ocrx_word' id='word_1_233' title='bbox 170 2117 250 2153; x_wconf 94' lang='lat' dir='ltr'><strong>quo</strong></span> <span class='ocrx_word' id='word_1_234' title='bbox 276 2105 364 2143; x_wconf 90' lang='lat' dir='ltr'><strong>loco</strong></span> <span class='ocrx_word' id='word_1_235' title='bbox 392 2112 558 2152; x_wconf 81' lang='lat' dir='ltr'><strong>steterat,</strong></span> <span class='ocrx_word' id='word_1_236' title='bbox 583 2105 823 2154; x_wconf 87' lang='lat' dir='ltr'><strong>processerit.</strong></span> <span class='ocrx_word' id='word_1_237' title='bbox 880 2108 1019 2156; x_wconf 88' lang='lat' dir='ltr'><strong>Itaque</strong></span> <span class='ocrx_word' id='word_1_238' title='bbox 1036 2120 1126 2145; x_wconf 90' lang='lat' dir='ltr'><strong>curn</strong></span> <span class='ocrx_word' id='word_1_239' title='bbox 1148 2105 1300 2156; x_wconf 88' lang='lat' dir='ltr'><strong>equites</strong></span> <span class='ocrx_word' id='word_1_240' title='bbox 1321 2113 1497 2144; x_wconf 89' lang='lat' dir='ltr'><strong>nostrum</strong></span> 
     </span>
    </p>
   </div>
   <div class='ocr_carea' id='block_1_10' title="bbox 169 2208 1499 2424">
    <p class='ocr_par' dir='ltr' id='par_1_10' title="bbox 169 2208 1499 2424">
     <span class='ocr_line' id='line_1_33' title="bbox 213 2208 1497 2251; baseline 0.002 -13"><span class='ocrx_word' id='word_1_241' title='bbox 213 2219 231 2246; x_wconf 87' lang='lat'><strong>4</strong></span> <span class='ocrx_word' id='word_1_242' title='bbox 257 2218 342 2239; x_wconf 76' lang='lat' dir='ltr'>xv111</span> <span class='ocrx_word' id='word_1_243' title='bbox 368 2208 487 2240; x_wconf 61' lang='lat' dir='ltr'><strong>Raeto:</strong></span> <span class='ocrx_word' id='word_1_244' title='bbox 522 2220 593 2240; x_wconf 77' lang='lat' dir='ltr'><strong>xvn</strong></span> <span class='ocrx_word' id='word_1_245' title='bbox 617 2209 703 2241; x_wconf 83' lang='lat' dir='ltr'><strong>coda.</strong></span> <span class='ocrx_word' id='word_1_246' title='bbox 837 2211 858 2241; x_wconf 91' lang='lat'><strong>6</strong></span> <span class='ocrx_word' id='word_1_247' title='bbox 881 2221 1002 2250; x_wconf 80' lang='lat' dir='ltr'><strong>passus</strong></span> <span class='ocrx_word' id='word_1_248' title='bbox 1027 2210 1124 2245; x_wconf 83' lang='lat' dir='ltr'><strong>codd..</strong></span> <span class='ocrx_word' id='word_1_249' title='bbox 1145 2213 1180 2251; x_wconf 79' lang='lat' dir='ltr'><strong>cs.</strong></span> <span class='ocrx_word' id='word_1_250' title='bbox 1202 2221 1249 2248; x_wconf 90' lang='lat'><strong>17.</strong></span> <span class='ocrx_word' id='word_1_251' title='bbox 1272 2220 1306 2241; x_wconf 89' lang='lat'><strong>1:</strong></span> <span class='ocrx_word' id='word_1_252' title='bbox 1337 2220 1497 2249; x_wconf 83' lang='lat' dir='ltr'><strong>passuum</strong></span> 
     </span>
     <span class='ocr_line' id='line_1_34' title="bbox 169 2252 1497 2294; baseline 0.002 -13"><span class='ocrx_word' id='word_1_253' title='bbox 169 2253 255 2292; x_wconf 82' lang='lat' dir='ltr'><strong>vulg.</strong></span> <span class='ocrx_word' id='word_1_254' title='bbox 389 2254 408 2282; x_wconf 93' lang='lat'>8</span> <span class='ocrx_word' id='word_1_255' title='bbox 432 2258 465 2283; x_wconf 84' lang='lat' dir='ltr'><strong>et</strong></span> <span class='ocrx_word' id='word_1_256' title='bbox 483 2252 598 2284; x_wconf 61' lang='lat' dir='ltr'><strong>Mam:</strong></span> <span class='ocrx_word' id='word_1_257' title='bbox 625 2264 688 2285; x_wconf 78' lang='lat' dir='ltr'><strong>om.</strong></span> <span class='ocrx_word' id='word_1_258' title='bbox 705 2253 793 2286; x_wconf 71' lang='lat' dir='ltr'><strong>codd.</strong></span> <span class='ocrx_word' id='word_1_259' title='bbox 934 2265 967 2284; x_wconf 87' lang='lat'><strong>11</strong></span> <span class='ocrx_word' id='word_1_260' title='bbox 996 2255 1226 2294; x_wconf 83' lang='lat' dir='ltr'><strong>potuissemus</strong></span> <span class='ocrx_word' id='word_1_261' title='bbox 1242 2253 1321 2290; x_wconf 87' lang='lat' dir='ltr'><strong>HD,</strong></span> <span class='ocrx_word' id='word_1_262' title='bbox 1341 2255 1374 2283; x_wconf 81' lang='lat' dir='ltr'><strong>in</strong></span> <span class='ocrx_word' id='word_1_263' title='bbox 1394 2253 1497 2284; x_wconf 81' lang='lat' dir='ltr'><strong>Galba</strong></span> 
     </span>
     <span class='ocr_line' id='line_1_35' title="bbox 170 2295 1494 2337; baseline 0.003 -13"><span class='ocrx_word' id='word_1_264' title='bbox 170 2295 375 2325; x_wconf 77' lang='lat' dir='ltr'><strong>tolerandum</strong></span> <span class='ocrx_word' id='word_1_265' title='bbox 393 2308 399 2326; x_wconf 85' lang='lat'>:</span> <span class='ocrx_word' id='word_1_266' title='bbox 432 2297 661 2336; x_wconf 80' lang='lat' dir='ltr'><strong>posuissemus</strong></span> <span class='ocrx_word' id='word_1_267' title='bbox 680 2297 736 2328; x_wconf 80' lang='lat' dir='ltr'><strong>M:</strong></span> <span class='ocrx_word' id='word_1_268' title='bbox 766 2308 944 2337; x_wconf 85' lang='lat' dir='ltr'><strong>possemus</strong></span> <span class='ocrx_word' id='word_1_269' title='bbox 967 2297 1098 2330; x_wconf 77' lang='lat' dir='ltr'><strong>Baiter:</strong></span> <span class='ocrx_word' id='word_1_270' title='bbox 1133 2298 1219 2337; x_wconf 85' lang='lat' dir='ltr'><strong>potis</strong></span> <span class='ocrx_word' id='word_1_271' title='bbox 1239 2308 1392 2328; x_wconf 84' lang='lat' dir='ltr'><strong>essemus</strong></span> <span class='ocrx_word' id='word_1_272' title='bbox 1414 2298 1494 2328; x_wconf 73' lang='lat' dir='ltr'><strong>coni.</strong></span> 
     </span>
     <span class='ocr_line' id='line_1_36' title="bbox 170 2338 1499 2373; baseline 0.002 -5"><span class='ocrx_word' id='word_1_273' title='bbox 170 2338 398 2369; x_wconf 80' lang='lat' dir='ltr'><strong>Mendelssolm</strong></span> <span class='ocrx_word' id='word_1_274' title='bbox 513 2351 551 2371; x_wconf 83' lang='lat'><strong>21</strong></span> <span class='ocrx_word' id='word_1_275' title='bbox 579 2340 769 2372; x_wconf 86' lang='lat' dir='ltr'><strong>transiimus</strong></span> <span class='ocrx_word' id='word_1_276' title='bbox 790 2341 863 2373; x_wconf 80' lang='lat' dir='ltr'><strong>Vt&#39;ct.</strong></span> <span class='ocrx_word' id='word_1_277' title='bbox 884 2353 890 2372; x_wconf 87' lang='lat'>:</span> <span class='ocrx_word' id='word_1_278' title='bbox 915 2342 1096 2372; x_wconf 86' lang='lat' dir='ltr'><strong>transimus</strong></span> <span class='ocrx_word' id='word_1_279' title='bbox 1113 2341 1174 2372; x_wconf 89' lang='lat' dir='ltr'><strong>M:</strong></span> <span class='ocrx_word' id='word_1_280' title='bbox 1198 2341 1410 2371; x_wconf 83' lang='lat' dir='ltr'><strong>transivimus</strong></span> <span class='ocrx_word' id='word_1_281' title='bbox 1426 2339 1499 2370; x_wconf 90' lang='lat' dir='ltr'><strong>HD</strong></span> 
     </span>
     <span class='ocr_line' id='line_1_37' title="bbox 171 2382 735 2424; baseline 0.005 -12"><span class='ocrx_word' id='word_1_282' title='bbox 171 2391 211 2421; x_wconf 82' lang='lat'><strong>27</strong></span> <span class='ocrx_word' id='word_1_283' title='bbox 236 2392 354 2422; x_wconf 86' lang='lat' dir='ltr'><strong>passus</strong></span> <span class='ocrx_word' id='word_1_284' title='bbox 374 2382 420 2423; x_wconf 80' lang='lat' dir='ltr'><strong>D]</strong></span> <span class='ocrx_word' id='word_1_285' title='bbox 437 2383 510 2413; x_wconf 89' lang='lat' dir='ltr'><strong>HD</strong></span> <span class='ocrx_word' id='word_1_286' title='bbox 527 2395 532 2414; x_wconf 93' lang='lat'>:</span> <span class='ocrx_word' id='word_1_287' title='bbox 559 2394 676 2424; x_wconf 87' lang='lat' dir='ltr'><strong>passus</strong></span> <span class='ocrx_word' id='word_1_288' title='bbox 693 2384 735 2415; x_wconf 90' lang='lat' dir='ltr'><em>M</em></span> 
     </span>
    </p>
   </div>
  </div>
 </body>
</html>
