1791 2796
152 530 170 561 5

132 857 169 878 10

127 1508 165 1529 20

558 144 668 181 EPP.
702 144 779 181 AD
812 143 1157 180 FAMILIARES
1474 144 1540 180 IX.
1563 142 1653 179 xxii

191 254 255 293 dic
276 268 367 304 ergo
387 254 504 293 etiam
529 254 795 305 ‘pavimenta'
823 254 897 292 isto
926 256 1070 302 niodo:
1100 268 1180 291 non
1208 261 1330 304 potes.
1391 253 1520 291 Viden

191 319 304 369 igitur
339 319 434 357 nihil
467 333 552 358 esse
586 319 660 358 nisi
692 318 868 369 ineptia&
903 319 1186 369 turpitudinem
1227 332 1299 356 nec
1332 318 1370 356 in
1403 319 1522 356 verbo

191 398 276 424 csse
310 399 383 424 nec
417 385 456 423 in
491 398 540 432 re,
578 385 708 435 itaque
748 398 942 435 nusquam
982 386 1098 423 esse?
1170 383 1291 434 Igitur
1322 384 1360 421 in
1396 383 1567 428 verbis4

191 450 365 489 honestis
404 450 576 489 obscena
614 450 809 500 ponimus.
871 449 979 498 Quid
1014 449 1149 487 enini?
1192 463 1272 487 non
1312 450 1521 487 honestum

190 516 352 554 verbum
387 522 445 553 est
482 514 694 554 ‘divisio'?
736 522 775 552 at
809 513 910 553 inest
944 514 1172 560 obscenum,
1209 513 1271 551 cui
1310 514 1522 563 respondet

193 581 492 631 ‘intercapedo'
550 583 656 620 Num
680 582 778 619 haec
800 594 891 631 ergo
913 581 1085 619 obscena
1106 582 1228 618 sunt?
1285 581 1369 619 Nos
1389 586 1520 617 autem

189 647 374 686 ridicule:
415 646 446 685 si
483 646 652 686 dicimus
695 648 792 685 ‘Ille
827 654 975 697 patrem
1016 645 1291 696 st1·angulavit‚'
1330 647 1521 683 honorem

189 725 270 750 non
300 713 543 762 praefamur3
583 712 642 750 sin
677 713 727 750 de
758 711 915 750 Aurelia
945 711 1093 761 aliquid
1127 719 1194 749 aut
1225 710 1361 757 Lollia,
1394 711 1521 747 honos

189 777 424 827 praefandus
455 784 522 815 est.
584 779 634 815 Et
661 776 823 827 quidem
851 776 929 814 iam
953 776 1073 815 ‘etiam
1102 789 1182 814 non
1210 777 1383 814 obscena
1403 775 1521 813 verba

189 856 259 892 pro
280 841 461 880 obscenis
483 850 583 880 sunt.
630 845 674 862 “‘
691 842 857 888 Batuit‚⁷’
880 841 1015 891 inquit,
1040 841 1299 891 impudenter,
1327 840 1488 890 “depsit
1503 841 1521 856 ’'

189 909 313 946 multo
343 907 636 958 impudentius.'
694 908 813 957 Atqui
843 915 1023 946 neutrum
1049 915 1107 946 est
1134 908 1363 946 obscenum.
1423 907 1522 944 Stul-

188 980 315 1010 torum
338 974 454 1022 plena
472 978 571 1010 'sunt
598 972 741 1011 onmia.
805 974 964 1011 ‘Testes
982 974 989 989 ’
1010 973 1172 1011 verbum
1198 970 1519 1010 honestissimum

188 1038 227 1075 in
254 1037 411 1084 iudicio,
436 1037 513 1076 alio
534 1039 622 1076 loco
644 1051 723 1076 non
748 1037 863 1075 nimis
882 1052 889 1083 ;
918 1046 955 1076 et
977 1037 1133 1076 honesti
1158 1037 1278 1076 ‘colei
1300 1036 1520 1084 Lanuvini,'

191 1107 199 1123 ‘
216 1103 442 1142 Cliternini’
472 1117 552 1142 non
583 1102 749 1141 honesti.
822 1102 960 1151 Quid?
994 1103 1077 1153 ipsa
1104 1116 1163 1141 res
1191 1103 1312 1141 inodo
1339 1103 1516 1148 honesta,

153 1183 164 1190 ·
188 1169 308 1206 modo
343 1167 488 1217 turpis;
532 1168 725 1217 suppedit,
761 1167 949 1217 flagitium
984 1175 1066 1214 est3
1108 1168 1182 1205 iani
1213 1167 1283 1206 erit
1318 1169 1447 1206 nudus
1478 1168 1516 1205 in

187 1234 338 1280 balneo,
358 1247 438 1271 non
455 1235 727 1284 reprehendes.
772 1234 909 1272 Habes
931 1234 1106 1271 scholam
1128 1233 1299 1271 Stoicam
1321 1248 1326 1271 :
1357 1236 1376 1271 ὁ
1396 1235 1518 1282 σοφὸς
1536 1247 1559 1285 5

185 1300 507 1350 εὐθυρρημονήσει.
569 1300 700 1348 Quam
733 1301 855 1337 multa
882 1313 927 1337 ex
958 1312 1038 1337 uno
1064 1299 1184 1337 verbo
1214 1302 1306 1337 tuo!
1364 1300 1423 1337 Tc
1452 1301 1516 1338 ad-

185 1378 317 1404 versus
346 1378 407 1403 me
436 1364 569 1403 omnia
591 1366 737 1403 audere
763 1372 914 1414 gratum
940 1371 999 1402 est
1014 1378 1022 1410 ;
1052 1377 1125 1413 ego
1152 1377 1263 1402 servo
1288 1371 1325 1401 et
1354 1365 1517 1403 servabo

186 1430 258 1481 (sic
297 1430 401 1469 enirn
440 1429 619 1479 adsuevi)
654 1429 827 1468 Platonis
866 1428 1154 1467 verecundiam.
1227 1430 1366 1479 Itaque
1405 1429 1516 1467 tectis

185 1496 311 1535 verbis
351 1509 395 1534 ea
433 1496 483 1533 ad
523 1502 560 1533 te
600 1494 749 1544 scripsi,
787 1507 888 1544 quae
926 1493 1179 1544 apertissimis
1217 1502 1337 1544 agunt
1372 1494 1517 1541 Stoici3

185 1563 253 1600 sed
284 1561 337 1598 illi
369 1560 486 1599 etiam
516 1559 684 1610 crepitus
716 1559 825 1597 aiunt
857 1572 983 1608 aeque
1014 1558 1157 1597 liberos
1188 1572 1233 1597 ac
1268 1567 1399 1597 ructus
1432 1573 1516 1598 esse

184 1634 372 1676 oportere.
434 1627 642 1664 Honorem
674 1624 788 1675 igitur
821 1626 868 1662 K.
902 1623 1063 1661 Martiis.
1124 1625 1186 1661 Tu
1219 1637 1280 1662 nie
1310 1624 1447 1673 diliges
1477 1632 1514 1663 et

184 1690 340 1729 valebis

227 1843 387 1878 XXIII
420 1835 425 1838 θ
443 1846 509 1878 Ser.
531 1850 564 1878 in
584 1847 738 1877 Cumano
756 1857 799 1877 m.
821 1848 924 1877 interf.
941 1849 1026 1886 post.
1045 1856 1074 1876 a.
1098 1848 1158 1885 708
1176 1846 1263 1885 (46).

665 1924 838 1955 CICERO
865 1923 1027 1954 PAETO.

239 2003 347 2040 Here
376 2001 464 2040 veni
495 2002 533 2040 in
565 2003 802 2049 Cumanum,
835 2015 917 2039 cras
947 2002 996 2039 ad
1032 2008 1070 2039 te
1102 2001 1289 2043 sortasse:
1320 2002 1388 2039 sed
1418 2014 1509 2039 cum

182 2075 330 2106 certum
371 2067 502 2114 sciam,
540 2068 678 2106 faciani
715 2076 752 2107 te
786 2069 903 2118 paulo
942 2074 1033 2104 ante
1072 2065 1302 2109 ce1·tiore1n;
1345 2065 1415 2104 etsi
1452 2068 1507 2104 M.

182 2132 405 2183 Caeparius,
440 2147 529 2171 curn
566 2133 661 2171 mihi
696 2133 734 2171 in
768 2133 862 2171 silva
896 2132 1107 2171 Gallinaria
1148 2131 1305 2170 obviam
1341 2131 1510 2171 venisset

226 2245 263 2274 13
287 2240 321 2266 et
342 2233 550 2275 Wesenberg:
574 2241 606 2266 at
624 2236 658 2266 D
674 2235 805 2267 Baiter:
829 2237 869 2267 ad
888 2236 965 2267 MH
1130 2234 1214 2268 colei
1234 2235 1399 2266 Lanuvini
1415 2238 1484 2266 vett.
1500 2246 1506 2265 :

181 2278 260 2309 colii
277 2279 404 2310 lanuini
422 2278 510 2310 codd.
614 2290 649 2317 ¹4
675 2279 781 2321 Quid]
801 2279 891 2320 Quin
907 2280 1129 2320 lVIz'iller,forl.
1149 2284 1224 2310 recte
1326 2288 1362 2317 15
1386 2288 1508 2318 suppe-

180 2323 229 2352 dit
244 2321 331 2363 vulg.
347 2334 353 2355 :
380 2323 573 2362 suppendet
591 2322 682 2355 MD:
710 2324 895 2363 suspendet
912 2324 958 2363 H,
981 2322 1066 2354 uude
1081 2323 1250 2363 suppedet
1269 2322 1382 2352 Baiter
1467 2332 1508 2353 22

179 2364 356 2438 Illionorem
375 2365 433 2396 M:
460 2367 568 2397 honor
590 2372 640 2397 est
657 2366 730 2397 HD
870 2367 911 2397 26
937 2367 1031 2398 Here
1049 2367 1106 2397 M:
1141 2367 1211 2397 lieri
1231 2364 1312 2406 1le
1336 2370 1508 2405 utrumqne

199 2419 302 2440 onum
