1791 2796
110 136 180 174 VI.
205 136 264 172 xii
605 137 659 174 M.
692 137 861 175 TVLLI
893 136 1200 176 CICERONIS

232 247 325 298 quia
346 247 508 287 Cimber
531 220 715 296 habebat,
737 250 826 300 plus
847 249 968 288 valuit
996 263 1114 300 quam
1142 263 1212 301 pro
1239 251 1320 289 ullo
1343 249 1420 289 alio
1440 251 1566 290 valere

188 325 212 362 3
232 313 432 364 potuisset.
496 313 684 364 Diploma
714 314 844 353 statim
884 328 964 353 non
996 324 1053 354 est
1088 316 1236 363 datum,
1266 316 1375 366 quod
1404 315 1567 355 mirifica

231 387 289 418 est
310 379 540 430 improbitas
571 379 609 417 in
641 379 891 430 quibusdam,
915 380 982 431 qui
1010 380 1189 419 tulissent
1213 380 1390 420 acerbius
1410 381 1565 420 veniam

231 444 301 484 tibi
323 445 416 492 dari,
441 459 559 495 quern
588 445 641 483 illi
669 447 869 496 appellarit
890 448 899 466 ‘
917 447 1053 484 tubam
1084 446 1175 485 belli
1197 446 1344 493 civilis‚'
1364 448 1566 496 multaque

230 510 283 549 ita
304 510 441 549 dicunt
463 510 573 561 quasi
597 524 676 549 non
697 512 896 561 gaudeant
917 511 956 549 id
987 512 1135 549 bellum
1161 511 1354 550 incidisse.
1415 513 1506 561 Qua
1526 526 1566 551 re
1587 523 1603 554 5

229 575 356 614 visum
377 584 435 614 est
456 576 648 615 occultius
669 577 874 626 agendum
889 590 1019 626 neque
1040 578 1119 615 ullo
1141 578 1261 616 modo
1282 577 1564 628 divulgandum

229 642 280 680 de
301 649 338 680 te
359 641 434 680 iam
458 655 542 680 esse
564 643 807 692 perfeetum3
846 643 915 680 sed
946 641 985 680 id
1014 642 1083 680 erit
1111 642 1300 692 perbrevi,
1321 657 1394 681 nee
1424 642 1565 681 dubito

229 706 324 757 quin
360 708 513 758 legente
552 715 590 746 te
622 709 692 745 has
726 706 872 745 litteras
911 708 1091 746 confecta
1130 707 1206 745 iam
1246 722 1304 746 res
1342 709 1470 746 sutura
1503 708 1561 746 sit.

231 773 357 810 Pansa
378 773 538 823 quidem
562 772 668 819 mihi,
692 771 817 823 gravis
844 772 966 811 homo
996 781 1034 811 et
1063 780 1201 819 certus,
1224 787 1306 812 non
1326 774 1453 812 solum
1475 787 1564 812 con—

229 837 395 876 firmavit
438 851 571 876 verum
616 838 733 876 etiam
782 836 928 888 recepit
973 837 1218 888 perceleriter
1264 852 1305 876 se
1342 839 1562 877 ablaturum
1586 854 1625 876 10

227 902 413 953 diploma.
475 903 576 941 Mihi
599 911 731 941 tamen
758 903 906 954 placuit
932 904 1030 943 haee
1059 904 1110 942 ad
1134 911 1172 942 te
1195 903 1404 954 perscribi3
1431 903 1563 943 minus

226 967 331 1006 enim
355 976 392 1007 te
418 969 573 1007 firmum
601 982 730 1007 sermo
753 969 971 1019 Eppuleiae
995 977 1084 1008 tuae
1114 969 1374 1019 lacrimaeque
1395 968 1563 1020 Ampiae

226 1034 479 1073 declarabant
510 1048 629 1085 quam
655 1034 877 1085 significant
905 1042 994 1073 tuae
1024 1034 1184 1082 litterae,
1206 1042 1325 1084 atque
1352 1033 1440 1073 illae
1466 1034 1564 1073 arbi-

226 1100 437 1147 trabantur,
464 1099 653 1150 quoniam
683 1114 706 1138 a
736 1109 773 1138 te
802 1100 986 1138 abessent
1016 1099 1132 1150 ipsae,
1166 1101 1291 1138 multo
1320 1099 1359 1137 in
1388 1099 1563 1150 graviore

225 1173 262 1203 te
283 1179 375 1204 cura
395 1166 578 1204 futurum.
631 1167 721 1214 Qua
740 1179 780 1204 re
801 1179 946 1215 magno
966 1178 1084 1216 opere
1102 1178 1120 1202 e
1138 1179 1179 1203 re
1198 1164 1329 1215 putavi
1350 1165 1503 1215 angoris
1525 1172 1563 1204 et
1588 1181 1621 1213 ¹5

224 1231 370 1271 doloris
406 1231 460 1269 tui
492 1230 647 1270 levandi
678 1244 796 1270 eausa
825 1244 896 1281 pro
926 1230 1039 1270 certis
1068 1231 1119 1269 ad
1149 1237 1187 1269 te
1216 1244 1275 1279 ea,
1302 1243 1403 1281 quae
1432 1238 1562 1269 essent

224 1305 338 1344 certa,
362 1296 560 1348 perscribi.

178 1377 204 1414 4
278 1362 362 1401 Scis
393 1376 456 1401 me
485 1371 601 1401 antea
631 1362 686 1401 sie
717 1362 875 1401 solitum
906 1375 991 1401 esse
1022 1361 1189 1401 scribere
1219 1363 1269 1400 ad
1295 1370 1345 1410 te,
1371 1361 1492 1412 magis
1520 1370 1562 1401 ut

223 1429 446 1467 consolarer
485 1429 625 1467 sortem
664 1427 789 1466 virum
828 1436 947 1478 atque
989 1427 1206 1478 sapientem
1252 1440 1371 1477 quam
1414 1435 1456 1466 ut
1501 1441 1561 1466 ex-

223 1494 413 1542 ploratam
442 1506 552 1543 spem
578 1492 712 1531 salutis
743 1494 992 1531 ostenderem
1023 1492 1096 1530 nisi
1127 1506 1224 1539 eam,
1249 1506 1367 1543 quam
1397 1493 1448 1531 ab
1477 1492 1561 1543 ipsa
1583 1509 1621 1531 20

223 1571 262 1596 re
289 1572 338 1608 p.‚
362 1571 452 1596 cum
483 1557 546 1596 hic
576 1558 691 1596 ardor
720 1557 927 1597 restinctus
958 1566 1071 1605 esset,
1100 1557 1243 1608 sperari
1268 1566 1446 1608 oportere
1473 1572 1560 1596 cen-

222 1636 358 1661 serem.
420 1624 644 1662 Recordare
666 1631 751 1661 tuas
773 1623 931 1671 litteras,
952 1622 1095 1673 quibus
1117 1630 1153 1661 et
1175 1636 1360 1673 magnum
1381 1623 1558 1662 animum

223 1688 318 1727 mihi
353 1702 508 1739 semper
542 1688 748 1728 ostendisti
784 1696 822 1727 et
855 1689 906 1727 ad
946 1688 1075 1727 omnis
1110 1701 1222 1727 casus
1255 1689 1437 1727 ferendos
1468 1702 1559 1727 con-

221 1761 389 1792 stantem
420 1768 465 1792 ac
495 1761 684 1804 paratum.
746 1754 867 1803 Quod
897 1767 970 1804 ego
1000 1767 1080 1792 non
1112 1752 1291 1800 mirabar,
1316 1766 1404 1791 cum
1436 1767 1569 1807 recor--

221 1820 332 1858 darer
353 1827 390 1859 te
411 1828 448 1858 et
469 1833 490 1858 a
505 1819 638 1870 primis
660 1819 903 1870 temporibus
923 1819 1061 1858 aetatis
1082 1818 1121 1857 in
1142 1833 1181 1857 re
1202 1833 1236 1869 p.
1257 1832 1341 1857 esse
1362 1827 1556 1858 versatum
1580 1837 1615 1868 25

221 1893 258 1923 et
280 1893 367 1924 tuos
390 1885 636 1935 magistratus
659 1885 697 1923 in
721 1885 804 1936 ipsa
825 1884 1257 1940 discriminaincidisse
1279 1884 1412 1923 salutis
1441 1886 1556 1924 fortu-

221 1963 438 2000 narumque
473 1950 745 1989 communium
779 1958 816 1989 et
852 1950 890 1988 in
926 1951 1001 1988 hoc
1034 1949 1162 2001 ipsum
1203 1951 1350 1988 bellum
1383 1964 1468 1990 esse
1503 1951 1556 1989 in-

219 2027 406 2063 gressum,
438 2028 518 2053 non
550 2017 675 2053 solum
709 2023 750 2052 ut
781 2015 903 2054 victor
934 2016 1071 2054 beatus
1102 2016 1171 2053 sed
1202 2015 1318 2053 etiam
1354 2022 1406 2061 ut,
1442 2015 1472 2053 si
1503 2014 1556 2053 ita

177 2097 201 2135 5
219 2078 436 2126 accidisset,
452 2079 577 2117 victus
599 2079 753 2130 sapiens
775 2094 889 2119 esses.
952 2079 1118 2127 Deinde,
1135 2093 1224 2118 cum
1247 2079 1420 2118 studium
1443 2087 1553 2118 tuum

219 2158 428 2183 consumas
464 2144 502 2182 in
535 2144 703 2183 virorum
737 2145 892 2184 sortium
930 2145 1039 2184 sactis
1075 2145 1286 2184 memoriae
1325 2145 1552 2195 prodendis,
1573 2161 1613 2191 30

262 2261 279 2287 4
306 2260 404 2289 quem
426 2249 453 2279 G
472 2249 557 2280 Crat.
580 2249 708 2280 Balla:
741 2259 839 2289 qnam
860 2248 940 2280 MR.
962 2249 1257 2290 quodfirrt'polcst,
1276 2250 1310 2288 ‘s
1330 2248 1414 2279 I'ln'l.
1436 2259 1463 2278 ν.
1485 2259 1550 2289 39;

218 2292 268 2323 De
286 2292 360 2334 Leg.
383 2295 401 2324 i.
418 2304 459 2323 22
555 2303 591 2332 ¹3
615 2298 715 2332 atquc
731 2317 737 2323 .
757 2317 762 2323 .
781 2318 786 2323 .
806 2292 936 2332 putavi]
961 2293 1058 2324 Totus
1075 2294 1161 2324 locus
1179 2292 1358 2322 secundum
1376 2291 1550 2322 Bm'lerum

218 2337 320 2368 datur
421 2348 455 2375 14
483 2338 640 2377 quoniam
663 2337 782 2367 Orcllt':
807 2347 904 2376 quam
925 2337 1012 2367 codd.
1132 2346 1168 2375 ¹5
1193 2347 1258 2376 qua
1277 2347 1312 2366 re
1329 2340 1397 2366 vell.
1418 2347 1424 2366 z
1450 2347 1547 2375 quam

218 2381 304 2411 codd.
399 2393 417 2412 c
435 2392 470 2412 re
489 2380 562 2411 add.
588 2381 801 2411 Gulielmius:
827 2381 953 2412 referre
971 2379 1047 2411 add.
1068 2380 1191 2411 allic'llcr
1299 2391 1341 2411 20
1365 2381 1455 2421 cam)¹
1475 2380 1548 2411 cius

219 2425 336 2456 Lamh.
