1791 2796
565 185 675 221 EPI‘.
709 185 786 221 AD
819 185 1166 222 FAMILIARES
1482 188 1566 225 XV.
1588 188 1662 225 xiv

243 308 352 344 XIV
398 311 467 343 Ser.
490 312 522 342 in
539 312 650 342 castris
666 311 814 342 adAras
825 311 858 341 A
864 311 1017 342 lai-andri
1046 313 1083 351 cf.
1104 324 1134 351 4.
1154 314 1187 351 95
1205 312 1288 343 med.
1309 324 1352 343 m.
1371 313 1437 343 Ost.

758 377 788 398 a·
812 377 866 406 705
886 375 964 407 ¹512·

399 442 443 475 M.
470 442 645 474 CICERO
674 443 765 474 ῙΜΡ.
795 443 828 474 S.
858 443 898 474 D.
928 443 967 474 C.
997 442 1164 475 CASSIO
1193 443 1331 483 PROQ.

112 556 126 572 ι
258 522 314 560 Μ.
339 521 505 560 Fadium
528 522 636 571 quod
659 521 754 559 mihi
782 520 953 560 amicum
982 530 1048 560 tua
1076 521 1426 560 commendatione
1447 522 1529 568 das,
1552 531 1568 557 1

162 599 178 630 5
201 588 353 626 nullum
378 587 417 626 in
446 600 495 626 eo
519 586 621 625 facio
647 594 855 637 quaestum
870 602 880 635 3
922 588 1034 626 multi
1063 587 1168 626 enim
1198 587 1291 625 anni
1324 595 1414 625 sunt
1441 600 1532 625 cum

203 652 267 690 ille
287 652 327 690 in
349 665 437 690 aere
459 665 548 690 meo
570 660 627 690 est
649 660 685 690 et
706 665 729 690 a
750 665 813 690 me
834 651 1006 702 diligitur
1026 661 1184 703 propter
1205 666 1400 691 summam
1421 665 1533 690 suam

202 717 487 755 humanitatem
518 725 556 755 et
576 716 894 763 observantiam3
937 718 1007 755 sed
1037 725 1169 755 tamen
1202 718 1310 767 quod
1337 724 1375 755 te
1404 717 1455 755 ab
1486 729 1535 755 eo

201 781 353 833 egregie
382 781 487 832 diligi
520 781 634 829 sensi,
662 783 786 820 multo
828 781 991 820 amicior
1017 781 1052 820 ei
1080 796 1166 820 sum
1198 784 1332 821 factus.
1394 783 1535 832 Itaque

202 859 443 898 quamquam
474 848 723 897 profecerunt
751 847 901 886 litterae
931 856 1032 894 tuae,
1056 855 1188 886 tamen
1216 847 1418 898 aliquanto
1445 849 1534 898 plus

143 925 182 947 10
200 912 558 951 commendationis
579 913 686 963 apud
707 926 770 951 me
792 912 930 951 habuit
951 913 1105 951 animus
1128 913 1248 963 ipsius
1269 926 1357 963 erga
1379 921 1416 952 te
1437 913 1533 951 mihi

203 985 429 1029 perspectus
451 984 488 1016 et
510 978 701 1028 cognitus.

255 1043 333 1081 Sed
363 1043 413 1081 de
439 1042 563 1081 Fadio
591 1043 780 1082 faciemus
812 1042 988 1082 studiose
1019 1057 1120 1094 quae
1150 1056 1261 1094 rogas
1277 1059 1286 1091 3
1327 1051 1368 1082 tu
1401 1043 1532 1082 multis
1551 1055 1575 1082 2

201 1109 251 1146 de
283 1107 409 1146 causis
442 1109 583 1147 vellem
618 1121 682 1147 me
718 1109 929 1147 convenire
963 1109 1168 1159 potuisses,
1206 1109 1375 1160 primum
1409 1117 1450 1147 ut
1483 1116 1532 1156 te,

202 1187 321 1223 quem
342 1174 419 1211 iam
442 1173 510 1212 diu
526 1173 682 1224 plurimi
705 1173 817 1221 facio,
834 1182 944 1213 tanto
965 1174 1169 1213 intervallo
1185 1175 1370 1223 viderem,
1389 1175 1535 1213 deinde

145 1250 180 1283 15
202 1248 243 1277 ut
277 1239 357 1286 tibi,
391 1241 500 1290 quod
531 1239 605 1278 feci
642 1254 711 1290 per
743 1239 900 1286 litteras,
932 1253 1089 1290 possem
1122 1254 1306 1291 praesens
1340 1240 1532 1290 gratulari,

202 1313 286 1343 tum
313 1312 354 1342 ut
388 1305 532 1354 quibus
561 1306 612 1343 de
640 1305 756 1343 rebus
785 1306 985 1352 vellemus,
1010 1313 1051 1343 tu
1079 1305 1166 1352 tuis,
1200 1319 1272 1356 ego
1301 1305 1409 1352 meis,
1437 1305 1535 1343 inter

203 1384 275 1408 nos
310 1370 704 1417 communicaremus,
742 1377 942 1420 postremo
978 1379 1019 1409 ut
1050 1370 1222 1409 amicitia
1254 1378 1397 1417 nostra,
1433 1384 1535 1420 quae

203 1435 366 1474 summis
398 1435 534 1474 officiis
565 1436 615 1474 ab
647 1444 815 1486 utroque
847 1437 952 1474 culta
980 1444 1038 1474 est
1068 1437 1139 1475 sed
1168 1436 1293 1486 longis
1324 1436 1534 1475 intervallis

203 1510 425 1552 temporum
446 1501 701 1552 interruptam
723 1501 1053 1541 consuetudinem
1075 1502 1223 1549 habuit,
1239 1503 1535 1541 confirmaretur

145 1577 185 1599 20
203 1566 485 1605 vehementius,
547 1568 595 1605 Id
617 1566 805 1617 quoniam
827 1580 908 1605 non
925 1566 1079 1614 accidit,
1096 1576 1250 1606 utemur
1271 1568 1378 1605 bono
1394 1567 1534 1605 littera·
1553 1577 1577 1613 3

204 1645 289 1670 rum
311 1640 349 1670 et
379 1633 518 1671 eadem
547 1634 626 1671 fere
653 1633 836 1671 absentes
866 1646 978 1683 quae,
1012 1632 1043 1670 si
1074 1646 1206 1671 coram
1236 1646 1421 1679 essemus,
1445 1645 1537 1670 con-

204 1710 466 1747 sequeremur.
527 1699 643 1737 Unus
666 1697 814 1736 scilicet
835 1697 957 1736 animi
979 1699 1136 1745 fructus,
1155 1698 1221 1748 qui
1243 1697 1282 1735 in
1304 1705 1341 1735 te
1362 1697 1536 1735 videndo

203 1771 272 1809 est,
294 1762 442 1813 percipi
463 1763 597 1802 litteris
627 1777 706 1801 non
739 1772 879 1813 potest,
903 1765 1000 1801 alter
1026 1762 1296 1814 gratulationis
1318 1770 1375 1801 est
1403 1762 1434 1799 is
1455 1761 1538 1811 qui-

204 1829 296 1865 dem
327 1828 461 1867 exilior
490 1842 609 1879 quam
640 1829 671 1867 si
702 1828 772 1867 tibi
802 1837 840 1867 te
871 1829 1000 1879 ipsum
1034 1828 1189 1866 intuens
1217 1829 1436 1878 gratularer,
1467 1828 1536 1865 sed

147 1903 184 1934 25
205 1900 337 1930 tamen
367 1901 404 1931 ct
432 1892 505 1931 feci
532 1901 647 1932 antea
678 1902 716 1932 et
741 1893 843 1932 facio
873 1907 978 1932 nunc
1010 1893 1161 1943 tibique
1191 1906 1281 1930 cum
1312 1905 1382 1942 pro
1409 1905 1536 1930 rerum

207 1958 476 2006 magnitudine
505 1972 603 2008 quas
629 1958 791 2008 gessisti,
816 1966 898 1996 tum
928 1972 998 2008 pro
1027 1957 1320 2008 opportunitate
1349 1956 1536 2007 temporis

205 2024 384 2071 gratulor,
408 2025 517 2072 quod
545 2031 583 2061 te
611 2024 661 2061 de
688 2023 887 2073 provincia
917 2024 1178 2061 decedentem
1210 2035 1363 2060 summa
1393 2023 1476 2060 laus
1497 2031 1534 2060 et

206 2100 360 2125 summa
379 2087 499 2137 gratia
521 2087 745 2137 provinciae
765 2094 973 2137 prosecuta
994 2096 1062 2125 est.
1123 2089 1158 2125 T
1161 2086 1300 2125 ertium
1331 2095 1388 2124 est
1418 2095 1459 2124 ut
1482 2086 1531 2133 id,
1552 2097 1578 2134 4

208 2152 316 2201 quod
340 2152 390 2189 de
418 2152 559 2189 nostris
588 2153 703 2190 rebus
731 2165 863 2190 coram
895 2152 1300 2189 communicassemus
1326 2151 1426 2189 inter
1450 2165 1532 2197 nos,

150 2229 190 2260 30
208 2216 464 2254 conficiamus
485 2217 593 2267 idem
613 2216 758 2255 litteris.

264 2283 348 2331 Ego
379 2289 595 2320 ceterarum
627 2295 754 2320 rerum
787 2295 904 2320 causa
934 2282 1005 2319 tibi
1038 2283 1208 2320 Romam
1245 2282 1538 2332 properandum

251 2384 270 2411 4
296 2373 435 2404 Fadium
462 2372 579 2404 Orelli:
613 2374 749 2404 Fabium
773 2373 872 2408 codd,
896 2375 1036 2414 itemque
1059 2377 1109 2411 ξε
1241 2376 1262 2404 6
1283 2385 1360 2406 meo
1377 2380 1427 2405 est
1445 2378 1539 2406 vett:

210 2421 316 2447 meost
334 2416 394 2448 M:
427 2426 501 2448 meo
518 2422 585 2448 stet
602 2416 704 2447 FHD
794 2427 810 2457 7
837 2422 870 2448 te
889 2417 941 2449 D:
966 2428 1033 2448 om.
1056 2417 1162 2448 MHF
1261 2429 1282 2458 9
1306 2418 1538 2459 profecerunt]

209 2460 332 2499 aliquid
352 2460 435 2499 prof.
458 2459 647 2501 [Vesenbmg
764 2471 805 2491 22
829 2461 927 2492 animi
949 2460 1064 2492 Orelli:
1091 2462 1148 2492 uni
1167 2460 1225 2491 M:
1251 2472 1316 2492 om.
1338 2460 1441 2492 FHD

253 2525 316 2546 cxc.
339 2525 386 2545 AD
406 2525 487 2547 mxu.
1410 2517 1447 2547 31
