1791 2796
583 143 694 187 EPP.
729 141 806 187 Al)
839 140 1186 189 FAMILIARES
1486 138 1621 190 Vrii

197 261 391 310 quaedam
413 269 624 300 consecuta
648 269 706 300 est
732 269 850 312 atque
879 262 1014 313 opinio
1044 263 1126 302 eius
1158 263 1276 311 modi,
1301 278 1385 303 esse
1406 278 1526 315 quan-

196 326 288 364 dam
312 325 364 364 illi
387 327 524 366 beluae
545 341 634 365 cum
655 341 797 378 genere
819 329 994 367 humano
1015 328 1254 367 societatem.

252 391 327 429 His
349 405 420 441 ego
442 400 571 430 tamen
596 392 736 430 diebus
761 392 862 431 ludis
890 393 1088 441 scaenicis,
1113 408 1162 432 ne
1183 395 1280 432 forte
1301 394 1433 433 videar
1454 394 1523 433 tibi
1543 397 1569 434 4

197 469 276 494 non
298 458 419 496 modo
444 457 580 495 beatus
610 459 679 496 sed
707 457 803 510 liber
823 458 987 497 omnino
1008 458 1136 505 fuisse,
1160 459 1287 510 dirupi
1316 473 1378 498 me
1399 474 1524 511 paene

159 535 175 565 5
197 520 235 558 in
257 521 403 561 iudicio
430 522 531 560 Galli
554 522 706 569 Canini,
730 523 926 562 familiaris
948 523 1010 562 tui.
1074 525 1196 572 Quod
1217 524 1247 563 si
1269 532 1348 563 tam
1370 525 1522 565 facilem

196 588 386 637 populum
412 587 597 626 haberem
623 602 740 638 quarn
767 591 948 639 Aesopus
978 589 1125 636 habuit,
1158 589 1324 628 libenter
1354 604 1416 629 me
1442 591 1524 629 her-

196 653 282 689 cule
320 661 441 691 artem
477 653 697 692 desinerem
733 662 943 704 tecumque
976 663 1014 692 et
1045 668 1135 692 cum
1175 654 1367 693 similibus
1402 655 1523 694 nostri

195 717 374 756 viverem.
436 720 539 756 Nam
572 732 634 757 me
669 733 758 757 cum
790 727 905 758 antea
933 720 1127 767 taedebat,
1160 734 1250 758 cum
1279 729 1316 759 et
1347 729 1453 760 aetas
1486 730 1522 759 et

194 778 358 821 ambitio
389 797 450 822 me
480 785 717 831 hortabatur,
741 793 778 823 et
799 785 941 824 licebat
968 785 1152 836 denique,
1176 800 1293 836 quem
1324 787 1520 833 nolebam,

137 859 175 881 10
195 862 276 886 non
293 849 517 896 defendere,
536 857 618 887 tum
642 864 732 888 vero
754 851 830 889 hoc
853 858 1028 901 tempore
1049 850 1127 889 vita
1147 852 1254 889 nulla
1270 859 1338 890 est.
1382 853 1524 902 Neque

193 913 298 952 enim
331 916 499 953 fructum
534 916 656 953 ullum
687 915 828 954 laboris
861 923 1045 965 exspecto
1075 924 1113 954 et
1147 930 1266 967 cogor
1300 931 1379 955 non
1415 931 1524 955 num-

193 993 311 1030 quam
330 979 509 1018 homines
531 994 610 1018 non
632 980 780 1030 optime
801 982 851 1019 de
873 995 935 1019 me
954 981 1111 1020 meritos
1133 990 1269 1032 rogatu
1291 996 1438 1030 eorum,
1455 983 1521 1033 qui

193 1046 295 1083 bene
320 1044 445 1084 meriti
476 1053 575 1092 sunt,
600 1047 822 1084 defendere.
884 1048 1024 1096 Itaque
1054 1060 1200 1097 quaero
1231 1061 1367 1086 causas
1393 1048 1521 1086 omnis
1543 1055 1567 1092 5

192 1110 405 1160 aliquando
435 1110 592 1150 vivendi
626 1111 812 1150 arbitratu
844 1125 933 1150 rneo
966 1120 1083 1162 teque
1115 1120 1152 1151 et
1187 1112 1300 1151 istam
1331 1113 1521 1151 rationem

138 1186 172 1216 15
194 1175 247 1214 oti
274 1175 329 1213 tui
354 1184 392 1214 et
418 1177 537 1215 laudo
564 1178 818 1215 vehementer
842 1184 879 1214 et
910 1178 1046 1227 probo,
1077 1178 1265 1228 quodque
1292 1192 1364 1217 nos
1393 1180 1522 1217 minus

194 1240 394 1287 intem-isis,
418 1243 494 1280 hoc
524 1243 605 1280 fero
634 1241 768 1280 animo
794 1242 990 1292 aequiore,
1020 1244 1138 1292 quod,
1166 1243 1197 1281 si
1227 1245 1380 1282 Romae
1404 1258 1519 1291 esses,

194 1314 324 1345 tamen
358 1320 485 1357 neque
520 1321 591 1345 nos
621 1308 752 1357 lepore
783 1315 851 1345 tuo
879 1321 1008 1357 neque
1039 1315 1086 1354 te,
1120 1308 1151 1346 si
1185 1308 1251 1358 qui
1284 1317 1341 1347 est
1374 1309 1412 1347 in
1446 1323 1518 1357 me,

195 1385 283 1410 meo
316 1372 385 1409 frui
419 1372 550 1410 liceret
577 1380 735 1422 propter
765 1372 1060 1411 molestissimas
1091 1373 1370 1423 occupationes
1402 1389 1517 1413 meas.

193 1436 350 1485 Quibus
377 1435 407 1474 si
433 1450 495 1474 me
525 1438 696 1475 relaxaro
725 1437 844 1486 (nam,
875 1446 916 1476 ut
946 1439 1061 1488 plane
1091 1440 1301 1485 exsolvam,
1328 1453 1407 1478 non
1436 1454 1521 1490 pos-

135 1518 173 1539 ..³0
194 1501 302 1549 tulo),
328 1509 364 1539 te
392 1501 530 1551 ipsum,
555 1502 622 1552 qui
647 1504 790 1541 multos
817 1517 943 1541 annos
973 1503 1069 1541 nihil
1095 1503 1202 1542 aliud
1230 1505 1517 1551 commentaris,

191 1567 349 1605 docebo
386 1568 561 1616 profecto
600 1567 696 1618 quid
742 1567 790 1606 sit
829 1568 1051 1606 humaniter
1089 1568 1226 1607 vivere.
1297 1571 1360 1608 Tu
1400 1572 1520 1609 modo

191 1632 303 1670 istam
334 1631 642 1671 imbecillitatem
672 1633 906 1671 valetudinis
937 1641 1026 1672 tuae
1056 1641 1231 1672 sustenta
1260 1642 1298 1672 et
1328 1642 1444 1681 tuere,
1479 1643 1519 1672 ut

192 1697 294 1743 facis,
319 1705 360 1751 ut
390 1705 541 1736 nostras
562 1697 671 1736 villas
701 1698 810 1737 obire
837 1706 875 1737 et
902 1712 1058 1737 mecum
1086 1698 1201 1737 simul
1229 1699 1408 1738 lecticula
1429 1714 1519 1738 con-

191 1776 343 1801 cursare
364 1762 499 1812 possis.

133 1838 170 1869 25
246 1829 360 1866 Haec
387 1829 437 1866 ad
464 1836 501 1866 te
526 1828 701 1878 pluribus
734 1829 860 1867 verbis
893 1828 1027 1878 scripsi
1054 1842 1172 1879 quam
1200 1831 1318 1875 soleo,
1350 1844 1429 1867 non
1461 1829 1514 1868 oti
1536 1834 1562 1871 6

190 1892 433 1931 abundantia
457 1894 527 1931 sed
556 1883 699 1932 amoris
722 1883 819 1944 ‘erga
852 1902 899 1941 te,
924 1883 1033 1943 quod
1061 1907 1123 1931 me
1150 1885 1320 1943 quadam
1350 1893 1517 1944 epistula

191 1957 459 2005 subinvitaras,
489 1958 520 1996 si
546 1958 735 1996 memoria
763 1966 884 2005 tenes,
908 1967 949 1996 ut
976 1960 1027 1998 ad
1054 1966 1092 1997 te
1117 1958 1267 2008 aliquid
1296 1957 1378 1996 eius
1409 1958 1517 1997 modi

191 2023 410 2070 scriberem,
448 2037 528 2073 quo
562 2023 691 2062 minus
726 2031 763 2062 te
798 2023 1102 2074 praetermisisse
1136 2025 1250 2062 ludos
1288 2023 1513 2073 paeniteret.

191 2090 311 2137 Quod
336 2088 367 2127 si
393 2090 603 2128 adsecutus
624 2103 722 2136 sum,
744 2091 926 2140 gaudeo,
955 2089 1013 2127 sin
1041 2089 1181 2135 minus,
1204 2090 1280 2127 hoc
1301 2102 1363 2126 me
1384 2096 1515 2127 tamen

131 2170 171 2200 30
190 2156 381 2202 consolor,
406 2156 514 2204 quod
534 2156 698 2204 posthac
719 2156 770 2193 ad
797 2156 911 2194 ludos
932 2154 1064 2193 venies
1094 2168 1246 2204 nosque
1266 2153 1366 2192 vises
1386 2165 1516 2203 neque

189 2218 227 2256 in
249 2219 424 2269 epistulis
446 2220 640 2270 relinques
662 2220 758 2258 meis
779 2234 889 2271 spem
910 2220 1081 2270 aliquam
1102 2218 1372 2258 delectationis
1395 2226 1492 2257 tuae.

232 2333 252 2362 3
277 2323 365 2355 ludis
389 2323 554 2355 scaenicis
578 2323 634 2355 dcl.
660 2323 733 2355 Vict.
881 2334 896 2362 7
922 2330 1025 2354 artem
1050 2323 1117 2353 sss-l.
1141 2321 1339 2362 ll'coenbmg,
1364 2321 1420 2352 vix
1443 2323 1517 2351 recle

189 2367 397 2406 deponerem
415 2368 505 2398 Koclz
639 2369 680 2398 28
704 2368 975 2408 praetermisisse
996 2366 1078 2397 GR:
1104 2367 1220 2396 -misse
1239 2365 1281 2395 M
