1791 2796
574 160 685 197 EPP.
718 160 794 197 AD
826 160 1174 197 FAMILIARES
1487 159 1670 196 X111.iv

265 271 342 309 Sed
382 272 479 309 haec
517 283 618 320 quae
656 283 771 319 supra
809 269 952 320 scripta
991 278 1080 308 sunt
1115 284 1162 309 eo
1201 278 1379 320 spectant
1418 278 1459 307 ut
1499 277 1580 315 te3

211 337 342 375 horter
365 343 403 374 et
427 337 637 383 suadeam3
669 335 816 385 reliqua
846 343 945 382 sunt,
971 349 1070 384 quae
1101 335 1296 385 pertinent
1324 336 1375 373 ad
1405 347 1539 384 rogan-

211 403 318 449 dum,
342 409 384 440 ut
404 415 484 439 non
512 393 638 439 solum
660 408 726 439 tua
752 414 870 439 causa
891 400 959 438 tibi
982 400 1189 438 consilium
1215 414 1278 438 me
1306 401 1398 438 dare
1428 407 1541 449 putes

212 467 281 505 sed
313 466 440 513 etiam,
478 466 585 515 quod
618 465 712 503 mihi
743 478 842 515 opus
873 465 931 512 sit,
963 479 1025 503 me
1049 479 1072 503 a
1099 473 1137 503 te
1167 473 1297 515 petere
1327 472 1364 503 et
1394 478 1538 514 rogare.

175 547 191 578 5
212 531 487 570 Gratissimum
520 530 635 580 igitur
669 529 764 568 mihi
800 530 946 578 feceris,
982 530 1012 568 si
1046 532 1323 569 Volaterranos
1357 529 1542 567 omnibus

212 597 326 636 rebus
364 596 535 647 integros
573 596 861 646 incolumisque
901 609 986 634 esse
1025 595 1202 635 volueris.
1282 597 1430 633 Eorum
1470 608 1542 644 ego

212 662 420 709 domicilia,
448 663 571 709 sedes
598 675 689 708 rem,
717 663 901 709 fortunas,
926 675 1026 712 quae
1054 669 1091 700 et
1122 675 1144 700 a
1170 661 1230 700 dis
1257 659 1542 698 immortalibus

213 736 250 767 et
270 742 293 766 a
312 726 652 777 praestantissimis
680 726 718 764 in
749 737 879 765 nostra
904 740 944 765 re
965 741 1000 777 p.
1025 726 1174 765 civibus
1202 739 1357 764 summo
1385 732 1542 763 senatus

212 793 427 844 populique
459 794 505 831 R.
538 792 668 830 studio
699 800 949 831 conservatae
981 800 1081 839 sunt,
1119 800 1208 830 tuae
1240 791 1341 837 fidei,
1375 789 1542 828 iustitiae

157 876 194 899 10
213 858 459 908 bonitatique
479 858 729 896 commendo.
791 857 828 895 Si
859 871 928 907 pro
955 857 1051 896 meis
1073 856 1243 907 pristinis
1265 856 1406 906 opibus
1428 855 1543 892 facul·
1561 856 1587 893 4

214 932 333 963 tatem
364 922 459 961 mihi
486 936 544 961 res
572 924 648 961 hoc
678 931 854 972 tempore
880 924 989 961 daret
1011 930 1052 960 ut
1074 923 1127 960 ita
1151 922 1363 960 defendere
1387 932 1543 970 possem

190 1002 193 1005 ·
213 986 490 1028 Volaterranos
515 1001 631 1037 quem
654 989 703 1026 ad
726 989 888 1026 modum
918 987 1103 1026 consuevi
1126 987 1222 1025 tueri
1250 999 1370 1032 meos,
1394 986 1544 1023 nullum

215 1053 398 1101 officium,
435 1054 585 1091 nullum
620 1052 792 1103 denique
824 1060 1032 1099 certamen,
1070 1052 1109 1089 in
1142 1065 1221 1102 quo
1253 1051 1325 1089 illis
1360 1051 1546 1100 prodesse

216 1133 384 1170 possem,
424 1118 796 1169 praetermitterem3
844 1119 914 1156 sed
957 1117 1144 1168 quoniam
1192 1118 1298 1167 apud
1344 1124 1381 1154 te
1423 1115 1546 1153 nihilo

160 1203 196 1235 15
218 1184 346 1223 minus
389 1185 465 1222 hoe
503 1192 679 1234 tempore
718 1185 844 1222 valere
888 1197 951 1221 me
996 1184 1155 1221 confido
1199 1195 1316 1231 quam
1359 1179 1545 1218 valuerim

217 1264 371 1301 semper
393 1251 498 1300 apud
526 1249 665 1297 omnis,
694 1263 763 1299 pro
793 1256 925 1287 nostra
952 1261 1106 1286 summa
1133 1245 1423 1285 necessitudine
1452 1244 1548 1295 pari-

217 1330 294 1366 que
323 1315 422 1353 inter
445 1328 516 1354 nos
542 1323 580 1353 et
608 1323 743 1353 mutua
770 1313 1045 1353 benevolentia
1071 1313 1141 1351 abs
1169 1320 1207 1351 te
1233 1319 1326 1361 peto
1347 1318 1387 1348 ut
1415 1310 1468 1348 ita
1497 1311 1548 1348 de

217 1380 481 1419 Volaterranis
496 1393 676 1427 mereare,
694 1387 736 1417 ut
752 1378 973 1418 existiment
990 1392 1079 1417 eum
1097 1377 1207 1428 quasi
1228 1376 1362 1415 divino
1383 1374 1547 1413 consilio

219 1445 280 1484 isti
301 1444 459 1496 negotio
488 1444 754 1495 praepositum
782 1457 876 1491 esse,
900 1444 1007 1494 apud
1035 1457 1153 1493 quem
1175 1455 1298 1481 unum
1319 1454 1390 1479 nos
1412 1453 1547 1479 eorum

161 1526 200 1550 20
219 1510 397 1562 perpetui
418 1511 643 1550 defensores
666 1508 877 1560 plurimum
899 1510 1025 1547 valere
1046 1521 1263 1558 possemus.

263 1664 304 1699 V
439 1667 509 1700 Ser.
532 1668 661 1699 Romae
677 1678 741 1699 non
760 1672 835 1698 (mle
852 1666 935 1697 med.
958 1677 1002 1696 m.
1024 1666 1091 1697 Ocl.
1113 1676 1143 1696 a.
1168 1675 1227 1705 709
1248 1664 1328 1703 (45).

412 1746 587 1777 CICERO
613 1746 648 1776 S.
678 1745 720 1775 D.
749 1744 789 1783 Q.
817 1743 1026 1774 VALERIO
1054 1741 1154 1772 LEG.
1184 1740 1355 1771 PROPR.

276 1826 368 1864 Non
397 1826 560 1864 moleste
587 1826 668 1862 fero
696 1837 782 1861 eam
811 1820 1153 1866 necessitudinem,
1178 1833 1278 1869 quae
1301 1817 1395 1856 mihi
1418 1826 1546 1857 tecum
1567 1828 1585 1855 1

222 1898 290 1937 est,
314 1898 448 1928 notam
469 1903 553 1928 esse
570 1902 688 1939 quam
710 1887 885 1938 plurimis
907 1901 1035 1936 neque
1058 1894 1188 1923 tamen
1210 1885 1262 1922 ob
1284 1897 1369 1922 eam
1392 1897 1549 1921 causam

165 1972 202 2004 25
224 1955 349 2006 (quod
379 1962 419 1992 tu
449 1954 597 2005 optime
632 1953 850 1992 existimare
880 1951 1008 2002 potes)
1043 1959 1079 1988 te
1111 1948 1285 1999 impedio
1312 1962 1391 1998 quo
1423 1947 1551 1986 minus

223 2027 448 2070 susceptum
477 2018 677 2069 negotium
705 2031 775 2068 pro
803 2025 868 2055 tua
894 2018 972 2055 fide
999 2023 1035 2054 et
1065 2013 1265 2065 diligentia
1285 2027 1331 2051 ex
1351 2014 1551 2051 voluntate

225 2085 413 2133 Caesaris,
429 2084 495 2135 qui
510 2084 579 2123 tibi
594 2097 674 2122 rem
697 2096 877 2134 magnam
899 2081 1177 2130 difficilemque
1199 2077 1405 2125 commisit,
1421 2092 1552 2129 gerere

224 2151 359 2202 possis.
420 2152 523 2189 Nam
554 2163 643 2188 cum
675 2148 785 2187 multi
813 2162 836 2186 a
864 2161 925 2186 me
956 2152 1090 2197 petant
1118 2146 1254 2192 multa,
1275 2144 1382 2194 quod
1410 2144 1460 2182 de
1488 2151 1553 2181 tua

225 2231 314 2268 erga
333 2230 396 2255 me
416 2216 616 2257 voluntate
638 2227 717 2252 non
739 2212 932 2260 dubitent,
949 2225 1028 2250 non
1047 2209 1253 2250 committo
1274 2217 1317 2247 ut
1337 2207 1553 2247 ambitione

167 2298 206 2328 30
225 2297 313 2321 mea
333 2281 564 2320 conturbem
586 2278 758 2318 officium
783 2286 905 2316 tuum.

272 2379 285 2399 1
311 2374 347 2399 ut
365 2375 397 2400 et
414 2369 533 2399 horter
547 2367 666 2401 Baiter,
687 2366 725 2405 cf.
745 2369 760 2404 ξ
783 2376 795 2395 1
816 2365 918 2405 :sort.
938 2369 971 2395 ut
990 2370 1021 2395 te
1040 2368 1073 2395 ct
1090 2363 1205 2394 horter
1401 2361 1439 2390 16
1462 2359 1551 2399 apud

225 2413 334 2445 bonos
351 2412 461 2444 omnis
480 2411 582 2443 Orelli
