1791 2796
122 175 239 213 XIII.
261 175 305 211 xl
633 174 687 211 M.
721 174 889 211 TVLLI
922 173 1229 212 CICERONIS

271 299 380 325 meos
402 284 723 336 pernecessarios,
748 292 814 323 tua
834 283 1007 323 amicitia
1027 283 1290 335 dignissimos.
1350 283 1389 323 Si
1411 285 1490 324 ulla
1509 297 1598 324 mea

268 352 376 402 apud
406 358 444 390 te
474 349 769 390 commendatio
798 349 919 389 valuit
948 350 1073 401 (quod
1104 350 1186 389 scio
1213 351 1355 389 multas
1384 349 1597 401 plurimum

268 415 464 466 valuisse),
499 417 597 455 haec
635 423 678 454 ut
711 417 838 455 valcat
877 429 981 466 rogO.
1057 417 1177 464 Quod
1210 415 1240 453 si
1280 429 1347 455 eos
1381 415 1598 455 honorifice

268 481 556 533 liberaliterque
578 480 761 529 tractaris,
784 489 823 520 et
844 480 914 520 tibi
934 480 1174 531 gratissimos
1195 479 1447 532 optimosque
1466 482 1598 520 adule-

267 547 412 588 scentis
433 546 655 587 adiunxeris
677 554 714 586 et
736 546 831 586 mihi
852 546 1114 598 gratissimum
1137 546 1284 586 feceris.
1486 558 1491 562 ·
1617 554 1635 587 5

310 691 415 726 XLI
471 694 542 726 δον.
562 694 691 726 Romae
707 698 781 725 autc
798 705 827 725 a.
850 695 914 733 (196
934 695 1001 734 ¹53*
1021 704 1086 725 uon
1105 693 1206 726 nullis
1223 693 1388 725 mensibus

817 753 893 790 post
906 755 951 790 ep.
970 749 1038 780 .t·l1'1'.

674 827 850 858 CICERO
876 827 1123 859 CVLLEOLO
1149 827 1183 859 S.

231 917 247 944 1
322 907 436 955 Quae
463 905 587 946 fecisti
610 908 652 945 L.
678 906 821 945 Luccei
855 920 982 954 causa,
1006 905 1103 945 scire
1134 913 1171 945 te
1201 906 1317 957 plane
1346 906 1436 944 volo
1466 913 1503 944 te
1530 906 1597 945 ho-

268 970 363 1009 mini
409 971 628 1022 gratissimo
675 972 962 1018 commodasse,
1004 979 1042 1010 et
1084 984 1174 1010 cum
1215 970 1287 1021 ipsi
1327 984 1428 1022 quae
1470 970 1595 1010 fecisti
1618 985 1657 1007 10

267 1045 443 1088 pergrata
481 1044 582 1085 sunt,
617 1044 699 1076 tuin
734 1036 958 1087 Pompeius,
995 1036 1354 1087 quotienscumque
1393 1050 1456 1075 nie
1489 1036 1596 1076 videt

268 1102 392 1152 (videt
431 1110 562 1142 autem
603 1102 747 1153 saepe),
789 1101 929 1152 gratias
969 1101 1039 1140 tibi
1078 1101 1157 1152 agit
1196 1101 1411 1152 singularis.
1475 1103 1596 1141 Addo

267 1168 385 1207 etiam
416 1168 524 1216 illud,
554 1169 663 1219 quod
695 1167 763 1206 tibi
795 1166 1124 1207 iucundissimum
1156 1181 1240 1206 esse
1270 1174 1377 1206 certo
1407 1166 1499 1216 scio,
1532 1181 1595 1206 me

268 1233 395 1285 ipsum
417 1248 463 1273 ex
485 1242 551 1273 tua
577 1247 666 1285 erga
688 1233 903 1272 Lucceium
929 1232 1171 1284 benignitate
1199 1232 1369 1272 maxima
1395 1234 1595 1284 voluptate

223 1311 246 1337 2
266 1299 393 1339 adfici.
455 1301 577 1349 Quod
607 1307 793 1351 superest,
832 1312 1073 1350 quamquam
1103 1297 1200 1336 mihi
1230 1312 1308 1337 non
1340 1306 1398 1337 est
1427 1298 1592 1338 dubium
1618 1313 1654 1344 15

266 1365 372 1415 quin,
403 1379 493 1404 cum
523 1373 639 1404 antea
672 1372 805 1404 nostra
834 1378 960 1411 causa,
994 1378 1100 1403 nunc
1130 1363 1206 1402 iam
1237 1363 1354 1402 etiarn
1385 1368 1474 1403 tuae
1505 1378 1595 1403 con-

265 1431 430 1470 stantiae
450 1431 571 1482 gratia
592 1444 798 1469 mansurus
816 1430 867 1469 sis
889 1430 926 1468 in
950 1431 1088 1469 eadem
1111 1429 1185 1469 ista
1205 1430 1446 1477 liberalitate,
1463 1438 1593 1469 tamen

263 1497 333 1535 abs
355 1504 392 1536 te
413 1498 666 1536 vehementer
687 1496 803 1535 etiam
826 1504 944 1546 atque
966 1495 1083 1535 etiam
1106 1504 1197 1546 peto
1219 1504 1261 1534 ut
1281 1511 1337 1545 ea,
1361 1510 1462 1547 quae
1483 1496 1594 1535 initio

263 1562 480 1610 ostendisti,
504 1562 692 1612 deinceps
715 1561 850 1609 fecisti,
867 1563 917 1601 ad
936 1561 1081 1600 exitum
1104 1561 1234 1613 augeri
1257 1570 1295 1601 et
1316 1562 1505 1601 cumulari
1527 1575 1595 1612 per

264 1635 300 1666 te
321 1627 425 1666 velis.
488 1628 535 1666 Id
557 1635 594 1666 et
616 1626 788 1666 Lucceio
806 1634 843 1666 et
863 1627 1054 1678 Pompeio
1071 1629 1184 1666 valde
1205 1635 1356 1678 gratum
1379 1629 1459 1666 fore
1477 1635 1593 1678 teque
1616 1643 1654 1665 20

262 1694 368 1744 apud
390 1708 457 1732 eos
479 1694 674 1744 praeclare
696 1693 914 1744 positurum
939 1694 1131 1732 confirmo
1153 1701 1190 1732 et
1212 1694 1401 1744 spondeo.

319 1761 379 1798 l)e
401 1774 439 1797 re
461 1773 494 1810 p.
519 1761 649 1810 deque
671 1758 732 1797 his
756 1758 921 1809 negotiis
944 1758 1329 1809 cogitationibusque
1350 1757 1492 1798 nostris
1513 1772 1594 1810 per-

262 1824 489 1875 scripseram
508 1825 557 1863 ad
577 1833 612 1863 te
629 1824 835 1874 diligenter
857 1823 992 1874 paucis
1013 1832 1104 1864 ante
1120 1824 1261 1864 diebus
1283 1838 1427 1876 easque
1448 1824 1592 1864 litteras

262 1891 448 1929 dederam
471 1889 599 1941 pueris
622 1890 706 1928 tuis.
769 1891 876 1928 Vale.

307 2032 435 2066 XLII
482 2036 550 2067 δυ’.
574 2035 702 2066 Romae
718 2040 792 2066 (mle
808 2047 836 2066 (ι.
854 2040 916 2075 (296
947 2039 991 2075 5⁸
1020 2046 1083 2065 1101!
1098 2036 1196 2066 nullis
1210 2035 1375 2066 mensibus
1614 2037 1652 2068 25

824 2096 898 2121 autc
914 2096 960 2131 sp.
978 2091 1032 2122 xli.

460 2167 503 2198 M.
529 2167 704 2198 CICERO
732 2169 765 2198 S.
795 2168 824 2198 Ι)
862 2167 896 2198 Ι..
922 2167 1169 2198 CVLLEOLO
1198 2167 1394 2198 I‘ROCOS.
1429 2192 1432 2194 .

226 2255 240 2280 1
319 2248 359 2284 1„
386 2245 589 2291 Lucceius,
615 2259 724 2284 meus
754 2245 961 2292 familiaris,
985 2247 1106 2284 honio
1136 2245 1312 2284 oninium
1338 2243 1589 2295 gratissimus,

263 2311 442 2349 mirificas
474 2311 541 2349 tibi
574 2312 678 2361 apud
712 2325 774 2350 me
803 2311 943 2361 gratias
971 2311 1058 2361 egit,
1090 2325 1179 2349 cuni
1213 2310 1360 2349 diceret
1391 2308 1523 2347 onmia
1555 2316 1591 2347 te

259 2376 568 2415 cumulatissime
591 2384 627 2415 et
647 2376 916 2415 liberalissime
933 2376 1250 2427 procuratoribus
1271 2375 1350 2414 suis
1371 2373 1586 2425 pollicitum
1611 2382 1652 2414 30

491 2492 531 2521 27
555 2481 748 2522 cx'LLEOLo]
768 2481 897 2512 lucceio
917 2480 995 2511 Ml!
1007 2484 1036 2511 cl
1052 2480 1188 2511 indices:
1214 2479 1321 2511 luccio
1340 2478 1374 2509 D
