1791 2796
526 132 636 168 EPP.
671 132 747 168 AD
780 131 1127 168 FAMILIAREs
1457 131 1485 167 Ι.
1506 129 1550 165 ix

164 245 254 284 dem
277 257 356 283 non
382 243 559 283 desinam
585 250 651 282 tua
678 243 835 282 decreta
862 243 1086 289 defendere,
1110 243 1179 281 sed
1207 241 1310 280 nosti
1332 254 1494 280 consue-

163 310 340 348 tudinem
381 309 612 355 hominum;
656 308 742 354 scis,
777 321 896 358 quam
936 307 1101 358 graviter
1140 307 1287 345 inimici
1328 306 1400 356 ipsi
1441 307 1491 344 illi

164 377 212 423 Q.
236 376 446 413 Scaevolae
468 373 619 412 suerint.
680 373 771 411 Tibi
793 381 924 411 tamen
946 387 1032 410 sum
1054 381 1201 419 auctor,
1221 380 1272 419 ut,
1298 372 1327 410 si
1350 372 1493 422 quibus

163 439 277 477 rebus
299 439 435 489 possis,
459 452 548 477 eum
574 438 643 477 tibi
673 438 851 477 ordinem
879 446 945 476 aut
974 437 1202 476 reconcilies
1232 445 1298 475 aut
1327 436 1489 486 mitiges.

127 518 143 547 5
164 505 211 542 Id
246 503 315 543 etsi
351 503 508 543 difficile
543 511 612 551 est,
644 511 776 542 tamen
816 503 912 541 mihi
944 502 1097 542 videtur
1136 516 1220 541 esse
1261 501 1492 552 prudentiae

162 578 260 609 tuae.

205 734 247 770 X
570 736 639 769 Ser.
660 736 789 767 Romae
804 747 849 768 cx.
871 747 899 768 a.
921 747 978 777 700
996 736 1084 778 (54).

282 815 324 847 M.
353 815 527 846 CICERO
554 815 588 847 S.
616 815 654 846 D.
685 815 718 846 L.
745 815 954 846 VALERIO
982 812 1382 851 IVRISCONSVLTO;

214 907 282 932 cur
308 893 413 931 enim
441 892 512 931 tibi
540 894 616 930 hoc
644 906 724 930 non
752 892 944 942 gratificer
971 892 1116 939 nescio,
1149 890 1374 942 praesertim
1400 903 1489 929 cum

105 975 143 997 10
160 958 220 996 his
250 957 492 1007 temporibus
524 956 695 995 audacia.
723 970 793 1007 pro
826 956 1016 1006 sapientia
1049 956 1161 994 liceat
1195 955 1260 994 uti.
1322 957 1491 994 Lentulo

161 1031 294 1061 nostro
319 1022 378 1073 egi
405 1036 474 1073 per
503 1022 647 1060 litteras
677 1029 745 1060 tuo
775 1021 936 1060 nomine
966 1021 1106 1071 gratias
1136 1021 1352 1070 diligenter.
1413 1021 1490 1059 Sed

160 1096 201 1127 tu
231 1088 347 1126 velim
378 1075 535 1126 desinas
567 1087 642 1125 iam
677 1087 817 1126 nostris
849 1086 983 1125 litteris
1016 1086 1070 1125 uti
1103 1094 1140 1124 et
1173 1099 1245 1124 nos
1276 1085 1490 1135 aliquando

160 1154 301 1192 revisas
323 1160 360 1192 et
381 1153 434 1191 ibi
457 1152 567 1191 malis
594 1166 688 1199 esse,
713 1151 780 1190 ubi
805 1151 938 1201 aliquo
964 1165 1128 1190 numero
1157 1151 1218 1198 sis,
1244 1164 1362 1200 quam
1391 1149 1485 1197 istic,

159 1218 226 1257 ubi
257 1219 362 1256 solus
393 1231 527 1268 sapere
555 1217 720 1256 videare.
783 1218 1047 1267 Quamquam,
1075 1216 1142 1266 qui
1173 1215 1287 1254 istinc
1315 1215 1487 1262 veniunt,

104 1300 140 1330 15
160 1283 299 1334 partim
332 1291 368 1321 te
403 1283 615 1332 superbum
651 1295 736 1320 esse
770 1282 917 1328 dicunt,
953 1282 1060 1331 quod
1101 1280 1196 1318 nihil
1236 1281 1486 1330 respondeas,

160 1349 300 1399 partim
336 1347 679 1394 contumeliosum,
712 1348 819 1397 quod
856 1348 956 1385 male
991 1347 1241 1396 respondeas
1303 1347 1380 1384 Sed
1411 1344 1486 1383 iam

160 1413 276 1463 cupio
309 1421 438 1451 tecum
467 1426 598 1451 coram
632 1411 776 1458 iocari3
819 1425 897 1461 qua
929 1425 967 1450 re
997 1413 1057 1449 fac
1088 1419 1129 1449 ut
1164 1424 1282 1460 quam
1318 1410 1485 1460 primum

159 1478 290 1518 venias
312 1491 440 1528 neque
462 1477 500 1515 in
521 1476 706 1527 Apuliam
728 1484 835 1515 tuam
856 1476 1032 1523 accedas,
1057 1484 1098 1514 ut
1120 1475 1315 1526 possimus
1337 1476 1486 1513 salvum

160 1543 312 1582 venisse
332 1544 526 1595 gaudere3
556 1556 646 1581 nam
668 1541 734 1581 illo
755 1541 786 1580 si
806 1541 968 1588 veneris,
985 1548 1037 1588 tu,
1055 1549 1096 1580 ut
1111 1541 1254 1588 Vlixes,
1271 1553 1486 1591 cognosces

102 1627 142 1649 20
160 1616 316 1647 tuorum
338 1608 547 1647 neminem.

207 1725 243 1753 14
269 1713 367 1744 istinc
385 1711 438 1742 M1'
464 1712 641 1744 Graevius:
674 1712 729 1742 isti
756 1722 843 1742 nunc
869 1711 941 1741 MR
1063 1721 1100 1750 19
1125 1716 1170 1750 tu,
1192 1710 1243 1751 ut]
1262 1710 1295 1740 R
1312 1709 1487 1740 Stsmher:

162 1762 227 1789 tam
247 1756 288 1787 ,M
301 1756 528 1788 Mendelssolzn
548 1758 598 1797 (ὀί.
616 1761 683 1787 tam
702 1756 859 1796 Lynceus
876 1755 919 1786 ix.
940 1765 968 1786 2.
991 1754 1048 1796 2):
1075 1759 1243 1794 tamquam
1264 1752 1317 1784 ΜΓ
1332 1753 1420 1793 vulg.
