1791 2796
153 899 191 921 10

152 1555 192 1578 20

152 2208 193 2238 30

572 183 682 222 EPP.
718 184 792 222 AD
826 183 1171 222 FAMILIARES
1488 183 1597 221 XVI.
1616 181 1662 219 ix

210 297 373 343 Interea,
415 295 480 346 qui
520 294 663 346 cupide
705 295 864 346 profecti
910 303 1009 341 sunt,
1052 295 1161 333 multi
1206 295 1403 345 naufragia
1443 296 1539 333 fece-

208 369 306 399 runt.
368 362 451 399 Nos
483 375 530 399 co
562 361 628 399 die
655 361 781 400 cenati
812 360 1027 409 solvimus3
1056 360 1147 400 inde
1177 369 1308 399 austro
1338 360 1538 399 lenissimo
1557 371 1579 399 2

208 428 317 465 caelo
339 440 476 465 sereno
497 435 613 465 nocte
634 427 697 465 illa
718 434 758 465 et
775 427 838 465 die
860 435 1017 477 postero
1044 426 1083 464 in
1107 426 1260 465 Italiam
1281 427 1331 465 ad
1354 427 1538 476 Hydrun-

209 500 287 530 tem
323 491 532 531 ludibundi
565 492 812 543 pervenimus
847 493 1069 542 eodemque
1104 500 1221 530 vento
1260 491 1446 542 postridie
1481 491 1537 542 (id

209 565 288 596 erat
308 570 340 595 a.
357 558 393 596 d.
411 570 466 595 vu
488 559 536 596 K.
558 558 673 608 Dec.)
695 559 789 596 hora
811 569 873 596 1111
898 556 1149 596 Brundisium
1170 557 1360 605 venimus,
1383 558 1540 596 eodem-

209 636 285 672 que
306 630 482 673 tempore
509 622 624 661 simul
651 622 859 662 nobiscum
887 622 926 661 in
957 621 1147 674 oppidum
1176 621 1322 661 introiit
1343 622 1537 671 Terentia,

209 701 310 738 quae
331 695 367 727 te
389 688 479 727 facit
500 688 663 739 plurimi.

264 755 309 791 A.
345 755 381 792 d.
416 767 439 791 v
476 756 524 793 K.
561 756 655 792 Dec.
691 767 823 792 servus
864 754 936 793 Cn.
980 753 1112 792 Planci
1156 753 1339 792 Brundisi
1379 754 1539 792 tandem

210 819 423 870 aliquando
448 819 544 857 mihi
568 833 591 857 a
614 827 652 858 te
681 819 1034 871 exspectatissimas
1063 820 1207 858 litteras
1235 819 1405 858 reddidit
1430 820 1540 858 datas

212 884 351 923 Idibus
386 886 499 931 Nov„
537 898 637 935 quae
676 899 739 923 me
778 885 957 923 molestia
995 886 1108 923 valde
1146 887 1346 932 levarunt3
1390 884 1539 922 utinam

210 950 373 988 omnino
408 950 659 989 liberassent!
732 951 810 989 Sed
842 959 973 989 tamen
1006 952 1177 1001 Asclapo
1212 950 1389 989 medicus
1423 951 1539 1000 plane

210 1016 414 1054 confirmat
441 1016 671 1066 propediem
701 1024 739 1054 te
769 1017 962 1055 valentem
984 1017 1074 1054 fore.
1136 1017 1254 1054 Nunc
1278 1016 1374 1066 quid
1401 1029 1474 1065 ego
1500 1024 1538 1053 te
1559 1026 1582 1063 3

210 1083 340 1120 horter
360 1089 401 1120 ut
423 1095 581 1119 omnem
603 1080 844 1131 diligentiam
872 1081 1061 1120 adhibeas
1082 1082 1131 1120 ad
1153 1082 1540 1119 convalescendum?

210 1149 338 1185 Tuam
369 1147 630 1197 prudentiam,
664 1147 974 1197 temperantiam,
1009 1160 1183 1185 amorem
1214 1159 1303 1195 erga
1333 1159 1396 1184 me
1426 1146 1516 1184 novi
1532 1160 1541 1192 3

211 1213 292 1251 scio
313 1220 350 1251 te
371 1212 503 1251 omnia
530 1213 721 1250 facturum
750 1221 791 1250 ut
817 1212 1023 1250 nobiscum
1047 1225 1164 1262 quam
1190 1211 1358 1262 primum
1387 1211 1448 1257 sis,
1472 1213 1541 1250 sed

211 1287 343 1317 tamen
374 1278 426 1316 ita
452 1277 579 1324 velim,
612 1285 653 1316 ut
686 1291 734 1316 nc
767 1278 863 1328 quid
900 1290 1093 1328 properes.
1155 1276 1437 1327 Symphoniam
1471 1278 1541 1326 Ly<

210 1344 317 1381 sonis
336 1344 477 1382 vellem
499 1343 670 1389 vstasses,
694 1357 743 1381 ne
773 1343 811 1381 in
840 1351 1017 1394 quartam
1047 1343 1300 1381 hebdomada
1325 1341 1541 1389 incideres;

211 1411 280 1448 sed
310 1408 497 1459 quoniam
522 1408 663 1459 pudori
688 1416 756 1447 tuo
782 1408 951 1447 maluisti
977 1408 1142 1458 obsequi
1173 1421 1291 1458 quam
1312 1406 1536 1453 valetudini,

210 1475 358 1525 reliqua
392 1488 492 1512 cura.
567 1473 687 1513 Curio
720 1473 806 1512 misi
842 1482 882 1512 ut
923 1473 1078 1512 medico
1109 1474 1235 1511 honos
1266 1473 1472 1511 haberetur
1502 1480 1539 1510 et

211 1540 281 1578 tibi
315 1541 424 1578 daret
457 1540 565 1589 quod
600 1552 699 1589 opus
734 1548 862 1586 esset;
902 1553 964 1578 me
996 1539 1059 1577 cui
1091 1538 1264 1577 iussisset
1303 1546 1536 1576 curaturum.

212 1608 338 1644 Ecum
366 1613 404 1643 et
433 1606 583 1642 mulum
614 1604 797 1642 Brundisi
828 1604 899 1642 tibi
927 1604 1074 1654 reliqui.
1147 1605 1300 1642 Romae
1330 1616 1464 1641 vereor
1490 1616 1539 1640 ne

210 1685 256 1709 ex
282 1673 331 1708 K.
357 1671 439 1708 Ian.
464 1669 593 1719 magni
625 1671 814 1707 tumultus
845 1669 931 1707 sint.
993 1670 1077 1707 Nos
1107 1682 1267 1718 agemus
1297 1667 1431 1706 omnia
1460 1680 1540 1705 mo-

209 1736 308 1775 dice.
379 1734 593 1785 Reliquum
623 1742 681 1773 est
712 1742 754 1772 ut
785 1742 822 1773 te
853 1736 928 1773 hoc
958 1747 1091 1784 rogem
1127 1742 1164 1772 et
1195 1747 1216 1771 a
1251 1742 1288 1771 te
1319 1741 1451 1782 petam
1490 1746 1539 1770 ne
1558 1742 1584 1779 4

209 1810 355 1839 temere
382 1800 539 1853 naviges
561 1800 706 1850 (sole-nt
734 1807 876 1838 nautae
899 1799 1080 1838 festinare
1107 1806 1292 1848 quaestus
1313 1797 1372 1836 sui
1393 1797 1537 1847 causa),

176 1881 187 1887 -
210 1874 347 1904 cautus
368 1865 429 1912 sis,
454 1865 506 1903 mi
527 1865 621 1903 Tiro
643 1867 765 1915 (mare
796 1878 981 1915 magnum
1009 1872 1047 1903 et
1072 1863 1233 1902 difficile·
1250 1862 1320 1901 tibi
1341 1863 1486 1913 restat),
1510 1862 1539 1899 si

210 1931 365 1982 poteriS‚
396 1944 485 1969 cum
518 1929 714 1968 Mescinio
747 1933 876 1979 (caute
907 1930 938 1967 is
968 1931 1066 1967 solet
1096 1927 1305 1977 navigare),
1338 1927 1368 1965 si
1399 1927 1538 1973 minus,

210 2011 300 2035 cum
328 1997 495 2035 honesto
523 1995 655 2045 aliquo
686 1995 856 2042 homine,
882 1994 992 2033 cuius
1022 1993 1252 2032 auctoritate
1283 1992 1540 2030 navicularius

210 2070 422 2101 moveatur.
484 2062 531 2098 In
558 2062 635 2099 hoc
663 2073 823 2098 omnem
851 2059 1092 2109 diligentiam
1121 2058 1151 2095 si
1176 2057 1402 2096 adhibueris
1424 2065 1540 2106 teque

211 2127 325 2166 nobis
346 2126 587 2164 incolumem
610 2124 770 2170 steteris,
788 2124 921 2162 omnia
941 2137 963 2161 a
984 2132 1020 2161 te
1042 2124 1209 2161 habebo.
1272 2122 1401 2160 Etiam
1422 2130 1540 2172 atque

211 2192 339 2238 etiam,
382 2199 514 2230 noster
554 2190 659 2237 Tiro,
697 2191 791 2227 vale.
854 2188 1026 2235 Medico,
1064 2188 1195 2235 Curio,
1234 2187 1378 2238 Lysoni
1413 2188 1463 2225 de
1502 2195 1539 2225 te

211 2256 345 2308 scripsi
367 2255 674 2306 diligentissime.
735 2255 842 2299 Vale,
867 2255 981 2292 salve.

257 2370 293 2399 17
319 2359 441 2390 vellem
465 2357 606 2389 Scln'ilz:
648 2357 747 2388 velim
772 2355 860 2388 codd.
1015 2367 1052 2387 21
1080 2366 1175 2387 ecum
1200 2355 1257 2387 M:
1299 2360 1424 2387 metum
1445 2353 1540 2386 DH:

212 2403 378 2434 medicum
399 2403 438 2433 H
463 2402 638 2441 ³371prasc.)
785 2411 826 2439 29
850 2400 985 2431 steteris
1003 2398 1059 2431 M:
1086 2400 1216 2431 stiteris
1237 2398 1312 2431 Vict.
1334 2397 1540 2438 lVesenberg:

212 2447 425 2487 praestiteris
444 2444 551 2475 HDF
677 2454 715 2484 31
743 2443 815 2475 vale
834 2449 867 2474 et
885 2443 975 2474 salve
996 2441 1188 2484 lVsseubmg

256 2512 320 2534 crc.
339 2511 386 2533 AD
404 2511 485 2532 FAM.
1413 2497 1455 2527 32
