1791 2796
127 139 242 177 XIII.
264 151 388 177 xxxv
640 142 695 178 M.
728 142 895 179 TVLLI
928 142 1235 181 CICERONIS

277 252 416 290 Aviani
440 260 596 290 secutus
618 260 686 300 est,
711 254 819 303 quod
845 253 1006 292 homine
1034 255 1143 292 nullo
1170 255 1257 304 plus
1285 261 1342 293 est
1370 268 1462 293 usus
1483 268 1603 306 quam

278 319 420 356 Flacco
453 317 631 366 Avianio,
665 332 764 366 meo,
795 332 913 369 quem
948 320 998 358 ad
1031 320 1195 358 modum
1227 327 1266 359 te
1299 320 1397 359 scire
1427 320 1600 368 arbitror,

277 383 588 423 familiarissimo.
631 385 745 434 Quae
762 398 835 435 ego
855 384 989 424 omnia
1010 385 1175 435 conlegi,
1195 393 1236 424 ut
1258 384 1501 436 intellegeres
1522 400 1602 425 non

232 458 255 485 2
276 451 472 500 vulgarem
501 463 586 489 esse
616 450 1006 490 commendationem
1034 452 1137 490 hanc
1165 464 1304 490 meam.
1366 453 1463 491 Peto
1490 451 1604 502 igitur

274 516 344 553 abs
378 524 416 554 te
446 524 487 554 ut
519 515 705 555 omnibus
739 515 867 563 rebus,
900 517 1010 566 quod
1045 516 1129 554 sine
1161 516 1340 556 molestia
1373 524 1438 555 tua
1477 518 1604 556 facere
1623 529 1640 560 5

275 581 410 631 possis,
430 581 463 620 ei
486 582 718 621 commodes
738 582 966 632 habeasque
987 581 1026 620 in
1048 595 1213 621 numero
1234 590 1390 621 tuorum
1411 582 1604 633 perficias-

274 661 350 697 que
383 654 423 686 ut
452 646 650 698 intellegat
679 648 748 686 has
776 647 921 686 litteras
950 660 1058 686 meas
1088 661 1231 698 magno
1256 647 1328 686 sibi
1357 648 1443 687 usui
1471 648 1599 688 fuisse.

276 713 355 751 Erit
379 713 417 752 id
440 713 535 752 mihi
558 713 745 752 maiorem
768 713 807 751 in
830 714 994 752 modum
1017 720 1180 764 gratum.

316 850 512 885 XXXVI
604 853 672 884 Ser.
693 853 833 891 Romae,
852 858 888 884 11!
904 853 1040 890 videtur,
1058 864 1087 884 (ι.
1112 855 1171 893 708
1189 854 1272 894 (48.

565 931 735 963 CICERO
758 930 924 963 ACILIO
947 930 1253 963 PROCONSVLI
1271 930 1306 963 S.
1623 935 1662 958 10

236 1022 251 1048 1
327 1010 429 1048 Cum
454 1009 657 1048 Demetrio
680 1011 798 1059 Mega
820 1008 915 1047 mihi
937 1016 1133 1047 vetustum
1160 1007 1374 1060 hospitium
1402 1016 1471 1057 est,
1494 1007 1601 1047 farni-

271 1075 413 1113 liaritas
433 1083 565 1113 autem
587 1082 695 1113 tanta
716 1082 863 1125 quanta
883 1088 973 1113 cum
997 1074 1129 1113 Siculo
1150 1075 1270 1112 nullo.
1323 1073 1370 1112 Ei
1393 1075 1600 1113 Dolabella

270 1149 406 1191 rogatu
438 1154 528 1179 meo
557 1140 754 1179 civitatem
785 1153 807 1178 a
836 1142 1003 1180 Caesare
1035 1140 1265 1190 impetravit,
1290 1153 1367 1190 qua
1395 1140 1432 1178 in
1461 1153 1500 1179 re
1527 1152 1600 1190 ego

271 1206 451 1255 interfui3
490 1206 622 1257 itaque
652 1219 757 1244 nunc
789 1208 829 1244 P.
854 1205 1061 1245 Cornelius
1092 1213 1276 1252 vocatur;
1316 1218 1486 1256 cumque
1516 1218 1600 1256 pro-

271 1281 355 1322 pter
393 1273 587 1322 quosdam
628 1271 808 1310 sordidos
848 1271 1040 1319 homines,
1082 1271 1147 1321 qui
1190 1270 1367 1310 Caesaris
1407 1270 1599 1309 beneficia
1622 1286 1658 1320 ¹5

270 1338 507 1394 vendebant,
544 1338 730 1384 tabulam,
768 1336 807 1375 in
848 1350 924 1387 qua
964 1336 1126 1375 nomina
1165 1336 1321 1374 civitate
1361 1337 1596 1374 donatorum

271 1404 391 1442 incisa
412 1411 553 1451 essent,
572 1402 702 1442 revelli
725 1401 909 1450 iussisset,
926 1402 1054 1441 eidem
1078 1402 1306 1440 Dolabellae
1329 1415 1391 1440 me
1412 1401 1598 1440 audiente

270 1471 415 1507 Caesar
435 1468 530 1507 dixit
552 1468 648 1506 nihil
665 1481 750 1506 esse
771 1468 879 1518 quod
901 1469 952 1506 de
971 1469 1088 1518 Mega
1109 1474 1328 1513 vereretur3
1357 1466 1595 1505 beneficium

226 1545 250 1572 2
270 1548 383 1573 suum
407 1534 443 1572 in
466 1547 514 1572 eo
535 1547 702 1572 manere.
764 1535 857 1572 Hoc
884 1541 922 1571 te
949 1532 1046 1571 scire
1072 1532 1188 1580 volui,
1214 1540 1254 1570 ut
1279 1545 1369 1571 eum
1391 1532 1430 1570 in
1452 1531 1595 1571 civium

272 1602 543 1638 Romanorum
571 1612 736 1638 numero
761 1599 936 1651 haberes,
960 1597 1178 1648 ceterisque
1208 1597 1244 1635 in
1275 1598 1390 1636 rebus
1411 1597 1481 1636 tibi
1505 1611 1595 1637 eum
1619 1614 1658 1636 20

268 1666 318 1703 ita
348 1665 600 1713 commendo,
627 1672 669 1703 ut
700 1663 846 1703 maiore
875 1663 1007 1703 studio
1038 1663 1236 1702 neminem
1269 1662 1592 1702 commendarim.

267 1730 541 1769 Gratissimum
569 1730 663 1768 mihi
691 1729 838 1776 feceris,
862 1729 891 1767 si
919 1743 1010 1768 eum
1036 1728 1088 1767 ita
1115 1728 1299 1776 tractaris,
1325 1737 1365 1767 ut
1396 1729 1594 1778 intellegat

268 1810 395 1835 meam
417 1795 806 1835 commendationem
829 1808 972 1845 magno
993 1794 1066 1833 sibi
1089 1802 1322 1834 ornamento
1344 1794 1471 1833 fuisse.

311 1932 531 1968 XXXVII
597 1935 665 1967 Ser.
686 1936 824 1973 Romae,
845 1940 882 1967 u!
897 1935 1030 1970 videtur.
1050 1947 1080 1968 a.
1104 1915 1263 1976 708'stfi2.

556 2010 727 2043 HCERO
750 2011 917 2044 ACILIO
941 2012 1246 2045 PROCONSVLI
1266 2013 1301 2046 S.
1615 2029 1653 2063 ²5

323 2090 524 2141 Hippiam,
551 2090 753 2128 Philoxeni
786 2090 919 2138 filium,
946 2091 1206 2139 Calactinum,
1238 2091 1432 2142 hospitem
1464 2098 1501 2129 et
1531 2103 1595 2129 ne-

265 2156 475 2196 cessarium
517 2168 660 2203 meum,
702 2155 770 2193 tibi
812 2158 1053 2195 commendo
1094 2156 1131 2194 in
1177 2156 1364 2195 maiorem
1416 2157 1591 2194 modum.

266 2223 362 2262 Eius
383 2222 498 2269 bona,
523 2234 640 2271 quern
666 2221 716 2259 ad
744 2223 905 2261 modum
935 2223 984 2261 ad
1015 2236 1077 2260 me
1101 2223 1230 2261 delata
1258 2236 1317 2261 res
1341 2229 1409 2269 est,
1434 2221 1592 2271 publice

265 2287 516 2339 possidentur
541 2287 671 2327 alieno
697 2288 858 2327 nomine
887 2296 1022 2326 contra
1050 2289 1154 2337 leges
1178 2287 1481 2326 Calactinorum.
1544 2286 1591 2324 Id

265 2354 294 2392 si
317 2354 368 2393 ita
395 2360 463 2401 est,
486 2353 605 2393 etiam
632 2353 716 2393 sine
741 2367 827 2394 mea
855 2352 1202 2397 commendatione
1228 2352 1278 2391 ab
1305 2350 1501 2402 aequitate
1525 2357 1592 2389 tua
1613 2365 1653 2396 30

322 2471 343 2499 9
367 2459 482 2491 Huius
492 2463 521 2491 et
532 2460 635 2491 lrium
646 2458 848 2499 sequentium
863 2460 928 2498 epp.
944 2456 1163 2497 inscriptimzes
1178 2455 1331 2487 omittunt
1347 2442 1434 2493 ΜΗ,
1445 2453 1504 2484 da!
1514 2452 1549 2484 D
