1791 2796
114 142 231 180 XIII.
253 153 346 178 xxx
632 143 686 179 M.
720 143 888 180 TVLLI
921 142 1228 181 CICERONIS

224 700 242 726 1

219 1094 244 1120 2

226 1663 243 1690 1

261 267 364 300 eum,
388 253 469 292 sive
488 253 612 292 aderit
633 254 715 292 sive
734 267 816 293 non
837 254 986 293 venerit
1007 254 1046 292 in
1069 254 1252 301 Siciliam,
1275 253 1314 292 in
1332 254 1429 292 meis
1449 254 1597 292 intimis

262 320 511 369 maximeque
532 319 760 358 necessariis
781 319 881 358 scias
901 333 987 358 esse
1008 319 1141 370 itaque
1161 328 1313 366 tracteS,
1336 328 1377 358 ut
1398 320 1597 371 intellegat

262 399 390 425 meam
412 385 485 424 sibi
508 386 900 425 commendationem
923 399 1068 437 magno
1087 386 1319 425 adiumento
1339 387 1467 426 fuisse.

304 527 457 563 XXXI
593 530 662 563 Scr.
683 530 823 572 Romae,
845 535 882 563 u!
897 531 1033 573 videtur,
1054 543 1086 564 a.
1105 534 1167 572 708
1185 532 1270 573 (46).

552 608 728 641 CICERO
753 609 917 640 ACILIO
943 609 1244 640 PROCONSVLI
1270 610 1304 641 S.
1617 620 1635 653 5

315 689 358 727 C.
385 688 531 735 Flavio,
554 689 723 727 honesto
744 696 781 726 et
803 696 942 726 ornato
963 688 1096 738 equite
1118 690 1178 735 R„
1199 696 1286 726 utor
1305 689 1419 727 valde
1439 688 1599 727 familia-

261 752 350 791 riter
364 768 374 800 3
422 753 492 791 suit
531 753 637 791 enim
681 753 815 803 generi
858 753 947 799 mei,
990 754 1035 792 C.
1078 753 1243 800 Pisonis,
1285 754 1597 803 pernecessarius

262 832 405 869 meque
436 818 734 869 diligentissime
768 819 978 857 observant
1005 826 1044 857 et
1065 818 1148 869 ipse
1168 826 1205 857 et
1228 820 1270 857 L.
1295 819 1460 866 Flavius,
1483 820 1598 857 frater

261 884 356 923 eius.
417 885 667 934 Quapropter
696 884 814 923 velim
844 884 1006 923 honoris
1035 884 1113 923 mei
1143 898 1271 931 causa,
1303 883 1447 934 quibus
1481 884 1597 923 rebus

262 951 429 989 honeste
450 958 487 988 et
507 963 578 1000 pro
599 958 666 988 tua
685 949 876 1000 dignitate
892 950 1048 1000 poteris,
1065 963 1184 1000 quarn
1201 949 1597 989 honorificentissime
1622 965 1658 987 10

262 1024 301 1054 et
333 1029 451 1066 quam
479 1015 749 1054 liberalissime
777 1016 821 1054 C.
847 1015 1024 1054 Flavium
1053 1023 1204 1054 tractes.
1266 1016 1314 1054 Id
1335 1015 1430 1053 mihi
1451 1016 1506 1054 sic
1526 1015 1597 1054 erit

262 1089 425 1131 gratum,
463 1089 504 1119 ut
537 1081 681 1130 gratius
719 1094 805 1119 esse
843 1081 941 1118 nihil
980 1081 1113 1131 possit.
1173 1081 1252 1119 Sed
1289 1089 1489 1131 praeterea
1526 1080 1596 1119 tibi

262 1148 429 1186 adfirmo
476 1146 624 1197 <neque
671 1146 712 1184 id
754 1146 972 1185 ambitione
1017 1148 1212 1185 adductus
1251 1147 1353 1185 facio
1395 1148 1464 1185 sed
1506 1160 1596 1185 cum

261 1212 521 1251 familiaritate
567 1220 605 1251 et
647 1212 940 1251 necessitudine
978 1221 1062 1250 tum
1101 1212 1219 1251 etiam
1258 1212 1435 1263 veritate)
1475 1220 1513 1251 te
1551 1227 1598 1252 ex

263 1280 306 1318 C.
331 1278 439 1317 Flavi
460 1278 590 1317 officio
610 1286 648 1317 et
669 1279 918 1317 observantia
945 1287 983 1317 et
1011 1286 1209 1329 praeterea
1239 1279 1450 1328 splendore
1477 1287 1597 1329 atque
1619 1297 1654 1330 15

262 1345 361 1383 inter
382 1357 473 1383 suos
493 1345 614 1395 gratia
635 1357 819 1395 magnam
836 1345 1079 1395 voluptatem
1101 1357 1186 1383 esse
1207 1351 1424 1395 capturum.
1484 1345 1593 1383 Vale.

305 1491 484 1527 XXXII
591 1494 661 1527 Scr.
684 1493 824 1534 Romae,
843 1498 878 1526 ut
894 1494 1030 1533 videtur,
1049 1505 1079 1526 a.
1102 1496 1164 1535 708
1183 1495 1266 1535 (46).

557 1572 732 1603 CICERO
757 1571 918 1603 ACILIO
944 1571 1242 1603 PROCONSVLI
1269 1572 1303 1604 S.

317 1653 365 1690 In
388 1650 604 1689 Halaesina
624 1650 780 1689 civitate
800 1648 888 1689 tam*
902 1652 1007 1688 lauta
1034 1659 1193 1701 tamque
1214 1650 1337 1689 nobili
1362 1650 1597 1689 coniunctis-

262 1717 382 1756 simos
413 1717 542 1756 habeo
569 1725 607 1756 et
639 1717 811 1767 hospitio
841 1725 879 1756 et
908 1716 1168 1756 familiaritate
1201 1711 1254 1755 M.
1285 1725 1323 1756 et
1354 1718 1398 1756 C.
1431 1716 1596 1755 Clodios
1618 1732 1658 1755 20

262 1784 556 1832 Archagathum
578 1791 616 1821 et
642 1783 862 1821 Philonem.
921 1784 999 1821 Sed
1021 1796 1155 1822 vereor
1181 1797 1241 1830 ne,
1265 1783 1357 1833 quia
1383 1782 1596 1832 compluris

263 1849 333 1887 tibi
355 1848 563 1899 praecipue
591 1849 843 1895 commendo,
865 1862 1081 1899 exaequare
1107 1849 1240 1887 videar
1268 1848 1485 1887 ambitione
1506 1862 1597 1898 qua-

264 1916 356 1952 dam
395 1913 763 1953 commendationes
804 1928 934 1959 mea83
991 1914 1231 1966 quamquam
1280 1929 1302 1953 a
1350 1923 1387 1953 te
1435 1915 1595 1965 quidem

222 1995 246 2021 2
265 1981 462 2018 cumulate
484 1980 575 2018 satis
598 1981 639 2018 fit
660 1989 697 2018 et
719 1980 814 2018 mihi
842 1989 880 2019 et
909 1982 1005 2020 meis
1033 1982 1227 2020 omnibus.
1289 1982 1367 2020 Sed
1398 1982 1513 2020 velim
1542 1980 1596 2018 sic

264 2046 472 2093 existimes,
488 2047 589 2085 hanc
607 2047 793 2086 familiam
810 2056 847 2087 et
864 2050 936 2086 hos
958 2048 1052 2087 mihi
1070 2049 1238 2088 maxime
1258 2062 1343 2088 esse
1364 2047 1597 2087 coniunctos
1617 2061 1655 2094 ²5

265 2119 466 2158 vetustate,
490 2113 638 2159 officiis,
661 2115 947 2154 benevolentia.
1009 2118 1140 2165 Quam
1166 2116 1218 2154 ob
1239 2129 1319 2154 rem
1342 2123 1434 2165 peto
1455 2127 1477 2152 a
1498 2121 1535 2153 te
1556 2113 1595 2151 in

266 2177 453 2216 maiorem
487 2181 650 2218 modum
686 2189 727 2218 ut
767 2181 812 2219 iis
846 2182 1032 2220 omnibus
1067 2182 1105 2219 in
1141 2182 1266 2227 rebus,
1304 2188 1495 2231 quantum
1531 2186 1597 2217 tua

266 2244 364 2282 fides
395 2244 643 2295 dignitasque
677 2247 855 2297 patietur,
892 2248 1133 2285 commodes.
1195 2247 1242 2284 Id
1275 2245 1304 2283 si
1344 2244 1490 2290 seceris,
1526 2242 1597 2282 erit

267 2309 362 2347 mihi
383 2311 728 2350 vehementissime
747 2320 909 2362 gratum.

313 2424 352 2454 19
378 2414 561 2447 Halaesina
584 2414 691 2458 Klotz,
715 2416 753 2457 qs.
777 2414 811 2447 C.
837 2413 863 2447 l.
884 2413 923 2448 L.
954 2426 985 2447 x.
1017 2421 1048 2457 p.
1080 2416 1164 2456 768;
1196 2414 1273 2447 urbs
1301 2413 1416 2447 Graece
1437 2413 1597 2446 Ἀλαισαε

269 2457 433 2490 Halesina
456 2459 545 2491 codd.
