1791 2796
107 178 192 214 XV.
214 177 306 214 xvii
625 178 679 214 M.
713 178 880 215 TVLLI
914 178 1221 217 CICERONIS

256 300 496 339 quamquam
519 288 720 338 πρόσωπον
735 289 875 330 πόλεως
895 288 1108 327 amisimus.
1169 290 1378 329 Caesarem
1396 290 1588 341 putabant

257 355 420 392 moleste
456 355 623 392 laturum
664 362 863 393 verentem
905 368 953 393 ne
989 355 1100 392 hasta
1135 354 1368 402 refrixisset;
1410 355 1588 395 Mindius

256 417 500 457 macellarius
529 427 566 457 et
587 419 719 458 Attius
747 419 1027 470 pigmentarius
1055 420 1168 459 valde
1197 421 1424 471 gaudebant
1454 434 1494 459 se
1524 421 1589 459 ad-

211 499 234 536 3
256 484 467 523 versarium
500 485 727 535 perdidisse.
793 488 853 525 De
883 485 1078 537 Hispania
1107 486 1197 525 novi
1229 486 1336 534 nihil,
1360 487 1429 526 sed
1458 501 1589 537 exspe-

255 550 374 588 ctatio
391 551 504 589 valde
522 564 680 601 magna:
708 565 883 590 rumores
905 551 1091 591 tristiores
1113 552 1183 591 sed
1200 552 1411 591 ἀδέσποτοι.
1462 554 1589 590 Pansa
1608 562 1626 595 5

255 624 385 654 noster
415 617 624 665 paludatus
655 631 687 655 a.
720 618 757 656 d.
790 629 834 655 111
870 619 917 655 K.
944 618 1026 655 Ian.
1060 618 1257 667 profectus
1288 625 1359 666 est,
1388 626 1430 656 ut
1461 617 1587 668 quivis

254 681 477 732 intellegere
510 690 652 732 posset,
687 682 726 722 id
757 684 865 733 quod
897 691 937 722 tu
969 697 1093 734 nuper
1122 683 1302 724 dubitare
1337 683 1512 735 coepisti,
1545 685 1587 723 τὸ

254 748 368 785 καλὸν
394 747 438 786 δι’
466 749 555 786 αὑτὸ
585 749 728 799 αἱρετόν
754 762 864 796 esse3
894 762 985 787 nam
1007 750 1115 800 quod
1138 751 1282 788 multos
1304 748 1467 788 miseriis
1488 750 1587 788 leva-

250 813 305 852 vit
325 821 363 852 et
385 815 494 864 quod
515 828 555 853 se
577 814 616 852 in
638 814 698 853 his
721 813 832 853 malis
853 813 1056 853 hominem
1078 814 1268 865 praebuit,
1287 814 1473 854 mirabilis
1494 828 1583 853 eurn

252 879 422 918 virorum
445 880 640 919 bonorum
664 879 941 920 benevolentia
961 888 1170 930 prosecuta
1190 889 1258 920 est.
1608 890 1648 914 10

206 955 230 991 4
307 946 368 983 Tu
409 946 517 996 quod
551 947 683 985 adhue
720 944 903 985 Brundisi
939 953 1112 984 moratus
1147 960 1188 985 es
1231 947 1345 985 valde
1377 946 1503 996 probo
1548 953 1587 984 et

251 1011 407 1060 gaudeo
428 1018 466 1049 et
487 1024 550 1050 rne
576 1012 734 1050 hercule
759 1018 856 1062 puto
887 1019 924 1050 te
954 1010 1150 1061 sapienter
1180 1011 1385 1059 facturum,
1408 1010 1438 1050 si
1467 1011 1586 1050 ἀκενό-

253 1077 414 1117 σπουδος
440 1076 555 1115 fueris
571 1092 580 1124 3
622 1076 736 1115 nobis
764 1075 926 1127 quidem
959 1076 1026 1127 qui
1052 1084 1089 1115 te
1116 1090 1295 1115 amamus
1323 1075 1393 1115 erit
1419 1084 1582 1126 gratum.

254 1144 303 1180 Et
324 1143 468 1181 amabo
490 1150 536 1190 te,
561 1155 652 1180 curn
673 1141 786 1181 dabis
814 1143 979 1193 posthae
999 1141 1149 1193 aliquid
1170 1143 1336 1181 domum
1359 1141 1582 1188 litterarum,

254 1207 329 1246 mei
363 1207 598 1246 memineris.
674 1209 759 1258 Ego
795 1221 1011 1258 numquam
1047 1221 1289 1259 quemquam
1324 1209 1374 1248 ad
1410 1216 1457 1257 te,
1494 1222 1584 1248 curn
1606 1223 1644 1257 15

254 1273 385 1321 sciam,
410 1273 492 1313 sine
521 1273 617 1313 meis
646 1272 781 1312 litteris
810 1273 863 1312 ire
891 1273 1024 1324 patiar.
1086 1275 1194 1313 Vale.

296 1429 455 1465 XVIII
514 1431 583 1464 Ser.
607 1431 736 1463 Romae
751 1432 818 1464 circ.
843 1431 924 1463 med.
949 1442 993 1463 m.
1017 1430 1089 1463 Dcc.
1107 1442 1137 1462 a.
1162 1434 1222 1470 708
1240 1432 1326 1472 (46).

590 1509 633 1541 M.
662 1509 838 1541 CICERO
864 1510 898 1540 S.
932 1509 972 1539 D.
998 1508 1035 1539 C.
1066 1508 1246 1540 CASSIO.

217 1601 231 1628 1
310 1587 481 1638 Longior
501 1587 667 1638 epistula
693 1587 838 1636 fuisset,
863 1586 935 1626 nisi
958 1601 1005 1626 eo
1027 1586 1112 1637 ipso
1134 1596 1310 1638 tempore
1336 1586 1456 1638 petita
1483 1594 1584 1626 esset

252 1669 273 1692 a
296 1668 368 1699 me,
388 1668 477 1692 eum
501 1653 576 1692 iam
599 1653 715 1692 iretur
735 1655 786 1692 ad
808 1662 844 1692 te
861 1668 869 1701 ;
884 1651 886 1653 ’
900 1652 1051 1704 longior
1070 1660 1201 1692 autem
1224 1654 1393 1704 φλύαρον
1411 1652 1582 1703 aliquem
1606 1670 1646 1692 20

253 1719 478 1758 habuisset:
527 1734 617 1758 nam
658 1720 879 1767 σπουδάζειν
917 1718 1001 1758 sine
1043 1718 1218 1769 periculo
1257 1719 1318 1757 vix
1361 1732 1581 1769 possumus.
1620 1746 1626 1753 .

254 1785 427 1824 ‘Ridere
455 1785 592 1835 igitur‚'
633 1785 796 1836 inquies,
836 1786 1117 1836 ‘possumus?’
1195 1786 1287 1824 Non
1329 1798 1391 1823 me
1426 1785 1584 1822 hercule

252 1851 459 1897 facillime3
508 1865 640 1889 verum
683 1859 813 1890 tamen
853 1850 967 1889 aliam
1008 1849 1294 1890 aberrationem
1334 1864 1356 1888 a
1397 1848 1585 1888 molestiis

253 1919 399 1955 nullam
440 1918 643 1955 habemus.
727 1916 828 1956 ‘Ubi
871 1916 1007 1966 igitur,'
1048 1915 1212 1966 inquies,
1257 1914 1527 1966 ‘philosophia
1545 1915 1584 1952 ?'

253 1985 339 2021 'l'ua
355 1982 516 2033 quidem
540 1983 577 2021 in
600 1983 740 2030 eulina,
763 1997 849 2022 mea
864 1985 1028 2022 molesta
1045 1990 1103 2021 est
1121 1997 1127 2022 :
1158 1983 1280 2033 pudet
1297 1981 1400 2021 enim
1419 1979 1584 2028 servire3
1606 1996 1643 2029 25

253 2048 384 2098 itaque
415 2048 515 2087 facio
545 2063 607 2088 me
635 2049 729 2088 alias
757 2063 816 2087 res
846 2063 969 2099 agere,
994 2062 1042 2087 ne
1073 2046 1294 2086 convicium
1322 2045 1496 2085 Platonis
1521 2058 1585 2083 au-

210 2126 234 2153 2
253 2114 369 2153 diam.
433 2115 492 2153 De
518 2114 711 2165 Hispania
743 2113 838 2152 nihil
869 2115 1000 2152 adhue
1030 2112 1134 2160 certi,
1159 2112 1254 2150 nihil
1285 2110 1450 2151 omnino
1480 2109 1581 2149 novi.

294 2229 313 2257 3
332 2218 540 2249 macellarius
556 2218 677 2249 lin-mlv*
693 2218 851 2259 illudm'g:
876 2218 1054 2248 Marcellus
1069 2216 1263 2254 c0d‹l..fi›rl.
1280 2219 1361 2255 wele,
1378 2216 1417 2255 cs.
1431 2213 1579 2255 Apsu'an.
1616 2235 1620 2237 -

251 2263 288 2293 B.
313 2263 346 2293 C.
367 2274 396 2293 ν.
425 2273 482 2293 102
615 2265 636 2292 6
664 2263 730 2292 lan.
749 2273 815 2292 om.
839 2261 1046 2302 chscuch'g:
1074 2261 1117 2291 ita
1136 2261 1184 2290 vel
1202 2260 1271 2290 Ian.
1294 2260 1337 2290 ita
1356 2258 1583 2289 Mendelssolm

251 2318 291 2337 ’.ὀ
308 2312 417 2337 autern
433 2306 681 2337 illrndclssolm:
708 2311 821 2336 autem
847 2306 872 2336 si
892 2305 979 2335 codd.
1002 2317 1007 2335 :
1032 2305 1131 2335 etiam
1158 2307 1226 2334 vett.
1246 2314 1251 2332 :
1277 2308 1387 2334 autem
1405 2302 1433 2333 si
1453 2302 1580 2335 suisset.

251 2351 330 2380 nihil
347 2350 409 2380 nisi
428 2350 550 2380 Mam-r
637 2360 670 2379 ει
694 2349 886 2380 habuissem
902 2348 1020 2379 Lamh.
1095 2358 1134 2386 25
1155 2348 1186 2377 in
1204 2346 1418 2385 culinalsorl.
1438 2345 1584 2375 iucunda

252 2394 423 2423 rumh-mat
449 2394 539 2423 rmld.
564 2405 569 2424 ;
609 2393 640 2423 in
661 2393 828 2432 palaestra
853 2398 905 2423 est
931 2392 1024 2422 Mau.
1045 2403 1050 2421 :
1090 2392 1120 2421 in
1148 2391 1255 2421 oleost
1279 2390 1358 2421 coni.
1382 2389 1513 2419 Baiter:
1550 2389 1582 2418 in

252 2438 346 2467 molis
371 2443 419 2466 ‹·-t
446 2437 556 2467 Sclmll
688 2439 728 2467 20'
754 2437 838 2467 facio
865 2447 929 2466 mm
957 2434 1221 2471 ,κςοΗιί-ιίιιιιιῖιιιιι,ι
1246 2435 1281 2474 (s
1313 2433 1431 2465 catull.
1459 2443 1511 2473 97.
1540 2441 1582 2471 9:

252 2481 346 2511 lavile
366 2481 476 2521 patior
495 2481 575 2511 Boot
