1791 2796
135 860 174 883 10

135 1515 174 1537 20

136 2169 175 2200 30

558 143 669 181 ΕΡΡ.
704 143 780 180 ΑΓ)
812 141 1158 179 FAMILIARES
1471 140 1515 177 V.
1535 138 1564 175 ii

192 257 271 296 cito
292 264 470 296 senatum
492 256 558 294 illo
585 255 649 294 die
677 256 778 293 facta
804 254 1006 293 sortitione
1031 253 1236 304 coegerim,
1261 266 1379 303 quam
1405 253 1528 290 multa

193 323 242 360 de
274 330 311 360 te
342 322 460 360 verba
494 320 665 367 fecerim,
699 333 789 358 cum
825 327 865 357 tu
898 319 981 368 ipse
1016 318 1111 356 mihi
1146 317 1276 356 dixisti
1308 314 1526 356 orationem

193 401 320 425 meam
350 400 429 424 non
460 388 587 424 solum
618 385 657 423 in
686 393 723 423 te
744 383 1001 422 honorificam
1033 384 1103 422 sed
1133 383 1251 421 etiam
1280 383 1318 421 in
1344 384 1526 433 conlegas

192 462 280 491 tuos
307 452 635 491 contumeliosam
666 450 793 489 fuisse.
856 452 940 488 Iam
972 449 1067 487 illud
1099 457 1257 488 senatus
1287 450 1525 492 consultum,
1544 453 1569 490 4

192 519 300 569 quod
330 531 377 556 eo
407 517 471 555 die
501 518 646 555 factum
677 523 744 562 est,
770 529 815 553 ea
844 514 1150 565 praescriptione
1179 521 1250 561 est,
1278 521 1331 561 ut,
1361 514 1456 551 dum
1487 512 1526 551 id

192 583 367 629 exstabit,
402 582 574 620 officium
608 595 739 620 meum
775 580 814 618 in
849 588 886 619 te
919 580 1129 618 obscurum
1163 593 1248 618 esse
1280 592 1360 617 non
1391 578 1524 629 possit.

196 652 337 688 Postea
364 662 455 687 vero
485 662 603 698 quam
634 649 832 697 profectus
863 660 914 693 es,
944 646 1060 685 velim
1091 644 1294 684 recordere
1324 658 1425 695 quae
1455 657 1527 695 ego

193 717 243 754 (le
273 723 310 754 te
340 715 379 752 in
407 722 544 753 senatu
572 713 729 763 egerim,
755 726 856 763 quae
881 711 920 750 in
951 711 1202 750 contionibus
1232 710 1406 757 dixerim,
1431 723 1527 760 quas

192 783 244 820 ad
266 790 302 820 te
324 781 467 819 litteras
490 779 671 818 miserim.
733 779 846 828 Quae
867 792 957 816 cum
979 777 1112 815 omnia
1132 775 1362 826 conlegeris,
1383 783 1425 813 tu
1445 774 1528 826 ipse

193 847 309 886 velim
340 845 502 893 iudices,
523 844 667 883 satisne
688 843 865 882 videatur
894 842 953 880 his
983 841 1169 880 omnibus
1198 841 1314 879 rebus
1345 848 1433 878 tuus
1463 841 1528 878 ad-

193 920 345 960 ventus,
367 925 457 950 cum
479 909 654 961 proxime
677 911 848 947 Romam
869 907 1022 956 venisti,
1043 914 1178 946 mutue
1199 906 1459 957 respondisse.

247 978 369 1027 Quod
401 976 537 1015 scribis
576 976 626 1014 de
668 973 939 1013 ‘reconciliata
971 973 1130 1023 grasia'
1167 979 1311 1019 nostra,
1354 985 1434 1010 non
1473 971 1569 1018 in-5

193 1045 334 1094 tellego
382 1056 450 1081 cur
503 1039 794 1080 reconciliatam
842 1053 927 1078 esse
981 1038 1099 1085 dicas,
1150 1050 1252 1088 quae
1306 1050 1523 1088 numquam

192 1108 447 1147 imminutast.
525 1107 646 1156 Quod
694 1105 829 1144 scribis
878 1118 957 1143 non
1006 1103 1226 1155 oportuisse
1277 1103 1520 1149 ‘Metellum‚
1542 1108 1569 1144 6

193 1176 349 1213 fratrem
381 1182 503 1221 tuum,
545 1173 597 1212 ob
632 1172 782 1211 dictum
813 1186 837 1210 a
867 1185 931 1210 me
969 1169 1212 1221 oppugnari,'
1244 1168 1414 1220 primum
1448 1170 1525 1207 hoc

193 1239 310 1278 velim
350 1239 557 1285 existimes,
598 1237 776 1277 animum
819 1236 915 1275 mihi
954 1236 1072 1274 istum
1117 1243 1228 1274 tuum
1272 1236 1527 1273 vehementer

193 1305 350 1356 probari
377 1313 415 1343 et
438 1305 648 1343 fraternam
674 1304 833 1354 plenam
859 1301 1113 1340 humanitatis
1140 1316 1186 1340 ac
1213 1300 1367 1352 pietatis
1392 1303 1526 1339 volun-

193 1378 313 1409 tatem
332 1385 342 1419 ς
371 1370 526 1417 deinde,
551 1369 583 1408 si
604 1383 681 1420 qua
702 1382 774 1420 ego
796 1369 835 1406 in
856 1382 896 1407 re
917 1368 1021 1407 fratri
1043 1376 1110 1406 tuo
1131 1367 1184 1406 rei
1205 1366 1388 1417 publicae
1409 1380 1527 1405 causa

193 1435 410 1483 restiterim,
441 1442 484 1474 ut
512 1434 610 1473 mihi
638 1434 818 1485 ignoscas
848 1433 945 1485 (tam
975 1432 1080 1472 enim
1111 1446 1196 1471 sum
1227 1432 1376 1470 amicus
1407 1431 1460 1470 rei
1488 1445 1522 1482 p.

194 1515 311 1552 quam
348 1500 415 1552 qui
446 1499 659 1551 maxime);
703 1499 734 1538 si
767 1512 860 1538 vero
893 1512 1021 1538 meam
1057 1499 1222 1537 salutem
1257 1506 1393 1536 contra
1425 1497 1525 1535 illius

193 1566 385 1617 impetum
424 1566 463 1605 in
503 1579 566 1605 me
597 1564 911 1604 crudelissimum
950 1564 1207 1611 defenderim,
1249 1563 1340 1602 satis
1379 1564 1525 1602 habeas

194 1632 291 1670 nihil
312 1645 375 1670 me
395 1631 513 1670 etiarn
534 1639 666 1670 tecum
687 1632 737 1670 de
753 1630 809 1668 tui
830 1630 954 1668 fratris
975 1629 1114 1668 iniuria
1134 1628 1332 1679 conqueri.
1393 1629 1524 1676 Quem

193 1711 267 1748 ego
298 1711 388 1736 cum
419 1696 700 1747 comperissem
735 1710 894 1734 omnem
929 1695 988 1734 sui
1018 1695 1237 1734 tribunatus
1268 1701 1455 1733 conatum
1485 1693 1525 1732 in

195 1776 323 1801 meam
358 1762 570 1813 perniciem
600 1775 734 1813 parare
764 1770 881 1812 atque
912 1761 1101 1807 meditari,
1133 1760 1193 1810 egi
1223 1774 1313 1798 cum
1345 1759 1521 1807 Claudia,

158 1841 314 1873 :uxore
353 1835 436 1874 tua,
470 1835 509 1866 et
546 1840 637 1865 cum
676 1834 802 1865 vestra
839 1840 971 1864 sorore
1011 1825 1156 1872 Mucia,
1197 1824 1307 1863 cuius
1339 1838 1428 1874 erga
1462 1838 1524 1863 me

196 1893 369 1932 studium
389 1907 460 1944 pro
481 1893 554 1932 Cn.
579 1892 742 1942 Pompei
765 1891 1055 1930 necessitudine
1085 1890 1216 1928 multis
1238 1890 1277 1928 in
1307 1890 1423 1928 rebus
1444 1903 1524 1940 per-

194 1972 407 2009 spexeram,
441 1965 484 1996 ut
515 1971 605 1996 eum
639 1957 689 1995 ab
720 1957 783 1995 illa
818 1956 956 1995 iniuria
985 1958 1234 1995 deterrerent.
1294 1955 1416 2006 Atqui
1447 1956 1520 2003 illc,
1542 1964 1564 2002 7

194 2024 303 2074 quod
331 2031 368 2061 te
392 2023 548 2061 audisse
573 2030 679 2060 certo
710 2022 802 2068 scio,
834 2036 888 2070 pr.
922 2024 970 2061 K.
1006 2023 1101 2067 Ian„
1133 2034 1212 2072 qua
1236 2021 1375 2059 iniuria
1406 2034 1523 2059 nemo

194 2102 383 2139 umquam
404 2088 444 2126 in
471 2087 604 2138 aliquo
629 2087 854 2138 magistratu
884 2087 1197 2138 improbissimus
1225 2086 1319 2125 civis
1345 2088 1523 2125 adfectus

195 2161 263 2201 est,
304 2167 350 2191 ea
381 2166 444 2191 me
475 2153 679 2191 consulem
713 2152 868 2198 adfecit,
904 2165 994 2190 curn
1026 2166 1106 2190 rem
1139 2165 1174 2202 p.
1217 2165 1521 2198 conservassem,

195 2226 313 2268 atque
343 2218 556 2256 abeuntem
575 2217 817 2267 ,magistratu
849 2217 1044 2256 contionis
1083 2217 1291 2255 habendae
1330 2224 1523 2267 potestate

238 2326 257 2355 5
282 2317 530 2356 perscriptione
555 2319 628 2348 vett.
764 2326 801 2346 12
827 2316 933 2354 gratia
961 2320 1076 2346 nostra
1106 2316 1236 2346 Baiter:
1264 2321 1379 2346 nostra
1410 2315 1520 2346 codsa:

196 2361 303 2399 gratia
328 2359 555 2390 Mendelssolm
709 2360 751 2389 28
779 2364 870 2390 certo
895 2361 963 2389 scio
990 2358 1074 2390 GR:
1107 2364 1199 2389 certo
1225 2359 1283 2389 M:
1319 2360 1419 2389 credo
1444 2357 1526 2389 P'21v

196 2414 238 2442 29
262 2403 374 2443 aliquo
400 2403 432 2433 R
448 2402 640 2444 Sternkops:
673 2403 785 2433 animo
811 2402 899 2433 MG:
925 2403 1063 2433 minimo
1088 2402 1229 2434 Lauda:
1267 2403 1382 2432 infimo
1406 2402 1523 2440 Orelli3

187 2447 265 2486 sort.
287 2448 351 2478 alio
368 2458 435 2486 quo

1398 2489 1439 2521 g*
