1791 2796
104 142 172 179 lx.
192 142 269 178 xxi
593 143 647 178 M.
681 143 847 179 TVLLI
881 143 1188 182 CICERONIS

270 277 379 312 XXI
448 281 518 311 Ser.
541 284 576 311 ul
593 280 724 314 vt'dclm‘.
744 281 811 312 circ.
834 293 877 312 m.
900 281 1037 312 intercal.
1054 286 1104 322 pr.
1125 293 1155 313 α.
1179 285 1239 321 708
1257 282 1342 324 (46).

684 364 860 396 CICERO
888 365 1040 396 PAETO
1067 365 1101 396 S.

189 457 203 483 1
281 446 354 485 Ain
396 448 586 486 tandem?
634 447 802 486 insanire
843 447 910 486 tibi
952 448 1105 495 videris,
1147 449 1255 499 quod
1294 448 1444 488 imitere
1482 462 1561 489 ver-

225 513 363 551 borum
395 527 588 560 meorum⁷
615 521 657 551 ut
688 513 836 560 scribis,
871 513 1112 552 ‘fulmina’?
1170 515 1274 552 Tum
1305 513 1508 564 insanires,
1529 515 1559 553 si

222 578 412 629 consequi
448 592 528 617 non
564 592 727 629 posses;
772 592 863 617 cum
896 592 988 618 vero
1020 578 1137 618 etiam
1170 578 1318 627 vincas,
1352 593 1415 618 me
1453 579 1559 631 prius
1580 591 1596 622 5

222 643 391 683 inrideas
412 658 530 695 quam
559 652 597 683 te
618 651 784 694 oportet.
846 646 938 693 Qua
958 658 997 683 re
1025 644 1122 683 nihil
1153 644 1223 684 tibi
1251 659 1351 696 opus
1378 653 1436 684 est
1462 645 1559 686 illud

221 723 245 748 a
263 710 428 757 Trabea,
452 711 521 748 sed
543 709 675 760 potius
697 711 913 763 ἀπότευγμα
933 723 1077 748 meum.
1138 712 1286 749 Verum
1308 718 1440 750 tamen
1462 711 1558 761 quid

222 773 291 813 tibi
316 788 389 825 ego
413 775 549 814 videor
579 774 618 813 in
649 775 860 826 epistulis?
893 789 1027 814 nonne
1057 775 1214 826 plebeio
1239 789 1421 815 sermone
1445 789 1558 826 agere

221 847 351 879 tecum
369 842 385 879 ?
413 854 487 879 nec
508 840 613 879 enim
635 854 791 891 semper
811 842 954 881 eodem
983 843 1114 880 modo.
1176 841 1284 891 Quid
1305 841 1410 881 enim
1432 842 1558 881 simile

220 906 340 944 habet
369 905 536 956 epistula
564 914 631 944 aut
662 906 810 945 iudicio
841 915 908 945 aut
938 906 1146 946 contioni?
1180 907 1274 957 quin
1301 907 1383 957 ipsa
1413 907 1558 946 iudicia
1580 922 1618 943 10

219 985 300 1011 non
322 973 494 1010 solemus
521 972 656 1011 onmia
682 980 846 1011 tractare
873 986 955 1012 uno
976 973 1107 1011 modo.
1169 972 1341 1010 Privatas
1362 986 1499 1011 causas
1520 981 1558 1011 ct

219 1051 286 1076 eas
307 1037 435 1076 tenuis
459 1037 610 1088 agimus
640 1037 836 1085 subtilius,
860 1037 999 1088 capitis
1029 1044 1097 1076 aut
1123 1038 1250 1076 famae
1277 1036 1425 1076 scilicet
1449 1051 1558 1077 orna-

221 1102 297 1141 tius
315 1117 324 1150 ς
354 1102 540 1154 epistulas
562 1117 654 1143 vero
675 1103 885 1143 cotidianis
906 1103 1034 1142 verbis
1056 1110 1184 1143 texere
1206 1104 1387 1142 solemus.

178 1182 202 1210 2
275 1170 354 1208 Sed
386 1176 529 1216 tamen,
562 1169 615 1208 mi
642 1171 774 1217 Paete,
804 1168 871 1220 qui
903 1168 973 1208 tibi
1005 1168 1112 1208 venit
1141 1167 1180 1206 in
1214 1176 1387 1207 mentem
1415 1182 1556 1220 negare

221 1233 419 1284 Papirium
437 1248 677 1285 quemquam
696 1248 884 1285 umquam
902 1233 975 1273 nisi
998 1233 1197 1285 plebeium
1220 1233 1370 1272 fuisse?
1399 1235 1555 1272 fuerunt
1580 1249 1614 1281 ¹5

218 1299 323 1338 enim
349 1299 498 1351 patricii
527 1300 724 1339 minorum
750 1300 939 1351 gentium,
963 1313 1131 1350 quorum
1159 1298 1341 1350 princeps
1372 1301 1414 1337 L.
1446 1299 1555 1350 Papi-

217 1365 294 1403 rius
336 1365 587 1416 Mugillanus,
622 1365 689 1416 qui
721 1379 861 1404 censor
900 1379 989 1404 cum
1032 1367 1074 1403 L.
1109 1363 1343 1415 Sempronio
1373 1364 1555 1403 Atratino

218 1429 297 1476 suit,
336 1444 427 1468 cum
461 1438 553 1469 ante
584 1432 723 1469 consul
755 1444 845 1469 cum
879 1431 1021 1469 eodem
1055 1429 1200 1476 fuisset,
1234 1429 1348 1468 annis
1380 1437 1469 1479 post
1506 1432 1551 1467 R.

216 1509 247 1533 c.
280 1507 444 1542 cccxn;
484 1496 553 1534 sed
587 1503 670 1534 tum
707 1494 851 1546 Papisii
891 1494 1143 1534 dicebamini.
1204 1496 1298 1533 Post
1330 1495 1434 1533 hunc
1473 1506 1551 1532 X111

216 1562 372 1599 fuerunt
399 1561 493 1599 sella
517 1560 640 1598 curuli
661 1568 753 1599 ante
784 1562 825 1598 L.
852 1559 1050 1610 Papirium
1073 1561 1272 1606 Crassum,
1294 1558 1359 1609 qui
1382 1558 1551 1609 primum
1574 1576 1613 1598 20

216 1625 394 1676 Papisius
428 1634 486 1665 est
518 1625 647 1665 vocari
686 1625 845 1665 desitus.
880 1654 882 1656 v
922 1627 961 1664 Is
993 1625 1160 1664 dictator
1191 1637 1281 1663 cum
1315 1625 1357 1661 L.
1396 1623 1552 1674 Papirio

215 1693 384 1731 Cursore
420 1691 604 1742 magistro
642 1691 819 1742 equitum
856 1692 981 1730 factus
1016 1698 1074 1729 est
1105 1689 1218 1728 annis
1257 1696 1346 1740 post
1378 1690 1549 1728 Romam

213 1757 415 1796 conditam
437 1769 595 1796 ccccxv
616 1765 654 1796 et
676 1756 937 1808 quadriennio
953 1763 1042 1806 post
1059 1756 1196 1795 consul
1218 1768 1307 1794 cum
1332 1756 1380 1793 K.
1402 1754 1547 1794 Duilio.

215 1825 338 1862 Hunc
370 1831 526 1862 secutus
561 1831 619 1862 est
649 1824 805 1869 Cursor,
839 1824 961 1861 homo
989 1823 1103 1861 valde
1133 1823 1372 1867 honoratus;
1402 1819 1549 1860 deinde

215 1890 256 1926 L.
283 1890 418 1927 Masso
445 1888 675 1937 acdiliciusg
710 1888 802 1927 indc
834 1888 945 1926 multi
978 1889 1197 1942 Massones.
1259 1888 1439 1935 Quorum
1467 1885 1548 1937 qui·
1570 1901 1606 1933 ²5

212 1954 303 1991 dom
327 1961 366 1991 tu
389 1953 567 1992 omnium
590 1953 839 2004 patriciorum
860 1952 1048 2003 imagines
1069 1953 1215 1991 habeas
1237 1953 1337 1990 volo.
1391 1950 1547 1990 Deinde

169 2026 193 2062 3
214 2019 416 2057 Carbones
449 2027 486 2057 ct
508 2019 631 2058 Turdi
660 2019 928 2069 insequuntur.
993 2018 1047 2056 Hi
1069 2018 1212 2068 plebeii
1235 2019 1414 2065 fuerunt:
1446 2031 1546 2067 quos

211 2091 442 2122 contemnas
472 2097 642 2129 censeo:
672 2098 761 2122 nam
791 2091 942 2134 practer
967 2084 1072 2121 hunc
1097 2085 1140 2122 C.
1166 2083 1401 2128 Carbonem,
1426 2096 1543 2132 quem

215 2147 478 2198 Damasippus
518 2148 678 2196 occidit,
709 2148 804 2187 civis
838 2164 859 2187 c
894 2162 933 2187 rc·
968 2163 1002 2198 p.
1042 2149 1269 2187 Carbonum
1307 2161 1425 2185 nemo
1460 2146 1540 2185 fuit.

211 2213 480 2264 Cognovimus
508 2215 580 2253 Cn.
606 2214 831 2253 Carbonem
859 2222 898 2252 et
927 2213 1010 2252 cius
1039 2214 1192 2251 fratrem
1220 2226 1390 2250 scurram
1408 2202 1424 2259 3¹
1445 2211 1542 2261 quid
1563 2226 1603 2256 30

253 2330 272 2357 3
297 2321 304 2335 ‘
320 2317 487 2349 insanire'
505 2341 512 2349 .
533 2341 540 2348 .
561 2341 567 2348 .
590 2319 741 2348 ‘imitere
755 2317 761 2329 '
791 2317 977 2356 l½>se1dw1g
1144 2327 1178 2355 ¹7
1205 2327 1325 2347 censor
1342 2340 1348 2347 .
1370 2340 1376 2346 .
1396 2340 1402 2346 .
1424 2316 1538 2346 consul

210 2362 303 2393 Man.
321 2374 328 2393 :
353 2362 468 2393 consul
490 2386 496 2393 .
517 2386 523 2392 .
543 2386 549 2393 .
571 2372 692 2393 censor
710 2361 795 2392 codd.
935 2371 976 2391 ρο
1002 2360 1152 2399 suerunt]
1173 2361 1333 2390 sederunt
1359 2359 1389 2389 in
1415 2358 1538 2390 llscsen-

207 2405 281 2446 berg
412 2407 540 2445 primus
559 2407 643 2436 (Jml.
781 2415 822 2443 25
849 2404 942 2434 Maso
959 2428 965 2434 .
989 2428 995 2435 .
1013 2427 1020 2434 .
1043 2403 1204 2434 Masoncs
1220 2404 1343 2434 Scln'il:
