1791 2796
86 173 129 207 Υ.
155 170 232 206 xiv
582 170 636 205 M.
669 170 836 212 TVLLI,
870 170 1176 208 CICERONIS

211 281 320 331 quod
354 280 447 319 item
484 294 589 319 nunc
623 281 748 320 miror.
816 282 907 320 Non
944 282 1073 320 liabeo
1103 290 1250 320 certum
1284 296 1384 332 quae
1418 289 1454 321 te
1486 297 1544 322 res

213 346 304 385 hinc
327 346 494 385 maxime
516 347 694 385 retrahat.
755 346 794 385 Si
825 346 1038 386 solitudine
1059 348 1264 394 delectare,
1287 361 1378 386 cum
1400 346 1546 387 scribas

212 420 250 450 et
280 411 429 462 aliquid
464 425 556 462 agas
591 426 738 459 eorum,
774 426 941 463 quorum
983 412 1192 459 consuesti,
1228 413 1383 463 gaudeo
1417 427 1546 464 neque

212 478 460 527 reprehendo
492 486 605 516 tuum
641 477 861 516 consilium.
923 479 1025 516 Nam
1062 477 1158 516 nihil
1194 477 1269 517 isto
1300 486 1429 530 potest
1461 492 1546 518 esse

212 542 425 583 iucundius
457 557 538 583 non
570 544 692 583 modo
719 543 870 582 miseris
901 543 959 582 his
993 543 1236 595 temporibus
1271 552 1308 583 et
1343 544 1542 591 luctuosis,
1566 560 1582 592 5

212 610 281 647 sed
312 609 429 648 etiam
461 609 680 660 tranquillis
705 617 743 648 et
771 609 924 661 optatis,
947 609 1173 661 praesertim
1196 612 1255 649 vel
1279 610 1414 650 animo
1443 612 1546 650 dese-

213 675 333 725 tigato
355 683 434 722 tuo,
451 675 517 726 qui
535 689 641 714 nunc
663 675 838 726 requiem
860 684 1021 726 quaerat
1042 691 1087 714 ex
1110 675 1260 727 magnis
1281 675 1546 727 occupationi-

213 741 296 787 bus,
331 742 391 779 vel
425 741 590 788 erudito,
622 741 688 792 qui
721 755 876 792 semper
909 741 1058 792 aliquid
1091 756 1137 781 ex
1169 756 1209 781 se
1233 749 1402 793 promat,
1436 743 1543 793 quod

168 817 192 845 2
212 806 310 845 alios
340 808 519 853 delectet,
554 807 682 858 ipsum
714 807 897 846 laudibus
925 807 1112 846 inlustret.
1175 807 1241 846 Sin
1272 815 1415 854 autem,
1444 807 1543 846 sicut

213 872 305 911 hinc
335 872 580 920 discesseras,
613 873 781 912 lacrimis
815 887 861 912 ac
895 873 1070 912 tristitiae
1103 881 1139 911 te
1175 872 1377 920 tradidisti,
1411 874 1538 920 doleo,
1566 886 1604 909 10

212 938 304 988 quia
331 939 442 978 doles
463 947 501 978 et
521 952 672 990 angere,
698 953 778 978 non
803 952 964 990 possum
987 947 1024 978 te
1045 953 1136 986 non,
1161 938 1190 977 si
1213 938 1409 986 concedis,
1434 940 1542 990 quod

161 1055 165 1061 ⁸
212 1004 412 1052 sentimus,
452 1013 493 1043 ut
525 1004 683 1044 liberius
715 1004 903 1051 dicamus,
938 1018 1130 1043 accusare.
1193 1003 1300 1054 Quid
1330 1003 1469 1042 enim?
1503 1011 1543 1042 tu

213 1072 319 1109 solus
348 1079 481 1122 aperta
506 1085 587 1110 non
608 1069 771 1117 videbis,
796 1070 862 1121 qui
892 1078 1052 1121 propter
1081 1084 1248 1109 acumen
1280 1069 1545 1109 occultissima

212 1132 429 1186 perspicis?
477 1144 516 1174 tu
556 1150 637 1175 non
676 1135 877 1186 intelleges
917 1143 954 1174 te
993 1135 1160 1186 querelis
1199 1134 1408 1174 cotidianis
1447 1135 1542 1173 nihil

213 1203 436 1251 proficere?
485 1216 565 1241 non
613 1201 815 1253 intelleges
863 1201 1051 1253 duplicari
1101 1201 1394 1247 sollicitudines
1446 1215 1543 1252 quas
1565 1214 1602 1247 15

168 1275 192 1312 3
212 1269 363 1307 elevare
389 1276 455 1306 tua
483 1276 519 1307 te
547 1268 755 1319 prudentia
779 1269 984 1319 postulat?
1033 1269 1152 1317 Quod
1181 1267 1210 1306 si
1239 1281 1319 1307 non
1348 1267 1543 1319 possimus

211 1333 360 1384 aliquid
390 1336 578 1385 proficere
609 1335 824 1381 suadendo,
854 1334 974 1385 gratia
998 1334 1276 1373 contendimus
1297 1342 1335 1372 et
1356 1335 1541 1385 rogando,

212 1400 241 1437 si
271 1399 367 1450 quid
404 1407 535 1439 nostra
564 1414 682 1438 causa
713 1399 779 1446 vis,
808 1406 850 1437 ut
884 1399 965 1438 istis
1001 1407 1037 1438 te
1073 1398 1260 1438 molestiis
1292 1400 1396 1438 laxes
1427 1406 1465 1438 et
1493 1400 1543 1438 ad

212 1464 436 1504 convictum
484 1473 661 1504 nostruin
700 1466 836 1503 redeas
875 1470 987 1513 atque
1024 1465 1074 1503 ad
1115 1463 1443 1503 consuetudinem
1483 1464 1542 1502 vel

214 1538 384 1568 nostram
417 1544 670 1569 communem
701 1531 760 1568 vel
789 1537 895 1567 tuam
924 1529 1043 1568 solius
1071 1544 1116 1568 ac
1143 1529 1350 1580 propriam.
1413 1528 1542 1579 Cupio
1564 1546 1603 1568 20

213 1609 291 1634 non
331 1596 551 1634 obtundere
587 1604 634 1642 te,
672 1595 701 1633 si
738 1609 817 1634 non
852 1596 1046 1634 delectare
1082 1603 1214 1633 nostro
1247 1594 1388 1640 studio,
1426 1593 1543 1644 cupio

211 1662 405 1700 deterrere
435 1676 483 1700 ne
514 1676 743 1713 permaneas
774 1661 811 1698 in
844 1653 1011 1712 incepto.
1080 1663 1197 1699 Nunc
1228 1662 1329 1699 duae
1360 1675 1418 1699 res
1449 1659 1544 1698 istae

210 1726 425 1765 contrariae
448 1741 509 1765 me
526 1728 773 1774 conturbant,
793 1741 838 1765 ex
855 1726 998 1777 quibus
1015 1734 1081 1765 aut
1102 1726 1140 1764 in
1161 1728 1281 1765 altera
1303 1725 1395 1764 mihi
1415 1725 1541 1772 velim,

211 1792 240 1830 si
263 1801 384 1844 potes,
409 1794 659 1844 obtemperes
679 1802 745 1832 aut
768 1793 805 1831 in
827 1794 947 1831 altera
969 1807 1049 1832 non
1072 1793 1259 1832 offendas.
1319 1793 1356 1829 V
1358 1793 1427 1830 ale.

253 1927 337 1962 XV
417 1931 485 1963 Ser.
502 1931 649 1963 Asturae
661 1932 774 1973 paucis
790 1931 901 1963 dicbus
913 1935 987 1972 pos!
1001 1937 1045 1972 ep.
1060 1932 1116 1962 'siz'
1133 1924 1238 1971 11.*71›r)
1252 1931 1331 1971 (45).
1565 1946 1602 1978 25

475 2004 516 2034 M.
545 2004 723 2035 CICERO
750 2006 782 2035 5.
816 2004 852 2034 Ι).
884 2004 918 2035 L.
950 2004 1147 2034 LVCCEIO
1173 2004 1213 2042 Q.
1245 2003 1278 2034 F.

178 2089 193 2114 1
267 2075 408 2113 Omnis
440 2089 549 2113 :lnior
582 2085 670 2113 tuus
706 2091 749 2114 ex
791 2075 975 2113 omnibus
1016 2075 1189 2125 partibus
1222 2091 1262 2113 se
1297 2075 1468 2113 ostendit
1504 2074 1540 2112 in

213 2141 256 2178 iis
296 2140 441 2187 litteris,
483 2155 578 2190 quas
619 2156 641 2178 a
681 2150 716 2179 te
761 2141 935 2190 proxime
965 2141 1109 2191 accepi,
1152 2154 1231 2179 non
1274 2140 1336 2178 ille
1381 2140 1539 2190 quidem

211 2205 302 2244 mihi
328 2205 492 2255 ignotus,
517 2207 585 2244 sed
612 2214 742 2244 tamen
770 2214 900 2255 gratus
925 2214 961 2244 et
987 2213 1145 2255 optatus
1174 2205 1360 2255 (dicerem
1389 2202 1541 2243 ‘iucun-

209 2273 306 2317 dusf
335 2271 404 2309 nisi
439 2271 475 2309 id
509 2272 668 2309 verbum
697 2271 733 2308 in
763 2285 880 2309 omne
910 2279 1063 2321 tempus
1092 2270 1378 2320 perdidissem),
1412 2284 1539 2320 neque
1561 2280 1600 2311 30

259 2376 264 2394 ι
298 2366 383 2396 idem
407 2365 592 2403 Iliun-ubstg
727 2377 747 2403 9
773 2370 803 2395 lc
831 2365 936 2403 ipsum
959 2365 1045 2394 (ml.
1166 2375 1204 2396 10
1230 2364 1308 2395 hinc
1332 2364 1541 2395 discesseras

210 2410 263 2439 N:
290 2410 367 2439 him:
385 2409 478 2440 dicas
496 2420 589 2439 seras
608 2408 667 2438 M:
693 2408 822 2439 indicas
843 2408 924 2438 (ilx'z
944 2409 1023 2447 sort.
1048 2409 1184 2442 indicas,
1206 2418 1302 2438 serus
1408 2418 1439 2437 ιι
1471 2418 1537 2438 non

209 2463 344 2491 possum
365 2452 452 2483 redd.
471 2465 476 2482 2
504 2464 564 2483 nec
584 2464 612 2492 p.
641 2453 830 2492 ll'cscnbmg
946 2454 983 2482 16
1008 2453 1178 2491 possimus
1197 2451 1287 2483 MR:
1314 2461 1494 2491 possumus
1511 2452 1539 2483 G

213 2507 250 2535 ¹9
274 2501 373 2536 atque
392 2497 465 2527 add.
492 2495 682 2537 chsculactg
814 2506 854 2526 22
883 2496 980 2526 Nune
1000 2496 1247 2536 Mna-0·111·-L‹1g.
1265 2507 1271 2527 :
1300 2506 1371 2526 cum
1391 2494 1477 2526 codd.
