1791 2796
565 145 676 183 EPP.
710 145 787 182 AD
819 145 1167 183 FAMILIARES
1432 144 1550 182 XIII.
1570 143 1680 180 xxix

241 278 395 315 XXIX
519 281 586 315 Scr.
608 281 737 314 Romae
751 282 861 314 velex.
882 293 913 314 a.
935 290 994 322 7'07
1013 284 1082 324 (47)
1101 283 1151 314 vel
1165 282 1209 315 1’n.

752 348 783 369 a.
805 339 866 378 708
885 338 968 378 (46).

566 419 610 451 M.
637 419 813 451 CICERO
840 420 875 452 L.
906 420 1092 451 PLANCO
1119 420 1152 452 S.

250 507 343 543 Non
368 504 508 544 dubito
533 504 629 555 quin
656 504 755 543 scias
783 504 821 542 in
850 505 894 543 iis
923 505 1160 552 necessariis,
1184 505 1251 556 qui
1275 504 1346 544 tibi
1373 519 1395 544 a
1422 515 1529 557 patre
1549 516 1566 542 1

159 579 176 611 5
195 570 317 610 relicti
342 578 442 617 sunt,
467 583 529 608 me
557 569 627 608 tibi
652 584 736 608 esse
758 571 816 608 vel
845 570 1211 609 coniunctissimum
1240 584 1319 609 non
1342 571 1386 610 iis
1408 573 1529 611 modo

195 635 333 683 causis,
364 648 465 685 quae
495 634 667 685 speciem
695 635 843 673 babent
872 649 1035 685 magnae
1063 636 1364 684 coniunctionis,
1389 639 1458 676 sed
1483 637 1528 676 iis

196 701 324 748 etiam,
357 714 458 751 quae
492 700 751 738 familiaritate
785 709 823 739 et
857 701 1145 740 consuetudine
1180 710 1371 750 tenentur,
1409 717 1528 753 quam

196 767 271 805 scis
302 766 397 804 mihi
428 765 752 804 iucundissimam
780 780 870 804 cum
899 775 1006 817 patre
1028 775 1096 805 tuo
1117 776 1154 806 et
1176 781 1371 806 summam
1397 769 1525 808 fuisse.

195 833 260 870 Ab
290 832 349 870 his
380 832 497 870 initiis
528 839 660 870 noster
689 831 727 869 in
758 839 796 870 te
824 845 934 870 amor
964 834 1160 882 profectus
1189 833 1296 871 auxit
1326 842 1527 884 paternam

137 909 178 934 10
196 897 539 943 necessitudinem,
563 904 601 935 et
628 910 676 936 eo
703 897 836 947 magis,
860 899 968 947 quod
996 898 1177 945 intellexi,
1202 906 1243 936 ut
1264 899 1433 949 primum
1461 915 1529 951 per

194 971 363 1002 aetatem
403 962 592 1001 iudicium
633 964 759 1001 facere
793 962 966 1013 potueris
1005 963 1140 1013 quanti
1176 963 1343 1014 quisque
1379 965 1449 1004 tibi
1478 967 1529 1004 fa—

194 1029 358 1067 ciendus
389 1035 500 1075 esset,
537 1042 599 1066 me
628 1042 650 1066 a
680 1036 717 1067 te
747 1028 787 1066 in
817 1027 950 1078 primis
985 1036 1170 1078 coeptum
1203 1043 1288 1068 esse
1317 1031 1525 1079 observari,

194 1094 281 1141 coli,
300 1093 418 1144 diligi.
479 1095 708 1133 Accedebat
729 1108 809 1132 non
832 1094 1030 1133 mediocre
1047 1094 1247 1133 vinculum
1270 1110 1359 1134 cum
1382 1097 1529 1136 studio-

195 1173 291 1207 rum,
325 1160 433 1209 quod
462 1158 589 1209 ipsum
621 1167 677 1198 est
708 1173 776 1209 per
805 1173 846 1197 se
875 1172 1000 1209 grave,
1032 1168 1113 1198 tum
1138 1174 1276 1200 eorum
1307 1162 1526 1200 studiorum

137 1237 174 1268 15
195 1238 408 1275 earumque
450 1224 602 1272 artium,
640 1238 741 1275 quae
780 1239 848 1275 per
887 1238 927 1263 se
967 1225 1073 1276 ipsae
1113 1239 1180 1264 eos
1219 1227 1287 1276 qui
1325 1229 1526 1267 voluntate

194 1292 333 1330 eadem
356 1297 446 1328 sunt
467 1290 584 1329 etiam
606 1290 864 1329 familiaritate
886 1290 1124 1329 devinciunt.

249 1359 485 1407 Exspectare
514 1364 551 1394 te
580 1355 745 1394 arbitror
769 1357 866 1394 haec
894 1363 973 1394 tam
1002 1358 1117 1407 longe
1145 1358 1307 1408 repetita
1335 1358 1525 1410 principia
1544 1372 1567 1399 2

193 1435 273 1473 quo
307 1429 495 1472 spectent.
567 1422 616 1459 Id
647 1420 816 1471 primum
849 1435 940 1472 ergo
975 1422 1130 1470 habeto,
1163 1436 1243 1462 non
1274 1423 1357 1463 sine
1385 1438 1525 1475 magna

194 1488 372 1538 iustaque
394 1501 512 1525 causa
533 1488 635 1525 hanc
655 1500 677 1524 a
698 1500 761 1525 me
782 1488 1201 1527 commemorationem
1223 1503 1308 1528 esse
1329 1491 1483 1529 factam.

136 1563 176 1586 ²0
249 1554 292 1593 C.
323 1553 440 1592 Ateio
471 1552 665 1602 Capitone
692 1560 780 1591 utor
806 1552 1114 1592 familiarissime.
1175 1556 1305 1593 Notae
1335 1555 1405 1594 tibi
1435 1564 1526 1595 sunt

193 1619 395 1657 varietates
417 1632 594 1657 meorum
617 1625 849 1669 temporum.
912 1620 958 1656 In
979 1619 1088 1657 omni
1108 1632 1249 1670 genere
1270 1629 1308 1659 et
1329 1622 1524 1660 honorum

193 1692 231 1722 et
270 1685 448 1723 laborum
484 1698 662 1722 meorum
695 1692 733 1723 et
760 1684 916 1722 animus
951 1692 989 1722 et
1023 1698 1141 1734 opera
1171 1693 1209 1723 et
1238 1686 1448 1724 auctoritas
1488 1696 1525 1726 et

192 1749 322 1800 gratia,
346 1750 462 1788 etiam
484 1764 542 1788 res
564 1749 760 1787 familiaris
783 1750 826 1789 C.
852 1749 1056 1799 Capitonis
1073 1758 1228 1800 praesto
1248 1750 1318 1788 fuit
1339 1759 1377 1789 et
1397 1753 1524 1802 paruit

193 1823 230 1853 et
262 1815 504 1865 temporibus
536 1823 574 1853 et
608 1817 787 1853 fortunae
823 1828 943 1853 meae.
1007 1815 1137 1853 Huius
1172 1815 1416 1866 propinquus
1451 1818 1565 1867 fuit3

136 1891 173 1921 25
194 1882 239 1918 T.
263 1882 465 1920 Antistius.
526 1882 606 1931 Qui
641 1896 731 1920 cum
763 1890 866 1921 sorte
898 1890 1081 1932 quaestor
1114 1883 1393 1921 Macedoniam
1425 1884 1523 1923 obti-

194 1954 301 1985 neret
326 1960 454 1996 neque
485 1947 517 1985 ei
550 1962 775 1986 successum
807 1956 918 1994 esset,
948 1947 1160 1998 Pompeius
1189 1948 1227 1985 in
1255 1962 1341 1986 eam
1373 1949 1524 1999 provin-

193 2011 293 2049 ciam
329 2026 418 2049 cum
451 2013 620 2051 exercitu
653 2014 767 2052 venit.
841 2015 984 2052 Facere
1021 2013 1211 2051 Antistius
1243 2013 1339 2051 nibil
1372 2014 1523 2064 potuit;

194 2091 284 2114 nam
315 2077 345 2114 si
376 2077 576 2127 potuisset,
600 2078 696 2116 nihil
727 2079 759 2117 ei
792 2079 925 2118 fuisset
955 2079 1153 2129 antiquius
1181 2093 1299 2130 quam
1329 2081 1379 2118 ad
1410 2080 1523 2130 Capi-

195 2149 339 2188 tonem,
363 2156 480 2192 quem
506 2151 546 2181 ut
572 2151 772 2193 parentem
801 2144 999 2195 diligebat,
1023 2145 1170 2193 reverti,
1194 2145 1419 2195 praesertim
1440 2159 1521 2183 cum

136 2215 175 2245 30
194 2206 307 2244 sciret
331 2207 467 2256 quanti
492 2207 522 2245 is
546 2209 756 2247 Caesarem
788 2211 930 2248 faceret
957 2224 1190 2262 semperque
1218 2211 1382 2250 fecisset.
1444 2213 1521 2249 Sed

194 2285 402 2322 oppressus
449 2281 601 2311 tantum
649 2274 773 2324 attigit
813 2276 944 2325 negoti
990 2286 1181 2327 quantum
1222 2291 1399 2316 recusare
1441 2289 1521 2314 non

237 2385 256 2414 5
280 2381 357 2406 sunt
374 2376 414 2407 H
433 2375 628 2418 Weseubmg,
648 2379 686 2418 cf.
708 2379 750 2411 iii.
775 2390 822 2411 12.
844 2391 883 2410 2:
909 2381 977 2411 sint
997 2381 1071 2411 MD
1224 2382 1244 2410 6
1270 2381 1393 2412 habent
1409 2380 1495 2412 Crat.
1513 2393 1520 2412 :

195 2419 338 2451 habeant
355 2421 443 2452 codd.
465 2421 553 2462 vulg.
569 2434 576 2455 1
603 2423 729 2454 habent
744 2423 887 2463 aliquam
907 2424 995 2455 Koclz
1114 2435 1131 2464 7
1157 2429 1339 2455 teneantur
1355 2424 1475 2456 Lamb.
