1791 2796
556 150 667 187 EPP.
700 151 777 187 Al)
811 151 1156 188 FAMILIARES
1464 152 1558 189 XII.
1579 162 1672 188 xxv

189 259 376 310 deinceps
408 267 495 298 acta
527 260 603 298 sint
633 260 730 299 scire
760 269 797 299 te
827 261 1001 299 arbitror.
1072 263 1149 300 Sed
1180 263 1386 300 redeamus
1417 261 1518 307 illuc,
1541 272 1565 310 5

190 327 296 363 unde
335 327 583 364 devertimus
642 326 809 377 Accipio
848 326 1140 365 excusationem
1180 336 1287 365 tuam
1327 329 1378 365 de
1417 329 1522 366 Sem—

189 391 356 441 proni03
394 405 523 442 neque
555 391 660 430 enim
701 392 832 430 statuti
873 392 969 443 quid
1011 392 1050 430 in
1090 400 1197 431 tanta
1229 393 1523 443 perturbatione

190 456 333 495 habere
354 457 524 507 potuisti.

153 529 170 560 5
245 525 253 541 ‘
268 523 385 560 Nunc
407 523 469 560 hic
491 522 574 561 dies
597 523 712 561 aliam
735 524 854 561 vitam
875 524 1011 571 defert,
1034 523 1129 562 alios
1152 536 1279 561 mores
1301 524 1496 574 postulat,'

188 594 230 625 ut
264 587 316 625 ait
352 587 571 626 Terentius.
632 590 763 637 Quam
797 589 850 626 ob
889 603 982 636 rem,
1017 589 1069 627 mi
1103 589 1263 638 Quinte,
1298 591 1523 629 conscende

188 651 396 690 nobiscum
441 660 479 690 et
517 652 678 702 quidem
717 655 768 692 ad
807 654 982 706 puppim.
1058 656 1151 694 Una
1195 654 1303 693 navis
1349 662 1406 693 est
1445 655 1521 693 iam

189 718 383 756 bonorum
420 717 609 765 omnium,
647 732 765 768 quam
802 719 965 771 quidem
997 733 1070 758 nos
1102 721 1243 758 damus
1281 733 1440 770 operam
1481 728 1521 758 ut

189 790 333 821 rectam
355 791 570 831 teneamus,
601 784 750 822 utinam
777 799 964 836 prospero
989 788 1127 823 cursu!
1169 786 1257 832 Sed,
1281 785 1522 836 quicumque

131 860 171 883 10
189 849 293 886 venti
314 857 437 896 erunt,
466 863 526 887 ars
554 858 687 888 nostra
714 859 816 889 certe
844 865 923 888 non
949 851 1082 889 aberit.
1143 851 1252 900 Quid
1282 851 1387 890 enim
1417 866 1522 902 prae-

189 921 289 952 stare
319 914 425 952 aliud
454 914 573 952 virtus
606 918 764 965 potest?
811 918 874 954 Tu
908 917 966 953 sae
999 924 1039 954 ut
1072 929 1215 965 magno
1247 916 1381 954 animo
1408 917 1459 954 sis
1484 925 1521 955 et

188 980 341 1017 excelso
381 979 608 1030 cogitesque
647 994 806 1019 omnem
850 981 1081 1031 dignitatem
1126 989 1233 1019 tuam
1274 995 1363 1020 cum
1404 996 1443 1020 re
1481 995 1517 1032 p.

188 1044 439 1083 coniunctam
462 1059 546 1083 esse
568 1046 722 1084 debere.

231 1242 358 1277 XXV
373 1254 396 1277 a
467 1245 534 1276 Sc‘r.
559 1246 686 1276 Romae
702 1246 770 1277 ct'rc.
792 1246 835 1277 z'u.
860 1258 903 1277 m.
927 1245 1008 1277 Mai.
1032 1257 1062 1277 a.
1083 1256 1136 1285 711
1154 1247 1232 1286 (iss.

130 1348 166 1379 15
587 1333 759 1364 CICERO
785 1334 1056 1365 (ORNIFICJO
1079 1333 1114 1366 S.

241 1426 281 1462 P.
306 1424 519 1463 Lucceium
542 1424 637 1461 mihi
660 1438 790 1462 meum
813 1426 1070 1463 commendas
1089 1440 1095 1470 ;
1125 1438 1243 1475 quem
1265 1425 1516 1476 quibuscum·
1534 1432 1561 1470 6

187 1502 264 1540 que
303 1491 417 1529 rebus
453 1498 590 1540 potero
625 1489 831 1539 diligenter
861 1491 1010 1528 tuebor.
1072 1490 1246 1529 Hirtium
1282 1491 1442 1541 quidem
1478 1499 1517 1529 et

190 1558 367 1602 Pansam,
393 1557 575 1605 conlegas
597 1564 761 1603 nostros,
786 1555 967 1594 homines
996 1555 1033 1594 in
1060 1558 1265 1597 consulatu
1287 1557 1339 1595 rei
1361 1571 1396 1607 p.
1421 1558 1519 1595 salu-

186 1621 285 1667 taris,
318 1621 446 1659 alieno
476 1634 569 1659 sane
599 1628 776 1671 tempore
805 1620 1019 1667 amisimus,
1042 1635 1081 1660 re
1106 1621 1263 1671 publica
1288 1622 1517 1660 Antoniano

126 1704 166 1726 20
186 1686 346 1736 quidem
377 1686 581 1725 latrocinio
611 1686 772 1724 liberata
807 1687 875 1725 sed
906 1687 1084 1724 nondum
1120 1686 1284 1725 omnino
1314 1687 1514 1737 explicata.

186 1756 316 1802 Quam
350 1767 432 1800 nos,
470 1753 499 1790 si
532 1753 674 1799 licebit,
718 1766 825 1791 more
857 1761 991 1791 nostro
1027 1752 1234 1799 tuebimur,
1276 1766 1515 1803 quamquam

184 1820 401 1857 admodum
424 1832 568 1857 <sumus
603 1819 679 1856 iam
713 1818 922 1868 defetigati.
984 1819 1061 1855 Sed
1092 1819 1198 1855 nulla
1228 1818 1417 1856 lassitudo
1450 1818 1516 1856 im-

184 1884 316 1933 pedire
350 1884 520 1922 officium
561 1892 598 1922 et
639 1886 756 1923 fidem
797 1885 927 1921 debet.
989 1885 1134 1921 Verum
1176 1884 1272 1921 baec
1312 1884 1556 1933 liactenus.7

185 1948 248 1986 Ab
269 1949 353 1987 aliis
375 1957 412 1987 te
439 1950 489 1987 de
512 1963 574 1988 me
602 1963 720 1999 quam
747 1963 769 1988 a
793 1963 855 1988 me
887 1949 972 1999 ipso
998 1950 1102 1987 malo
1133 1961 1381 1998 cognoscere.
1455 1952 1515 1987 De

127 2027 165 2058 25
185 2021 223 2051 te
243 2014 501 2053 audiebamus
523 2029 568 2054 ea
589 2029 689 2065 quae
711 2015 878 2054 maxime
892 2017 1090 2053 vellemus,
1154 2015 1214 2052 I)e
1232 2014 1303 2053 Cn.
1323 2014 1513 2061 Minucio,

184 2093 301 2129 quem
337 2087 377 2117 tu
412 2080 649 2130 quibusdam
682 2081 816 2119 litteris
848 2083 897 2119 ad
930 2083 1081 2120 caelum
1117 2081 1300 2119 laudibus
1332 2079 1512 2126 extulisti,

183 2158 356 2183 rumores
382 2144 557 2183 duriores
588 2153 706 2184 erant.
769 2147 815 2184 Id
838 2148 952 2196 quale
978 2146 1025 2185 sit
1046 2146 1289 2196 omninoque
1311 2145 1406 2196 quid
1428 2144 1513 2183 istic

182 2217 316 2259 agatur
338 2209 454 2248 facias
478 2224 540 2248 me
561 2210 676 2255 velim
699 2211 911 2250 certiorem.

227 2321 246 2350 5
271 2312 378 2343 adfert
396 2312 485 2343 codd.
514 2312 763 2345 TerentiAndr.
790 2314 850 2353 189
984 2324 1021 2354 14
1046 2313 1177 2346 Novam
1195 2314 1367 2355 epistulam
1381 2314 1515 2355 primus

183 2356 294 2396 incepit
311 2354 479 2385 Corradus
