1791 2796
84 152 202 191 XIII.
223 153 299 190 xxi
602 153 658 190 M.
690 153 857 209 TVLLI
891 154 1197 192 CICERONIS

234 264 382 315 reliqui,
407 264 575 314 Cibyrae
605 263 850 311 commorari,
874 264 970 303 nihil
993 272 1094 304 esset
1115 278 1276 304 necesse
1296 267 1406 316 plura
1431 280 1494 306 me
1521 267 1572 306 ad

235 337 272 368 te
293 330 343 369 de
365 343 412 368 eo
433 329 602 369 scribere
617 344 626 378 ς
657 330 859 381 perficeret
881 330 985 369 enim
1003 330 1086 381 ipse
1099 332 1275 381 profecto
1297 331 1375 370 suis
1397 331 1572 371 moribus

235 408 384 445 suaque
409 395 655 434 humanitate
676 403 717 434 ut
743 394 826 434 sine
857 395 1090 446 cuiusquam
1121 395 1469 435 commendatione
1491 396 1574 435 dili-

235 468 389 511 geretur
418 461 488 499 abs
519 468 557 499 te
587 474 667 500 non
698 460 828 499 minus
859 475 978 511 quam
1009 469 1046 500 et
1076 475 1098 500 a
1128 475 1191 501 me
1216 469 1254 501 et
1278 476 1301 501 a
1325 462 1463 501 ceteris
1493 462 1573 501 suis

194 536 218 562 2
234 526 502 565 familiaribus.
564 527 643 566 Sed
667 540 757 566 cum
780 527 888 565 illum
914 528 1052 567 abesse
1074 536 1219 579 putem,
1239 529 1481 567 commendo
1502 527 1573 567 tibi
1593 542 1610 571 5

237 592 275 630 in
303 592 490 631 maiorem
519 594 683 632 modum
709 594 873 632 domum
900 594 983 632 eius
1010 608 1111 645 quae
1141 602 1198 633 est
1219 594 1387 644 Sicyone
1411 608 1573 645 remque

236 657 476 705 familiarem,
520 658 688 697 maxime
720 660 763 698 C.
798 658 1010 698 Avianium
1048 659 1348 705 Hammonium,
1391 659 1572 698 libertum

235 723 328 770 eius,
371 736 489 774 quern
530 724 693 775 quidem
733 724 803 763 tibi
843 724 961 763 etiam
1001 738 1072 764 suo
1114 724 1276 764 nomine
1318 725 1569 764 commendo.

236 789 339 827 Nam
362 802 453 827 cum
474 797 680 840 propterea
697 789 793 828 mihi
809 797 866 828 est
884 790 1081 840 probatus,
1098 791 1207 840 quod
1224 798 1282 829 est
1302 789 1341 828 in
1362 797 1572 839 patronum

235 866 350 892 suum
372 854 502 893 officio
523 862 561 893 et
583 855 660 894 fide
682 854 876 906 singulari,
895 862 978 893 tum
995 855 1114 894 etiam
1135 854 1175 893 in
1197 868 1259 893 me
1281 854 1409 905 ipsum
1431 867 1573 904 magna
1595 867 1632 889 10

235 918 363 957 officia
383 919 550 958 contulit
571 919 747 970 mihique
768 919 1054 958 molestissimis
1070 919 1313 970 temporibus
1334 919 1387 958 ita
1408 919 1574 958 fideliter

234 984 508 1036 benevoleque
543 993 698 1036 praesto
738 985 818 1033 fuit,
854 993 896 1024 ut
936 985 966 1023 si
1001 999 1023 1023 a
1056 999 1119 1024 me
1154 984 1418 1024 manumissus
1457 992 1569 1023 esset.

236 1050 377 1100 Itaque
407 1058 499 1100 peto
529 1063 551 1088 a
579 1058 616 1089 te
646 1058 688 1088 ut
716 1063 806 1089 eum
837 1049 1127 1090 Hammonium
1162 1057 1200 1088 et
1232 1050 1271 1088 in
1301 1049 1455 1100 patroni
1490 1049 1572 1088 eius

235 1115 394 1165 negotio
408 1115 462 1154 sic
477 1123 609 1154 tueare
623 1122 664 1154 ut
681 1114 763 1154 eius
780 1123 1083 1166 procuratorem,
1100 1128 1218 1166 quem
1233 1114 1301 1153 tibi
1319 1116 1569 1161 commendo,

235 1187 273 1218 et
294 1179 423 1230 ipsum
445 1194 517 1219 suo
538 1180 700 1219 nomine
728 1180 865 1231 diligas
888 1181 1114 1231 habeasque
1142 1180 1182 1218 in
1209 1193 1374 1218 numero
1402 1188 1568 1218 tuorum.
1594 1192 1630 1225 ¹5

237 1245 455 1284 Hominem
479 1246 695 1296 pudentem
718 1253 756 1284 et
776 1245 996 1284 officiosum
1018 1258 1234 1296 cognosces
1260 1252 1298 1283 et
1319 1244 1483 1295 dignum
1505 1244 1572 1294 qui

234 1324 257 1348 a
278 1318 315 1349 te
341 1310 533 1361 diligatur.
594 1311 703 1349 Vale.

279 1462 415 1498 XXII
566 1464 636 1496 Scr.
656 1465 794 1498 Romae.
818 1470 852 1496 nl
870 1465 1001 1501 vt‘dstnr,
1023 1476 1052 1496 a.
1075 1468 1135 1505 708³
1154 1466 1238 1507 (46).

681 1542 858 1573 CICERO
884 1542 1059 1574 SERVIO
1086 1543 1120 1574 S.

200 1633 217 1659 1
290 1622 334 1659 T.
361 1620 568 1667 Manlium,
593 1619 660 1671 qui
682 1619 903 1671 negotiatur
924 1619 1117 1671 Thespiis,
1142 1620 1396 1659 vehementer
1421 1618 1541 1671 diligo
1558 1633 1569 1668 3
1589 1632 1628 1654 20

235 1699 327 1725 nam
362 1693 401 1724 et
432 1699 586 1736 semper
621 1699 684 1725 me
718 1685 840 1724 coluit
874 1685 1252 1737 diligentissimeque
1280 1684 1501 1724 observavit
1530 1692 1570 1724 et

235 1766 257 1790 a
292 1751 430 1791 studiis
469 1751 611 1790 nostris
650 1764 730 1790 non
765 1751 960 1790 abhorret.
1021 1751 1189 1790 Accedit
1223 1764 1271 1789 eo
1305 1751 1414 1801 quod
1445 1751 1570 1791 Varro

237 1819 406 1856 Murena
438 1830 582 1867 magno
616 1829 735 1867 opere
767 1815 850 1855 eius
882 1829 1000 1855 causa
1030 1817 1113 1855 vult
1147 1815 1305 1863 omnia3
1337 1814 1405 1866 qui
1438 1822 1569 1854 tamen

236 1881 479 1929 existimavit,
521 1881 592 1920 etsi
632 1881 711 1920 suis
750 1881 895 1928 litteris,
938 1881 1081 1935 quibus
1120 1881 1191 1926 tibi
1231 1879 1427 1920 Manlium
1467 1893 1570 1918 com-

237 1947 460 1993 mendabat,
504 1947 617 1984 valde
657 1947 884 1992 confideret,
924 1954 1055 1985 tamen
1095 1960 1183 1985 inca
1223 1945 1571 1984 commendatione
1592 1961 1629 1992 25

236 2012 384 2062 aliquid
405 2011 641 2050 accessionis
664 2013 755 2050 fore.
803 2013 870 2050 Me
893 2011 1052 2062 quidem
1075 2025 1164 2050 cum
1186 2011 1309 2049 Manli
1332 2010 1570 2049 familiaritas

238 2086 319 2115 tum
356 2077 541 2115 Varronis
586 2077 761 2115 studium
801 2077 1015 2115 commovit
1055 2085 1097 2115 ut
1135 2078 1186 2115 ad
1226 2084 1263 2115 te
1302 2090 1420 2126 quam
1459 2089 1571 2114 accu-

195 2141 427 2180 2ratissimc
466 2141 686 2180 scriberem.
749 2141 1023 2180 (iratissimum
1064 2141 1177 2192 igitur
1216 2141 1312 2179 mihi
1350 2140 1496 2193 fece-ris,
1537 2140 1569 2178 si

238 2206 328 2245 huic
367 2205 705 2245 commendationi
740 2220 851 2246 meae
891 2214 1043 2245 tantum
1075 2206 1253 2245 tribueris
1285 2214 1475 2256 quantum
1506 2204 1569 2243 cui

238 2271 403 2311 tribuisti
435 2271 656 2321 plurimum,
689 2271 729 2310 id
760 2280 827 2319 cst,
861 2272 891 2311 si
922 2273 967 2310 T.
1002 2271 1197 2310 Manlium
1233 2285 1351 2321 quam
1388 2270 1565 2318 maxime,
1589 2286 1630 2317 30

284 2386 320 2407 10
346 2381 413 2406 tum
440 2374 555 2417 ctiam]
579 2380 646 2405 tum
665 2375 751 2414 quod
773 2374 872 2406 etiam
891 2375 1021 2406 Ernesti
1154 2385 1189 2414 13
1216 2375 1454 2406 Hammonium
1473 2379 1563 2415 susp.

236 2419 331 2450 Man.
471 2430 506 2457 14
532 2429 631 2458 quem
651 2419 707 2450 tibi
726 2429 843 2450 comm.
864 2418 921 2450 del.
942 2419 1072 2450 Ernesti
1215 2421 1254 2450 16
1278 2419 1478 2459 prudentem
1492 2418 1569 2450 HD

236 2473 275 2500 24
301 2464 552 2495 commendarat
569 2462 699 2494 Ernesti
719 2461 907 2504 chscubctgg
