1791 2796
190 153 312 191 XLv
631 155 686 191 M.
719 154 887 209 TVLLI
920 154 1227 193 CICERONIS

257 278 301 303 ea
334 265 510 315 pluribus
544 264 683 312 verbis,
721 265 859 304 faciam
895 265 1004 313 illud,
1039 267 1148 317 quod
1180 279 1312 305 meum
1345 274 1414 314 est,
1446 275 1488 306 ut
1523 267 1593 306 tibi

256 330 389 368 onmia
411 344 498 369 mea
519 330 657 377 officia,
681 331 822 378 studia,
846 345 968 379 curaS,
992 330 1252 382 cogitationes
1272 331 1469 383 pollicear,
1493 346 1594 383 quae

256 397 306 434 ad
337 404 443 434 tuam
475 398 633 435 laudem
664 405 702 435 et
732 397 894 447 gloriam
931 397 1194 448 pertinebunt.
1257 399 1387 447 Quam
1423 399 1475 437 ob
1510 412 1591 437 rem

257 461 372 499 velim
405 461 475 500 tibi
504 462 555 500 ita
584 464 832 512 persuadeas,
864 477 926 501 me
954 477 1044 501 cum
1073 462 1126 502 rei
1154 477 1190 514 p.
1215 477 1341 511 causa,
1367 477 1468 515 quae
1496 463 1592 501 mihi

256 527 334 565 vita
370 541 457 566 mea
492 536 549 566 est
582 528 716 575 carior,
749 537 831 567 tum
869 530 977 579 quod
1009 528 1079 568 tibi
1115 528 1187 579 ipsi
1220 530 1370 568 faveam
1407 537 1594 580 tuamque
1614 545 1632 578 5

256 592 486 643 dignitatem
520 593 749 643 amplificari
790 593 921 641 velim,
957 592 1056 647 [me]
1094 593 1169 633 tuis
1209 593 1368 647 optimis
1407 593 1580 634 consiliis

256 657 519 710 amplitudini,
550 658 696 709 gloriae
726 661 835 699 nullo
865 661 953 699 loco
983 660 1222 700 defuturum.

303 832 368 868 VI
588 836 658 868 Ser.
682 837 810 868 Romae
824 838 885 868 xiii
898 837 940 869 K.
961 837 1034 869 Ian.
1057 849 1086 868 a.
1111 837 1274 880 710(44]1.

395 927 438 958 M.
468 926 642 959 CICERO
669 928 703 959 S.
736 929 774 958 D.
806 929 843 958 D.
875 928 1032 959 BRVTO
1060 928 1150 958 lMP.
1179 927 1278 958 COS.
1309 925 1456 957 DESIG.

222 1019 243 1058 1v
315 1018 450 1068 Lupus
482 1025 614 1055 noster
649 1030 739 1055 eum
778 1019 948 1056 Romam
984 1025 1094 1056 sexto
1126 1016 1190 1055 die
1225 1015 1381 1054 Mutina
1411 1015 1590 1062 venisset,
1618 1030 1655 1052 10

257 1082 446 1131 postridie
495 1096 557 1121 me
607 1096 722 1120 mane
770 1082 955 1122 convenit
971 1098 980 1131 3
1030 1091 1095 1120 tua
1139 1081 1235 1120 mihi
1280 1083 1464 1120 mandata
1512 1081 1594 1120 dili-

256 1147 483 1197 gentissime
514 1147 694 1198 exposuit
725 1155 762 1187 et
792 1148 937 1187 litteras
968 1147 1150 1187 reddidit.
1212 1147 1333 1196 Quod
1365 1146 1458 1184 mihi
1487 1155 1592 1185 tuam

257 1212 487 1263 dignitatem
524 1214 795 1260 commendas,
830 1214 970 1252 eodem
1006 1221 1183 1263 tempore
1218 1211 1398 1251 existimo
1429 1219 1465 1250 te
1499 1211 1593 1250 mihi

260 1292 386 1317 meam
401 1277 632 1329 dignitatem
656 1279 949 1326 commendare,
966 1293 1083 1329 quam
1104 1292 1166 1317 me
1183 1279 1340 1316 hercule
1362 1291 1442 1316 non
1465 1277 1594 1316 habeo

259 1353 323 1382 tua
339 1343 538 1382 cariorem.
584 1346 674 1393 Qua
691 1358 730 1383 re
748 1344 842 1383 mihi
864 1344 1127 1396 gratissimum
1151 1343 1279 1391 facies,
1298 1343 1329 1381 si
1350 1344 1592 1394 exploratum
1616 1358 1652 1391 ¹5

259 1408 423 1447 habebis
445 1409 520 1447 tuis
543 1409 726 1449 laudibus
752 1411 860 1449 nullo
889 1411 977 1449 loco
999 1424 1071 1449 nee
1093 1408 1303 1449 consilium
1325 1422 1398 1447 nec
1420 1407 1593 1447 studium

260 1488 391 1513 meum
414 1475 650 1513 defuturum.

216 1555 239 1581 2
314 1542 416 1580 Cum
454 1539 597 1579 tribuni
639 1542 688 1591 pl.
732 1540 945 1580 edixissent
985 1550 1143 1580 senatus
1182 1542 1338 1580 adesset
1376 1554 1408 1578 a.
1437 1540 1473 1578 d.
1515 1551 1591 1577 xm

261 1607 310 1643 Κ.
335 1607 431 1652 Ian.‚
456 1606 725 1657 haberentque
755 1607 792 1645 in
823 1607 956 1651 animo
984 1609 1034 1647 de
1067 1607 1262 1658 praesidio
1296 1607 1505 1645 consulum
1530 1607 1594 1644 de-

258 1671 496 1722 signatorum
531 1674 683 1721 referre,
711 1688 952 1725 quamquam
986 1682 1196 1713 statueram
1225 1673 1262 1711 in
1295 1680 1474 1712 senatum
1502 1679 1593 1710 ante
1616 1687 1654 1710 20

261 1739 308 1775 K.
335 1739 416 1776 Ian.
441 1752 520 1777 non
544 1738 686 1786 venire,
713 1747 856 1787 tamen,
880 1754 969 1779 cum
1000 1754 1047 1779 eo
1074 1739 1138 1779 die
1166 1739 1252 1790 ipso
1280 1738 1453 1778 edictum
1483 1746 1593 1776 tuum

259 1802 501 1853 propositum
525 1811 637 1851 esset,
662 1806 771 1843 nefas
793 1820 878 1844 esse
900 1805 992 1845 duxi
1020 1813 1086 1844 aut
1112 1805 1163 1843 ita
1187 1803 1322 1843 haberi
1350 1811 1528 1842 senatum
1553 1811 1594 1841 ut

257 1870 306 1907 de
329 1868 403 1906 tuis
425 1868 566 1907 divinis
589 1869 626 1907 in
650 1884 730 1908 rem
750 1884 783 1921 p.
803 1870 949 1910 meritis
971 1870 1147 1909 sileretur
1165 1871 1289 1925 (quod
1312 1870 1457 1908 factum
1479 1877 1590 1915 esset,

258 1934 330 1971 nisi
366 1949 438 1985 ego
471 1934 695 1987 venissem),
734 1945 799 1975 aut
840 1936 972 1984 etiam,
1007 1937 1035 1974 si
1059 1932 1172 1986 'quid
1212 1936 1261 1974 de
1301 1943 1338 1973 te
1377 1934 1594 1973 honorifice

258 1998 464 2047 diceretur,
487 2014 549 2038 me
579 2014 656 2039 non
686 2003 834 2041 adesse.
896 2004 1036 2052 Itaque
1066 2001 1105 2039 in
1136 2008 1315 2040 senatum
1346 1999 1434 2038 veni
1466 2013 1590 2038 mane.
1616 2015 1651 2046 ²5

216 2066 380 2113 3Qu0d
413 2079 503 2103 cum
543 2074 644 2105 esset
683 2067 1011 2114 animadversum,
1054 2065 1355 2117 frequentissimi
1395 2073 1594 2103 senatores

259 2138 538 2169 convenerunt.
600 2134 713 2181 Quae
749 2133 798 2171 de
830 2140 866 2171 te
894 2132 932 2170 in
958 2139 1094 2170 senatu
1126 2130 1281 2181 egerim,
1309 2144 1409 2181 quae
1437 2129 1474 2167 in
1503 2143 1593 2168 con-

259 2195 365 2234 tione
388 2196 555 2234 maxima
577 2196 752 2244 dixerim,
775 2197 939 2236 aliorum
969 2204 1005 2236 te
1032 2195 1168 2235 litteris
1199 2196 1303 2233 malo
1331 2190 1593 2244 cognescere;

260 2261 353 2300 illud
402 2261 471 2299 tibi
519 2263 753 2312 persuadeas
793 2262 923 2310 velim,
963 2276 1026 2300 me
1070 2261 1205 2299 onmia
1244 2273 1344 2310 quae
1386 2259 1437 2298 ad
1484 2266 1591 2296 tuam

259 2326 490 2377 dignitatem
525 2328 746 2377 augendam
787 2326 1052 2378 pertinebunt,
1088 2340 1189 2376 quae
1228 2333 1286 2363 est
1325 2337 1393 2374 per
1432 2336 1473 2361 se
1512 2336 1593 2361 am-
1612 2337 1652 2368 30

482 2433 504 2462 6
529 2441 581 2462 mc
598 2430 656 2462 dcl.
678 2434 747 2462 velt.
887 2440 922 2470 14
948 2429 1145 2469 dignitatem
1163 2428 1219 2460 del.
1240 2427 1371 2459 Ernesti
