1791 2796
579 171 690 208 EPP.
722 170 800 207 AD
832 169 1180 207 FAMILIARES
1483 167 1593 204 XIV.
1611 166 1690 203 xiv

212 282 371 321 adiuvat
397 282 515 321 etiam
546 281 647 329 Piso,
676 271 860 332 quod'ab
887 281 984 320 urbe
1010 278 1179 319 discedit
1205 285 1244 318 et
1270 277 1425 317 sceleris
1453 290 1543 316 con-

213 349 375 387 demnat
389 361 577 398 generum
590 360 716 385 suum.
757 348 851 394 Vos,
868 359 979 385 meae
1000 345 1222 384 carissimae
1241 343 1407 391 animae,
1424 356 1543 393 quarn

214 411 441 463 saepissime
468 413 521 450 ad
550 425 613 450 me
643 410 799 450 scribite
825 418 864 450 et
893 424 962 450 vos
992 410 1088 460 quid
1114 408 1236 460 agatis
1263 416 1302 448 et
1331 408 1428 459 quid
1457 407 1544 446 istic

213 486 357 527 agatur.
409 477 581 526 Quintus
602 485 711 527 pater
730 484 768 516 et
789 476 890 515 filius
912 484 950 516 et
972 477 1099 515 Rufus
1120 475 1232 514 vobis
1254 489 1280 513 s.
1305 475 1341 513 d.
1392 475 1541 513 Valete.

174 552 194 586 5
217 555 289 581 vm
314 545 363 582 K.
389 541 562 596 [Quint.]
586 542 819 582 Menturnis.

258 723 342 758 XV
512 727 581 758 Ser.
600 726 763 758 Brundisi
775 727 823 757 xii
836 727 879 758 K.
903 727 1016 767 Quint.
1037 737 1067 758 a.
1092 736 1151 766 707
1169 726 1251 767 (47).

555 817 752 848 TVLLIVS
778 817 813 848 S.
845 818 884 848 D.
914 816 1195 847 TERENTIAE.

270 905 310 945 Si
336 907 451 953 vales,
481 907 584 945 bene
613 914 681 944 est.
742 905 1093 951 Constitueramus,
1118 912 1160 943 ut
1186 905 1237 943 ad
1264 911 1303 943 te
1323 910 1439 942 antea
1459 902 1548 942 scri-

215 985 378 1022 pseram,
406 971 564 1010 obviam
586 970 821 1011 Ciceronem
844 970 1002 1010 Caesari
1023 970 1186 1017 mittere,
1211 970 1281 1008 sed
1309 968 1547 1007 mutavimus

157 1053 199 1077 10
216 1036 436 1083 consilium,
473 1036 566 1087 quia
598 1038 649 1075 de
683 1036 785 1075 illius
819 1037 992 1075 adventu
1024 1035 1121 1074 nihil
1152 1034 1423 1073 audiebamus.
1485 1035 1547 1073 De

215 1102 354 1141 ceteris
384 1103 511 1148 rebus,
543 1101 617 1140 etsi
646 1101 743 1139 nihil
773 1109 854 1140 erat
883 1101 985 1148 novi,
1019 1109 1152 1140 tamen
1182 1100 1279 1151 quid
1309 1099 1474 1139 velimus
1509 1106 1548 1137 et

215 1167 311 1217 quid
341 1168 418 1206 hoc
447 1176 624 1218 tempore
651 1175 835 1218 putemus
866 1181 965 1218 opus
990 1181 1075 1205 esse
1105 1181 1152 1205 ex
1178 1166 1291 1205 Sicca
1310 1165 1456 1216 poteris
1486 1178 1549 1203 co-

214 1246 413 1283 gnoscere.
473 1232 645 1271 Tulliam
693 1234 825 1272 adhuc
872 1246 1029 1271 mecum
1077 1240 1208 1271 teneo.
1264 1229 1547 1270 Valetudinem

216 1306 323 1337 tuam
354 1312 446 1337 cura
474 1297 690 1348 diligenter.
750 1299 859 1337 Vale.
920 1309 980 1335 ΧΠ
1005 1300 1054 1336 K.
1079 1296 1279 1346 Quintilis.

157 1497 195 1530 15
259 1480 370 1516 XVI
508 1483 578 1515 Scr.
600 1483 763 1515 Brundisi
770 1488 822 1524 pr.
843 1482 930 1514 Non.
952 1483 1024 1514 Ian.
1045 1494 1076 1514 a.
1100 1493 1158 1523 707
1178 1484 1260 1524 (47).

494 1572 690 1603 TVLLIVS
715 1571 985 1603 TERENTIAE
1011 1571 1131 1602 SVAE
1157 1571 1191 1603 S.
1222 1572 1263 1602 D.

270 1665 305 1701 S.
335 1677 367 1700 v.
399 1662 434 1700 b.
465 1676 495 1700 e.
526 1676 559 1700 v.
620 1661 705 1700 Etsi
740 1661 822 1700 eius
857 1661 967 1700 modi
1001 1669 1179 1711 tempora
1210 1668 1342 1699 nostra
1380 1668 1471 1698 sunt
1505 1668 1547 1699 ut

214 1728 311 1767 nihil
336 1728 504 1766 habeam
535 1729 643 1778 quod
672 1735 739 1766 aut
766 1741 789 1765 a
815 1734 853 1765 te
880 1727 1093 1765 litterarum
1124 1733 1347 1776 exspectem
1372 1733 1439 1764 aut
1463 1725 1547 1776 ipse

215 1795 266 1833 ad
305 1801 342 1832 te
381 1793 560 1849 scribam,
597 1802 729 1831 tamen
764 1792 898 1831 nescio
933 1806 1012 1842 quo
1047 1793 1168 1830 modo
1208 1799 1246 1829 et
1284 1790 1367 1841 ipse
1401 1799 1546 1830 vestras

156 1877 197 1900 20
216 1859 360 1898 litteras
381 1866 566 1909 exspecto
587 1866 625 1897 et
645 1858 773 1896 scribo
794 1859 844 1896 ad
865 1871 945 1903 VOS,
968 1871 1058 1895 cum
1080 1857 1208 1895 habeo
1226 1856 1296 1906 qui
1317 1857 1423 1895 ferat.

269 1924 485 1964 Volumnia
511 1923 649 1963 debuit
681 1923 721 1960 in
751 1930 788 1961 te
818 1922 1028 1961 officiosior
1057 1936 1142 1961 esse
1174 1935 1292 1972 quam
1323 1921 1404 1968 fuit,
1437 1934 1474 1960 et
1506 1921 1547 1961 id

216 1990 344 2041 ipsum
385 1990 493 2039 quod
543 1988 634 2027 fecit
672 1987 801 2038 potuit
848 1987 1073 2037 diligentius
1121 1988 1248 2025 facere
1296 1994 1334 2025 et
1381 1987 1543 2025 cautius.

217 2058 471 2105 Quamquam
495 2054 570 2092 alia
596 2061 686 2091 sunt
708 2067 808 2103 quae
836 2052 958 2103 magis
985 2066 1167 2091 curemus
1195 2051 1397 2102 magisque
1418 2054 1547 2091 dolea-

216 2134 315 2168 mus,
338 2133 438 2170 quae
464 2133 526 2157 me
553 2118 607 2156 ita
630 2118 856 2165 conficiunt,
880 2126 921 2156 ut
942 2117 967 2155 ii
991 2119 1196 2156 voluerunt
1217 2117 1284 2168 qui
1306 2131 1369 2156 me
1389 2119 1440 2157 de
1460 2132 1548 2158 mea

157 2199 196 2233 25
217 2184 411 2225 sententia
431 2186 689 2223 detruserunt.
748 2185 853 2222 Cura
869 2190 911 2221 ut
932 2184 1070 2222 valeas.
1126 2185 1184 2221 Pr.
1210 2185 1314 2222 Non.
1339 2185 1423 2223 Ian.

260 2300 278 2328 5
304 2289 421 2327 Quint.
451 2287 508 2318 dcl.
543 2286 752 2327 ll'escnberg;
785 2287 871 2326 epist.
905 2287 937 2316 in
967 2297 1073 2316 mense
1095 2286 1257 2317 Ianuario
1279 2287 1398 2327 scripta
1425 2290 1477 2325 cst,
1504 2288 1541 2326 eff.

216 2334 282 2363 xvi.
317 2343 363 2362 12.
390 2334 411 2361 6
501 2331 691 2361 Menturnis
716 2329 830 2361 codd:
865 2330 1046 2361 Minturnis
1071 2331 1186 2371 vulg.;
1221 2334 1398 2370 utrumque
1422 2330 1546 2361 bonum

220 2379 258 2407 18
282 2377 370 2415 quod
389 2379 458 2406 vett.
481 2387 487 2406 x
511 2377 590 2415 quid
609 2375 697 2406 codd.
789 2375 974 2406 litterarum
992 2374 1050 2405 del.
1071 2374 1199 2405 Ernesti
1278 2385 1317 2413 24
1337 2379 1370 2405 ut
1385 2374 1472 2404 iiN:
1498 2374 1545 2404 uti

215 2421 246 2451 ei
260 2419 374 2457 codd.;
399 2419 485 2450 uncle
501 2425 535 2449 ut
552 2419 593 2450 iei
612 2418 812 2450 Lachmann
826 2419 939 2459 (Lucr.
961 2418 994 2450 ii.
1012 2419 1094 2459 322)
