1791 2796
137 553 155 585 5

119 1001 157 1024 10

121 1656 158 1677 20

538 172 650 209 EPP,
683 172 760 208 AI)
794 171 1141 209 FAMILIARES
1455 173 1527 210 XI.
1547 172 1592 208 iv

175 287 358 327 secutus;
408 293 499 318 nam
538 287 576 318 et
614 278 886 318 liberalitatem
926 286 1099 317 nostram
1135 286 1172 317 et
1206 278 1382 317 animum
1418 285 1509 317 sunt

175 344 332 395 experti.
394 345 496 384 Cum
523 343 701 384 onmium
727 343 1034 383 bellicosissimis
1060 345 1207 383 bellum
1231 344 1357 394 gessi5
1387 346 1510 383 multa

175 412 334 449 castella
366 410 463 461 cepi,
499 412 622 449 multa
652 410 809 448 vastavi.
870 411 963 449 Non
990 409 1073 448 sine
1103 423 1222 449 causa
1246 411 1297 448 ad
1325 418 1505 448 senatum

175 475 320 514 litteras
342 475 439 514 misi.
500 475 657 514 Adiuva
683 490 755 514 nos
783 483 851 514 tua
879 474 1097 516 sententia:
1127 476 1236 525 quod
1263 489 1352 514 cum
1374 475 1505 523 facies,

175 556 221 581 ex
243 555 384 592 magna
404 549 512 593 parte
532 541 734 580 communi
757 542 972 580 commodo
993 540 1221 580 inservieris.

223 695 264 730 V
420 699 490 731 Scr.
511 698 641 730 Romae
651 698 754 740 paulo
765 702 839 740 post
856 709 874 729 v
889 698 938 729 Id.
957 697 1030 730 Dec.
1051 709 1081 729 cr.
1105 708 1161 738 710
1180 699 1267 739 (φρ.

315 776 358 808 Μ.
388 776 562 808 CICERO
589 777 623 808 S.
654 777 692 807 D.
724 777 761 807 D.
792 776 950 808 BRVTO
978 776 1066 807 IMP.
1095 776 1194 807 COS.
1224 775 1372 807 DESIG-

232 857 367 906 Lupus
389 854 585 894 familiaris
608 862 739 894 noster
760 868 849 892 cum
873 869 894 893 a
916 863 952 893 te
974 854 1143 893 venisset
1163 868 1334 904 cumque
1357 855 1509 892 Romae
1529 862 1545 888 1

177 922 370 972 quosdam
393 920 476 959 dies
498 929 815 967 commoraretur,
840 934 913 971 ego
934 934 1039 959 eram
1061 920 1101 958 in
1122 920 1167 957 iis
1188 919 1283 958 locis
1305 919 1343 957 in
1366 919 1510 969 quibus

177 986 346 1025 maxime
377 993 461 1025 tuto
492 999 555 1024 me
585 999 670 1024 esse
699 985 923 1024 arbitrabar.
986 987 1045 1024 Eo
1075 986 1221 1023 factum
1247 992 1304 1023 est
1332 992 1373 1023 ut
1400 986 1451 1023 ad
1472 992 1510 1023 te

178 1053 313 1103 Lupus
335 1051 419 1090 sine
440 1050 537 1090 meis
558 1050 694 1090 litteris
716 1050 868 1098 rediret,
893 1065 983 1090 cum
1006 1058 1137 1089 tamen
1161 1058 1332 1089 curasset
1353 1057 1438 1088 tuas
1459 1051 1509 1089 ad

178 1131 240 1156 me
261 1118 521 1168 perferendas.
584 1119 754 1156 Romam
776 1124 908 1155 autem
930 1116 1019 1155 veni
1040 1130 1072 1155 a.
1090 1118 1126 1155 d.
1151 1129 1175 1153 v
1198 1117 1292 1155 Idus
1318 1118 1412 1154 Dec.
1436 1129 1510 1154 nec

178 1183 296 1222 habui
333 1183 545 1234 quicquam
580 1182 779 1232 antiquius
815 1196 933 1232 quam
969 1190 1010 1220 ut
1047 1184 1214 1220 Pansam
1251 1181 1379 1219 statim
1420 1194 1510 1219 con-

178 1249 375 1296 veniremg
407 1263 453 1287 ex
474 1262 553 1299 quo
581 1262 627 1287 ea
654 1250 703 1287 de
731 1256 768 1286 te
796 1248 961 1298 cognovi
988 1262 1089 1298 quae
1116 1247 1283 1286 maxime
1308 1247 1505 1297 optabam.

141 1330 154 1360 g
180 1316 269 1363 Qua
291 1328 329 1352 re
356 1313 578 1352 hortatione
606 1321 646 1351 tu
669 1313 829 1363 quidem
852 1326 931 1351 non
954 1327 1054 1363 eges,
1079 1312 1109 1350 si
1131 1326 1180 1351 ne
1200 1312 1239 1350 in
1262 1312 1326 1350 illa
1346 1311 1506 1361 quidem

179 1393 217 1418 re
247 1393 346 1429 quae
372 1393 395 1417 a
427 1387 464 1417 te
495 1386 604 1429 gesta
633 1387 690 1417 est
721 1387 809 1429 post
840 1377 1045 1416 hominum
1079 1377 1307 1416 memoriam
1340 1376 1508 1414 maxima

180 1446 418 1483 hortatorem
442 1444 698 1491 desiderasti,
727 1444 823 1483 illud
851 1452 984 1482 tamen
1013 1443 1179 1482 breviter
1206 1442 1505 1493 significandum
1526 1451 1550 1478 2

179 1510 342 1557 videtur,
367 1511 557 1560 populum
581 1511 808 1548 Romanum
831 1508 964 1548 omnia
984 1522 1008 1548 a
1028 1517 1064 1547 te
1087 1516 1309 1558 exspectare
1329 1516 1447 1557 atque
1469 1507 1507 1545 in

178 1583 214 1614 te
251 1576 464 1626 aliquando
495 1575 771 1626 reciperandae
801 1574 988 1614 libertatis
1019 1588 1179 1613 omnem
1210 1587 1319 1624 spem
1350 1587 1507 1623 ponere.

177 1642 239 1679 Tu
269 1641 298 1679 si
327 1641 410 1680 dies
432 1649 648 1692 noctesque
670 1640 903 1687 memineris,
928 1641 1036 1690 quod
1065 1648 1101 1678 te
1129 1641 1254 1693 facere
1284 1646 1390 1677 certo
1415 1638 1506 1684 scio,

178 1715 365 1757 quantam
407 1721 487 1746 rem
528 1707 702 1758 gesseris,
744 1721 824 1745 non
860 1706 1090 1745 obliviscere
1130 1706 1304 1755 profecto
1339 1712 1509 1754 quantae

179 1771 247 1810 tibi
283 1771 399 1811 etiam
436 1787 541 1811 nunc
576 1773 770 1823 gerendae
803 1771 890 1810 sint.
951 1770 989 1808 Si
1023 1770 1127 1808 enim
1163 1769 1234 1808 iste
1267 1769 1507 1819 provinciam

179 1845 315 1876 nactus
341 1837 511 1884 erit,'cui
537 1837 698 1887 quidem
724 1851 796 1887 ego
824 1850 978 1886 semper
1004 1835 1153 1874 amicus
1180 1835 1244 1881 fui,
1274 1842 1363 1873 ante
1389 1849 1506 1884 quam

179 1901 287 1940 illum
321 1901 491 1940 intellexi
523 1916 603 1940 non
638 1903 758 1940 modo
797 1908 929 1951 aperte
964 1902 1034 1939 sed
1073 1899 1189 1938 etiam
1222 1899 1387 1938 libenter
1416 1913 1506 1937 cum

178 1981 217 2005 re
248 1981 282 2017 p.
316 1968 463 2006 bellum
491 1981 633 2017 gerere,
666 1980 774 2017 spem
811 1966 999 2016 reliquam
1030 1967 1177 2003 nullam
1209 1965 1325 2004 video
1359 1964 1503 2003 salutis.

180 2034 311 2081 Quam
342 2033 394 2072 ob
424 2047 505 2071 rem
536 2041 573 2071 te
603 2033 768 2071 obsecro
797 2032 937 2071 iisdem
969 2032 1150 2082 precibus
1178 2030 1321 2081 quibus
1349 2038 1506 2069 senatus
1526 2042 1549 2077 3

178 2099 426 2148 populusque
455 2100 660 2137 Romanus
694 2106 736 2136 ut
775 2097 814 2136 in
848 2106 1081 2148 perpetuum
1120 2110 1201 2135 rem
1233 2110 1268 2146 p.
1301 2095 1507 2134 dominatu

179 2163 284 2213 regio
318 2164 468 2210 liberes,
506 2171 548 2201 ut
582 2162 781 2213 principiis
816 2162 1064 2202 consentiant
1094 2162 1228 2201 exitus.
1288 2163 1419 2199 Tuum
1450 2169 1508 2200 est

179 2229 255 2267 hoc
283 2243 436 2276 munus,
460 2237 549 2268 tuae
574 2237 713 2279 partes,
736 2242 758 2267 a
785 2237 821 2267 te
849 2230 924 2268 hoc
955 2228 1090 2267 civitas
1119 2229 1179 2266 vel
1210 2241 1347 2266 omnes
1378 2226 1507 2276 potius

121 2308 160 2339 30
178 2302 314 2344 gentes
335 2308 415 2333 non
443 2302 670 2344 exspectant
695 2295 821 2332 solum
850 2295 919 2332 sed
947 2293 1063 2332 etiarn
1091 2295 1300 2343 postulant.
1362 2293 1508 2340 Quam-

180 2372 309 2409 quam,
334 2373 423 2397 cum
445 2358 666 2397 hortatione
687 2372 766 2396 non
789 2372 913 2408 egeaS,
937 2366 978 2396 ut
1005 2371 1120 2407 supra
1148 2357 1292 2407 scripsi,
1316 2371 1395 2395 non
1425 2364 1509 2394 utar

217 2473 253 2493 12
272 2463 365 2504 Idus]
385 2463 460 2496 Kal.
480 2462 582 2494 Rucle
673 2472 709 2501 14
727 2462 884 2502 optabam
898 2461 990 2492 HD:
1017 2461 1166 2492 ortabam
1181 2460 1231 2491 Μ’
1251 2471 1257 2490 :
1281 2460 1416 2491 ortabar
1433 2460 1487 2490 Mc
