1791 2796
567 143 680 180 EPP.
712 142 788 179 AD
820 141 1167 180 FAMILIARES
1489 143 1518 179 Ι.
1542 152 1607 178 va

204 252 243 292 in
273 252 491 292 eiusmodi
519 252 812 304 perturbatione
850 266 978 291 rerum
1009 265 1252 304 quamquam
1282 252 1416 292 omnia
1445 263 1536 291 sunt

204 319 427 366 metuenda,
450 318 546 356 nihil
576 317 697 368 magis
727 331 846 368 quam
873 318 1078 368 perfidiam
1109 318 1294 357 timemus
1324 326 1362 357 et
1392 317 1536 358 Catoni

203 383 375 434 quidem,
412 397 573 434 quoquo
605 384 725 422 modo
757 397 798 422 se
828 397 888 422 res
922 384 1053 430 habet,
1089 384 1266 434 profecto
1297 383 1533 422 resistemus.

204 450 266 487 De
287 448 552 487 Alexandrina
580 462 620 486 re
649 461 846 499 causaque
875 448 979 497 regia
1007 456 1159 486 tantum
1190 449 1320 487 habeo
1346 447 1533 499 polliceri,
1554 453 1578 490 3

165 526 181 556 5
203 527 266 552 me
287 512 356 551 tibi
377 513 530 551 absenti
547 513 702 563 tuisque
718 513 989 564 praesentibus
1006 515 1204 552 cumulate
1220 513 1312 552 satis
1327 515 1533 561 facturum,

202 579 272 617 sed
293 592 436 626 vereor,
460 592 509 617 ne
529 587 595 617 aut
616 578 799 629 eripiatur
820 592 937 617 causa
963 578 1066 628 regia
1086 578 1202 617 nobis
1222 587 1289 617 aut
1309 580 1535 627 deseratur3

202 657 370 694 quorum
399 652 529 682 utrum
560 644 689 682 minus
716 644 843 691 velim,
867 657 947 682 non
972 643 1084 682 facile
1108 657 1271 693 possum
1301 643 1532 682 existimare.

203 710 292 756 Sed,
316 709 346 747 si
368 723 427 747 res
449 717 572 759 coget,
596 717 654 747 est
684 708 873 758 quiddam
902 708 1070 755 tertium,
1094 710 1203 758 quod
1231 722 1360 758 neque
1391 708 1535 747 Selicio

203 787 276 812 nec
297 773 392 811 mihi
414 773 657 824 displicebat,
681 782 722 811 ut
743 787 872 823 neque
894 773 1019 812 iacere
1040 778 1196 823 †regem
1217 782 1439 824 pateremur
1460 787 1534 812 nee

147 858 184 879 10
204 838 317 877 nobis
348 839 656 889 repugnantibus
687 840 738 878 ad
770 853 860 877 eum
892 838 1042 886 deferri,
1073 840 1124 877 ad
1154 852 1273 888 quem
1303 852 1426 889 prope
1455 838 1530 877 iam

202 905 376 943 delatum
397 904 647 943 existimatur.
708 906 744 942 A
765 903 879 942 nobis
906 912 1070 954 agentur
1098 904 1232 942 omnia
1252 903 1467 954 diligenter,
1490 911 1534 942 ut

202 982 342 1019 neque,
379 969 409 1007 si
444 969 539 1019 quid
571 969 738 1008 obtineri
770 969 922 1019 poterit,
956 983 1037 1008 non
1067 971 1356 1008 contendamus
1386 983 1469 1015 nec,
1502 968 1534 1007 si

202 1034 298 1085 quid
317 1048 398 1074 non
424 1034 720 1083 obtinuerimus,
743 1035 887 1085 repulsi
914 1048 998 1073 esse
1018 1034 1221 1073 videamur
1235 1049 1245 1083 3
1274 1042 1364 1072 tuae
1384 1033 1534 1084 sapien·
1551 1041 1578 1079 4

203 1099 278 1138 tiae
312 1099 672 1150 magnitudinisque
705 1100 826 1138 animi
865 1108 923 1139 est
962 1114 1123 1139 omnem
1162 1099 1465 1149 amplitudinem
1496 1107 1535 1137 et

146 1173 182 1205 15
202 1163 430 1215 dignitatem
461 1173 567 1204 tuam
589 1165 628 1203 in
649 1165 789 1204 virtute
817 1173 936 1216 atque
964 1164 1004 1203 in
1034 1166 1150 1204 rebus
1179 1165 1296 1215 gestis
1318 1164 1393 1203 tuis
1414 1173 1534 1214 atque

202 1228 240 1268 in
271 1237 337 1268 tua
366 1230 552 1280 gravitate
581 1230 749 1281 positam
780 1224 1026 1278 existimare3
1065 1230 1095 1268 si
1125 1230 1222 1281 quid
1251 1244 1298 1268 ex
1326 1229 1372 1268 iis
1401 1230 1530 1277 rebus,

201 1307 297 1343 quas
319 1294 388 1332 tibi
409 1296 564 1334 fortuna
584 1295 719 1346 largita
739 1303 807 1343 est,
824 1309 904 1334 non
925 1297 1123 1334 nullorum
1144 1294 1351 1333 hominum
1368 1294 1533 1345 perfidia

200 1359 417 1406 detraxerit,
441 1359 480 1398 id
502 1359 635 1399 maiori
667 1360 740 1398 illis
771 1359 897 1399 fraudi
926 1374 1044 1411 quam
1066 1359 1137 1398 tibi
1158 1361 1342 1398 futurum.
1402 1362 1438 1397 A
1468 1373 1531 1398 me

200 1424 352 1462 nullum
387 1432 540 1475 tempus
570 1424 887 1475 praetermittitur
917 1426 966 1464 de
997 1425 1072 1463 tuis
1102 1425 1218 1463 rebus
1253 1433 1290 1463 et
1320 1424 1462 1474 agendi
1493 1432 1531 1463 et

141 1502 181 1524 20
199 1487 421 1538 cogitand>i3
450 1498 538 1528 utor
567 1491 617 1529 ad
647 1490 780 1528 onmia
810 1492 858 1539 Q.
882 1489 1036 1537 Selicio,
1068 1504 1198 1540 neque
1228 1489 1333 1528 enim
1363 1491 1531 1540 pruden-

199 1552 337 1592 tiorem
372 1568 613 1605 quemquam
648 1569 694 1594 ex
725 1555 800 1594 tuis
831 1569 961 1606 neque
992 1556 1071 1594 fide
1103 1555 1250 1594 maiore
1282 1569 1366 1593 esse
1397 1554 1529 1594 iudico

198 1632 327 1669 neque
346 1620 603 1660 amantiorem
624 1620 691 1659 tui.

241 1751 319 1787 Vb
431 1756 501 1789 Ser.
522 1756 649 1788 Romae
660 1757 762 1798 paulo
777 1761 851 1797 post
867 1758 900 1789 vi
913 1757 963 1789 ld.
984 1758 1071 1789 Febr.
1093 1768 1122 1789 a.
1145 1759 1208 1798 698
1227 1759 1306 1797 ⁴5⁶,-

399 1833 453 1864 ssL
482 1833 651 1865 CICERO
673 1834 710 1866 S.
735 1833 779 1865 D.
806 1834 845 1866 P.
875 1834 1096 1866 LENTl⁴⁷LO
1118 1834 1314 1866 PROCOS.

139 1928 177 1960 ²5
254 1910 334 1949 Hic
364 1925 465 1961 quae
502 1920 665 1962 agantur
699 1926 879 1963 quaeque
912 1921 999 1951 acta
1033 1912 1119 1959 sint,
1154 1927 1200 1951 ea
1238 1921 1276 1951 te
1315 1921 1352 1951 et
1392 1913 1526 1953 litteris
1547 1921 1564 1947 1

198 1977 410 2014 multorum
440 1984 478 2015 et
507 1977 653 2015 nuntiis
682 1991 873 2028 cognosse
899 1978 1091 2026 arbitror,
1119 1992 1220 2028 quae
1247 1986 1378 2016 autem
1400 1979 1528 2029 posita

196 2049 286 2080 sunt
313 2041 352 2080 in
379 2042 604 2081 coniectura
625 2056 806 2094 quaeque
826 2043 1008 2082 videntur
1028 2045 1120 2091 fore,
1144 2057 1190 2082 ea
1210 2052 1306 2094 puto
1328 2044 1397 2082 tibi
1418 2058 1441 2082 a
1462 2058 1525 2083 me

242 2155 254 2174 1
283 2146 368 2176 modi
387 2145 461 2178 add.
482 2151 550 2178 vett.
686 2158 705 2186 3
732 2148 929 2179 resistemus
950 2148 1058 2179 ζητῇς
1094 2148 1282 2179 resistimus
1301 2147 1390 2179 MG:
1430 2149 1526 2180 resti·

196 2188 296 2219 timus
319 2189 352 2219 R
482 2192 503 2220 6
527 2201 626 2222 causa
651 2191 743 2231 regia
759 2191 815 2223 del.
837 2191 944 2225 Allan..
973 2192 1080 2223 Basta»
1216 2193 1236 2222 8
1260 2192 1385 2232 neque]
1412 2203 1472 2223 nec
1493 2193 1524 2232 Q

196 2232 322 2264 Baiter:
349 2243 460 2273 neque
478 2245 601 2265 nomen
626 2236 800 2274 proprium
818 2235 851 2265 R
1005 2246 1027 2275 9
1051 2235 1182 2276 regem]
1202 2246 1271 2266 rem
1297 2241 1324 2266 et
1339 2240 1448 2276 postea
1467 2238 1523 2267 de-

196 2274 262 2306 lata
274 2275 518 2318 Mmryni-Lag.
672 2289 712 2309 10
729 2280 769 2310 ad
783 2279 874 2320 eum]
893 2279 934 2310 ad
953 2290 1029 2310 eum
1047 2280 1220 2318 negotium
1238 2279 1433 2320 thsznbwg.
1451 2280 1525 2311 bene

198 2321 236 2348 16
261 2320 405 2359 positam
423 2322 512 2361 (corr.
528 2333 566 2353 cx
576 2323 774 2361 possitame‘)
790 2322 858 2353 Ml:
884 2333 921 2354 se
934 2324 1076 2362 positam
1094 2323 1156 2353 GR
1169 2323 1263 2363 :som
1285 2334 1359 2354 esse
1378 2324 1521 2362 positam

196 2372 238 2392 20
261 2362 319 2403 Q]
338 2364 358 2402 ᾇ
381 2364 433 2403 (ex
447 2366 527 2405 que)
547 2364 604 2396 M:
629 2377 694 2405 que
715 2367 760 2397 G:
793 2377 880 2406 quae
897 2368 930 2397 R
1041 2377 1081 2407 25
1106 2372 1274 2406 aguntur.
1295 2392 1301 2398 .
1322 2392 1328 2398 .
1349 2372 1423 2397 acta
1440 2372 1521 2398 sunt

195 2417 234 2436 ea
254 2406 303 2436 vel
315 2412 460 2445 agantur
475 2433 482 2440 .
501 2433 508 2440 .
528 2433 535 2441 .
555 2414 628 2441 acta
645 2410 712 2441 sint
730 2410 800 2452 [ea]
821 2409 1008 2452 Wcscnbmg
1117 2412 1160 2441 26
1177 2411 1374 2450 cognovisse
1395 2410 1440 2441 G:
1466 2422 1520 2441 co·

193 2460 358 2489 gnoscere
374 2455 442 2484 velt.
