1791 2796
134 147 203 183 VI.
230 157 259 182 x
622 147 677 184 M.
711 148 878 184 TVLLI
912 147 1220 186 CICERONIS

252 257 472 297 necessario
502 257 716 297 revivescat
742 265 861 309 atque
890 266 1083 297 recreetur
1112 258 1338 309 cotidieque
1365 260 1514 311 aliquid
1544 262 1586 300 fit

250 321 378 361 lenius
413 330 450 362 et
480 322 678 362 liberalius
715 337 833 374 quam
870 323 1116 362 timebamus.
1179 325 1292 373 Quae
1326 325 1514 375 quoniam
1546 325 1586 364 in

251 394 474 439 temporum
505 387 827 427 inclinationibus
858 402 974 439 saepe
1006 389 1133 438 parvis
1163 389 1291 439 posita
1320 397 1420 436 sunt,
1453 390 1587 429 omnia

251 461 453 493 momenta
487 453 784 493 observabimus
819 467 948 504 neque
987 455 1110 492 ullum
1145 454 1498 504 praetermittemus
1531 455 1586 494 tui

204 521 231 558 6
251 518 411 558 iuvandi
432 527 469 558 et
490 518 647 558 levandi
667 520 809 558 locum.
872 520 1012 569 Itaque
1041 519 1138 558 illud
1165 521 1340 567 alterum,
1364 521 1473 571 quod
1493 520 1583 567 dixi,
1606 537 1623 568 5

249 584 462 624 litterarum
492 598 616 635 genus
647 583 793 623 cotidie
828 583 934 630 mihi,
968 592 1010 622 ut
1040 598 1164 635 spero,
1198 586 1263 624 fiet
1292 585 1512 636 proclivius,
1544 593 1586 624 ut

248 649 367 688 etiam
387 649 563 700 polliceri
585 649 744 701 possim.
808 651 855 688 Id
877 663 916 688 re
937 663 1056 700 quam
1077 649 1205 689 verbis
1227 650 1365 689 faciam
1388 651 1583 690 libentius.

248 716 311 753 Tu
332 715 449 754 velim
470 715 669 754 existimes
694 723 732 753 et
760 714 881 765 pluris
909 723 947 753 te
971 714 1120 754 amicos
1145 716 1289 754 habere
1314 729 1432 767 quam
1454 716 1520 767 qui
1545 717 1584 755 in

248 779 323 819 isto
353 794 445 819 casu
475 780 552 819 sint
581 794 627 819 ac
657 779 810 827 fuerint,
844 789 1037 831 quantum
1067 780 1228 831 quidem
1260 795 1332 832 ego
1361 781 1585 832 intellegere

247 845 453 896 potuerim,
491 853 529 884 et
569 859 632 884 me
671 847 891 885 concedere
930 859 1066 884 eorum
1101 845 1260 884 nemini.
1333 848 1489 887 Fortem
1525 848 1646 886 sacro

246 911 435 950 animum·
463 912 610 950 habeas
649 919 687 950 et
723 924 921 961 magnum,
958 912 1067 961 quod
1098 918 1156 949 est
1188 910 1228 949 in
1263 925 1343 950 uno
1378 920 1440 959 te3
1483 926 1584 962 quae

247 984 338 1015 sunt
377 976 415 1014 in
456 978 621 1023 fortuna,
659 976 903 1027 temporibus
942 983 1124 1028 regentur
1157 984 1195 1015 et
1229 976 1403 1016 consiliis
1442 978 1583 1017 nostris

246 1042 569 1093 providebuntur.

289 1176 356 1211 XI
515 1180 586 1212 Scr.
609 1181 642 1211 in
665 1180 849 1212 Tusculano
865 1181 908 1211 in.
931 1191 975 1211 m.
997 1180 1071 1211 lun.
1092 1191 1122 1211 a.
1149 1190 1207 1221 709
1225 1180 1307 1222 (45).

580 1259 624 1289 M.
653 1259 829 1290 CICERO
856 1259 889 1290 S.
920 1258 959 1289 D.
987 1257 1243 1289 TREBIANO.
1605 1271 1641 1304 15

209 1347 226 1375 1
302 1336 550 1375 Dolabellam
581 1344 695 1375 antea
731 1345 882 1375 tantum
916 1338 1038 1376 modo
1068 1336 1292 1387 diligebam,
1322 1335 1516 1386 obligatus
1546 1335 1581 1374 ei

244 1399 340 1438 nihil
376 1415 481 1439 eram
517 1403 608 1452 (nee
643 1402 749 1440 enim
784 1402 980 1441 acciderat
1015 1401 1111 1439 mihi
1147 1406 1272 1451 lopus
1312 1415 1407 1448 esse,
1445 1408 1483 1439 et
1517 1400 1581 1439 ille

245 1465 339 1503 mihi
379 1468 561 1513 debebat,
597 1469 706 1517 quod
738 1481 818 1506 non
853 1469 1054 1506 defueram
1090 1466 1172 1505 eius
1207 1466 1434 1517 periculis);
1474 1480 1581 1505 nunc

244 1538 353 1570 tanto
384 1546 468 1570 sum
502 1532 709 1571 devinctus
736 1533 819 1571 eius
845 1532 1049 1579 beneficio,
1074 1534 1182 1583 quod
1210 1540 1247 1570 et
1271 1540 1387 1570 antea
1414 1531 1453 1569 in
1479 1545 1517 1571 re
1542 1539 1580 1570 et

243 1597 319 1634 hoc
341 1605 516 1648 tempore
538 1598 575 1635 in
599 1600 723 1637 salute
752 1607 817 1636 tua
844 1597 1152 1636 cumulatissime
1182 1597 1276 1635 mihi
1299 1596 1391 1635 satis
1412 1596 1513 1642 fecit,
1537 1604 1579 1634 ut
1602 1611 1640 1632 ,νο

242 1661 391 1699 nemini
431 1664 517 1712 plus
557 1663 736 1702 debeam.
797 1652 895 1711 Quav
926 1662 965 1700 in
1005 1677 1044 1701 re
1079 1662 1148 1701 tibi
1182 1663 1352 1712 gratulor
1383 1661 1435 1699 ita
1467 1662 1579 1700 vehe-

243 1736 393 1766 menter
432 1736 473 1765 ut
514 1736 550 1766 te
585 1742 744 1778 quoque
784 1727 879 1766 mihi
918 1727 1099 1778 gratulari
1141 1741 1258 1777 quam
1291 1726 1431 1777 gratias
1465 1741 1577 1777 agere

241 1793 400 1840 malim;
433 1795 598 1833 alterum
629 1793 794 1833 omnino
824 1807 904 1833 non
934 1793 1127 1840 desidero,
1149 1794 1313 1831 alterum
1336 1806 1423 1831 vere
1452 1793 1577 1831 facere

240 1858 395 1907 poteris.

196 1935 220 1962 2
295 1924 416 1971 Quod
447 1923 639 1974 reliquum
670 1931 738 1970 est,
771 1923 959 1974 quoniam
993 1923 1065 1962 tibi
1093 1922 1212 1962 virtus
1242 1930 1280 1961 et
1309 1922 1479 1973 dignitas
1510 1930 1575 1962 tua
1598 1937 1633 1969 25

239 1988 407 2027 reditum
429 1990 478 2027 ad
501 1997 588 2027 tuos
609 1988 770 2039 aperuit,
790 1997 847 2027 est
868 1997 957 2027 tuae
979 1988 1192 2039 sapientiae
1214 1987 1573 2038 magnitudinisque

237 2053 357 2090 animi
405 2053 500 2103 quid
540 2053 714 2092 amiseris
761 2053 950 2099 oblivisci,
989 2054 1084 2103 quid
1126 2053 1348 2104 reciperaris
1390 2052 1569 2103 cogitare.

237 2117 356 2156 Vives
387 2132 475 2156 cum
509 2118 594 2164 tuis,
618 2118 723 2156 vives
751 2118 987 2158 nobiscum:
1022 2120 1108 2168 plus
1137 2117 1341 2168 adquisisti
1372 2117 1571 2167 dignitatis

237 2196 355 2232 quam
377 2182 539 2220 amisisti
562 2182 613 2220 rei
636 2182 834 2221 familiaris
853 2197 861 2230 3
896 2196 996 2232 quae
1019 2182 1101 2233 ipsa
1123 2191 1205 2221 tum
1227 2190 1328 2221 esset
1349 2181 1566 2229 iucundior,

237 2246 267 2284 si
289 2249 367 2286 ulla
388 2261 446 2286 res
468 2256 568 2286 esset
591 2247 758 2298 publica.
1589 2261 1629 2291 30

278 2341 300 2370 6
323 2345 359 2371 ut
376 2340 502 2379 aliquid
525 2340 623 2371 etiam
644 2339 793 2379 polliceri
818 2339 852 2371 T.
871 2339 975 2378 quiin
993 2339 1050 2369 hoc
1065 2339 1155 2369 verbo
1171 2338 1286 2369 desini!
1424 2349 1458 2377 ¹7
1484 2339 1564 2370 mihi

236 2395 337 2423 opera
356 2389 391 2415 ut
408 2385 481 2415 eius
495 2394 580 2423 opus
593 2388 683 2414 essct
699 2383 778 2413 coni.
795 2382 917 2413 Malle»
929 2386 1101 2421 praeeunte
1117 2381 1312 2414 Lelmtanno
1328 2382 1567 2423 qm'proposm'l

235 2428 316 2458 mihi
334 2438 436 2467 opera
455 2428 528 2458 cius
547 2431 581 2458 ut
599 2427 677 2457 mihi
696 2438 724 2457 o.
747 2432 847 2458 esset.
867 2426 932 2457 coll.
955 2427 1007 2456 vii.
1029 2437 1079 2465 3¹-
1102 2437 1120 2455 2
1219 2436 1296 2456 csse
1322 2425 1377 2457 M:
1405 2431 1495 2457 esset
1515 2426 1562 2457 G:

234 2472 305 2502 cius
327 2471 359 2502 R
493 2481 535 2511 29
560 2476 628 2501 tum
647 2470 737 2501 MG:
763 2476 827 2501 tam
844 2470 895 2500 R:
922 2475 1031 2500 tamen
1051 2469 1169 2499 Lamb.
