1791 2796
563 137 674 174 EPP.
708 137 783 174 AD
816 136 1162 174 FAMILIARES
1467 138 1583 175 VIII.
1605 137 1682 174 xvi

198 247 376 291 subisse:
417 261 522 286 nunc
552 256 590 287 te
619 256 754 286 contra
784 247 969 286 victorem
1001 249 1208 287 Caesarem
1242 249 1379 295 facere,
1412 260 1530 302 quem

198 313 328 352 dubiis
360 314 475 352 rebus
510 314 663 352 laedere
695 312 864 361 noluisti,
896 322 933 351 et
964 315 1014 352 ad
1049 327 1116 352 eos
1149 315 1301 364 fugatos
1330 314 1528 361 accedere,

197 392 297 429 quos
318 379 529 418 resistentis
554 378 664 429 sequi
686 378 864 425 nolueris,
889 392 1066 417 summac
1088 378 1273 417 stultitiae
1294 387 1362 417 est.
1427 378 1531 418 Vide

198 458 257 490 ne,
281 445 376 483 dum
405 445 526 494 pudet
553 452 590 483 te
620 458 756 495 parum
784 444 1015 495 optimatem
1043 458 1138 491 esse,
1162 459 1298 495 parum
1325 445 1530 495 diligenter

159 525 176 555 5
197 509 293 559 quid
322 509 515 560 optimum
546 509 594 547 sit
623 509 752 560 eligas.
823 511 944 560 Quod
974 510 1005 548 si
1035 518 1162 548 totum
1195 510 1266 549 tibi
1296 511 1530 560 persuadere
1548 516 1573 554 3

196 588 277 613 non
298 588 470 625 possum,
494 576 644 622 saltem,
665 576 760 613 dum
789 575 884 625 quid
909 576 959 613 de
990 575 1195 625 Hispaniis
1216 589 1377 626 agamus
1398 575 1530 622 scitur,

195 648 401 689 exspecta,
435 653 532 690 quas
564 640 634 678 tibi
669 640 807 679 nuntio
841 641 1013 679 adventu
1041 641 1219 679 Caesaris
1254 642 1334 680 fore
1364 649 1526 679 nostras.

196 706 328 754 Quam
357 704 419 743 isti
449 718 559 755 spem
591 705 761 744 habeant
790 705 942 744 amissis
979 705 1184 755 Hispaniis
1218 706 1380 752 nescio;
1418 706 1526 756 quod

194 782 310 820 porro
349 778 459 808 tuum
499 769 706 808 consilium
751 770 799 808 sit
842 771 892 808 ad
937 771 1164 820 desperatos
1209 772 1396 809 accedere
1444 784 1525 809 non

139 852 175 873 10
195 834 348 873 medius
382 834 497 873 fidius
536 834 695 885 reperio.
767 836 860 874 Hoc
891 836 999 886 quod
1033 842 1074 873 tu
1106 848 1186 874 non
1218 835 1390 874 dicendo
1428 835 1569 886 mihi4

195 899 419 950 significasti
451 900 594 939 Caesar
631 899 807 938 audierat
851 913 907 946 ac,
945 899 1061 938 simul
1099 907 1219 950 atque
1254 901 1396 939 ‘have'
1429 899 1526 947 mihi

194 964 300 1012 dixit,
335 964 474 1003 statim·
499 964 595 1014 quid
635 965 685 1003 de
724 973 760 1003 te
798 965 972 1004 audisset
1010 965 1200 1016 exposuit.
1273 964 1424 1015 Negavi
1463 979 1527 1003 me

194 1029 301 1077 scire,
324 1031 394 1069 sed
418 1037 550 1068 tamen
579 1031 630 1068 ab
658 1042 705 1068 eo
732 1029 826 1080 petii
856 1037 898 1068 ut
924 1031 975 1068 ad
1005 1037 1043 1068 te
1070 1030 1214 1069 litteras
1243 1030 1425 1079 mitteret,
1446 1030 1528 1081 qui-

195 1096 268 1134 bus
285 1095 452 1134 maxime
472 1096 523 1134 ad
544 1095 827 1134 remanendum
849 1095 1089 1134 commoveri
1110 1109 1257 1145 posses,
1302 1097 1371 1134 Me
1391 1109 1525 1134 secum

141 1172 176 1204 15
195 1160 235 1198 in
258 1159 493 1210 Hispaniam
516 1159 625 1198 ducit
643 1174 653 1207 3
690 1173 780 1198 nam
809 1159 883 1198 nisi
912 1159 966 1198 ita
991 1161 1144 1208 faceret,
1168 1174 1251 1211 ego,
1279 1161 1384 1211 prius
1406 1174 1524 1211 quam

194 1226 245 1264 ad
261 1224 397 1264 urbem
418 1226 658 1272 accederem,
675 1224 916 1274 ubicumque
936 1238 1052 1273 esseS‚
1067 1227 1118 1264 ad
1139 1233 1176 1264 te
1197 1226 1523 1276 percucurrissem

194 1298 232 1330 et
252 1291 328 1329 hoc
348 1304 371 1329 a
391 1298 427 1329 te
448 1303 631 1340 praesens
651 1289 944 1344 contendissem
965 1298 1083 1341 atque
1103 1291 1211 1329 omni
1234 1291 1269 1329 vi
1291 1300 1328 1330 te
1349 1291 1523 1331 retinuis-

193 1370 286 1396 sem.
361 1356 489 1396 Etiam
522 1364 640 1407 atque
679 1357 807 1404 etiam,
842 1356 992 1408 Ciqero,
1029 1357 1157 1408 cogita
1190 1371 1240 1397 ne
1278 1366 1316 1397 te
1355 1366 1565 1409 tuosque5

192 1422 320 1462 omnis
340 1422 517 1462 funditus
537 1429 699 1470 evertas,
719 1435 769 1461 ne
789 1429 827 1461 te
847 1409 974 1461 sciEns
997 1423 1250 1474 prudensque
1270 1437 1319 1463 eo
1338 1424 1523 1463 demittas

135 1505 174 1526 20
193 1489 299 1527 unde
328 1488 473 1527 exitum
503 1487 612 1526 vides
642 1489 793 1525 nullum
833 1501 927 1526 esse.
1005 1489 1127 1537 Quod
1157 1489 1187 1527 si
1227 1496 1265 1527 te
1302 1497 1369 1527 aut
1407 1503 1524 1529 voces

192 1553 439 1604 optimatium
469 1560 721 1592 commovent
750 1560 817 1591 aut
846 1567 926 1592 non
957 1555 1155 1592 nullorum
1185 1554 1391 1593 hominum
1424 1555 1525 1594 inso-

191 1618 351 1658 lentiam
372 1626 410 1658 et
431 1617 681 1657 iactationem
703 1619 799 1657 ferre
820 1632 899 1657 non
921 1626 1044 1669 potes,
1060 1619 1178 1670 eligas
1199 1633 1343 1659 censeo
1362 1620 1524 1671 aliquod

191 1683 381 1734 oppidum
403 1697 571 1722 vacuum
591 1697 614 1722 a
634 1685 749 1731 bello,
772 1685 868 1723 dum
890 1685 987 1723 haec
1008 1686 1272 1723 decernuntur
1286 1701 1295 1733 3
1325 1699 1425 1736 quae
1446 1685 1523 1724 iam

191 1757 303 1787 erunt
337 1749 526 1787 confecta.
588 1750 636 1787 Id
670 1748 701 1786 si
735 1748 882 1795 feceris,
916 1757 954 1787 et
985 1761 1057 1799 ego
1090 1758 1127 1788 te
1161 1749 1355 1800 sapienter
1386 1749 1523 1789 fecisse

137 1827 172 1857 25
191 1813 375 1853 iudicabo
396 1822 434 1852 et
456 1814 664 1853 Caesarem
687 1826 767 1852 non
788 1813 976 1852 offendes.

244 1954 379 1989 XVII
451 1957 520 1989 Ser.
549 1957 676 1989 Romae
699 1964 747 1989 vet
770 1969 817 1989 ex.
844 1969 890 1989 m.
918 1957 991 1988 Ian.
1020 1958 1070 1989 vel
1092 1968 1135 1989 m.
1164 1957 1254 1990 Febr.

749 2024 779 2043 a.
797 2015 855 2052 706
870 2012 958 2055 (48).

598 2089 794 2121 CAELIVS
819 2090 1043 2121 CICERONI
1070 2090 1106 2122 S.

247 2168 350 2216 Ergo
383 2180 445 2205 me
476 2166 605 2217 potius
634 2167 673 2204 in
705 2167 900 2218 Hispania
930 2167 1048 2206 fuisse
1078 2176 1162 2206 tum
1187 2181 1305 2218 quam
1337 2167 1512 2216 formiis,
1534 2182 1550 2208 1

133 2249 172 2280 30
191 2245 311 2282 quom
345 2240 385 2270 tu
420 2233 616 2282 profectus
645 2246 686 2271 es
720 2234 769 2272 ad
802 2233 1062 2284 Pompeium!
1106 2234 1215 2283 quod
1245 2233 1394 2271 utinam
1425 2237 1515 2273 †aut

191 2297 343 2347 Appius
365 2297 555 2337 Claudius
577 2298 616 2336 in
646 2297 719 2336 ista
744 2306 852 2348 parte
873 2299 917 2338 C.
941 2297 1072 2345 Curio,
1095 2298 1237 2348 quoius
1260 2297 1432 2336 amicitia
1452 2311 1515 2336 me

238 2395 276 2424 16
300 2395 583 2434 percucurrissem
607 2395 682 2426 A²z
720 2397 960 2435 percurrissem
987 2396 1028 2426 M
1136 2406 1173 2435 31
1202 2395 1364 2426 Claudius
1394 2396 1426 2425 in
1454 2396 1516 2426 hac

193 2443 288 2478 parte
307 2438 427 2470 fuisset
443 2444 500 2470 aut
518 2439 552 2470 in
569 2439 634 2470 ista
649 2439 748 2471 Klotz
764 2452 771 2471 :
794 2440 854 2471 alii
866 2440 987 2471 similia
1003 2439 1133 2470 addunt
