1791 2796
185 106 214 142 Ι.
238 105 315 141 viii
619 104 675 141 M.
707 103 876 140 TVLLI
912 103 1220 142 CICERONIS

250 230 331 255 rem
361 230 447 255 esse
485 216 701 263 minimam,
733 228 834 266 quae
863 216 914 253 ad
944 223 982 254 te
1011 214 1214 265 pertineat,
1247 229 1348 267 quae
1378 217 1474 256 mihi
1504 232 1586 257 non

249 281 374 321 carior
394 282 441 320 sit
462 295 581 332 quam
604 294 715 319 meae
736 295 795 319 res
817 294 955 319 omnes
973 296 983 329 3
1014 280 1134 331 idque
1161 294 1252 320 cum
1273 282 1450 331 sentiam,
1474 284 1586 323 sedu-

250 347 357 386 litate
378 347 557 386 mihimet
579 347 661 398 ipse
683 346 774 385 satis
799 348 926 385 faeere
950 359 1123 397 possum,
1147 361 1187 386 re
1207 347 1369 398 quidem
1391 348 1475 399 ipsa
1495 348 1586 388 ideo

250 413 346 451 mihi
367 426 446 451 non
468 412 559 451 satis
581 412 691 459 facio,
709 413 817 463 quod
839 413 986 450 nullam
1008 420 1158 463 partem
1179 420 1336 451 tuorum
1358 413 1585 453 meritorum

249 492 330 517 non
361 480 481 517 modo
511 479 724 525 referenda,
748 479 818 517 sed
845 491 895 516 ne
922 477 1132 528 cogitanda
1158 478 1321 529 quidem
1345 479 1466 529 gratia
1495 492 1586 518 con·
1605 493 1623 525 5

249 543 360 593 sequi
381 557 553 594 possum.

205 619 227 656 7
304 609 407 647 Rern
431 617 469 648 te
496 611 612 648 valde
639 609 741 647 bene
768 608 934 659 gessisse
963 622 1096 648 rumor
1119 617 1199 648 erat
1214 624 1224 658 3
1259 611 1586 661 exspectabantur

248 673 398 712 litterae
427 682 528 721 tuae,
561 675 612 713 de
642 674 786 724 quibus
816 687 970 713 eramus
1001 674 1078 712 iam
1107 687 1198 713 cum
1231 675 1423 726 Pompeio
1451 675 1581 715 locuti.

249 739 363 787 Quae
397 738 428 776 si
463 747 576 778 erunt
610 741 761 786 allatae,
796 747 974 777 nostrum
1009 739 1183 778 studium
1223 739 1389 779 exstabit
1424 740 1463 778 in
1494 754 1585 779 con-

247 803 452 842 veniendis
483 803 773 854 magistratibus
804 811 842 841 et
872 803 1130 850 senatoribus,
1160 812 1378 855 ceteraque,
1405 818 1507 855 quae
1533 806 1584 843 ad
1605 817 1645 840 ιο

247 877 286 907 te
316 869 569 919 pertinebunt
604 883 694 908 cum
726 869 843 907 etiam
875 870 962 919 plus
991 869 1313 908 contenderimus
1348 883 1467 921 quam
1497 883 1585 921 pos-

247 948 393 981 summ,
418 934 547 973 minus
568 942 702 974 tamen
723 933 912 973 faciemus
932 946 1052 984 quarn
1072 934 1276 974 debemus.

289 1129 357 1164 IX
587 1133 658 1166 Ser.
678 1133 809 1165 Romae
824 1143 933 1165 mense
948 1133 1022 1165 Dec.
1042 1144 1072 1165 a.
1095 1143 1153 1172 7⁰⁰
1171 1132 1254 1174 (54).

540 1217 583 1248 M.
612 1215 789 1248 CICERO
816 1216 850 1248 S.
881 1216 920 1247 D.
952 1215 1168 1247 LENTVLO
1196 1215 1287 1248 IMP.

207 1315 224 1342 1
299 1300 571 1340 Periueundae
607 1301 701 1339 mibi
734 1303 891 1340 fuerunt
921 1300 1071 1340 litterae
1102 1309 1203 1349 tuae,
1237 1301 1381 1352 quibus
1411 1300 1582 1356 intellexi
1603 1319 1641 1353 15

244 1375 282 1405 te
303 1367 523 1417 perspicere
544 1380 673 1405 meam
695 1366 734 1404 in
756 1375 793 1405 te
818 1366 1004 1416 pietatem
1022 1381 1032 1414 3
1071 1366 1168 1416 quid
1188 1366 1294 1404 enim
1314 1366 1445 1405 dicam
1466 1367 1583 1405 bene-

244 1432 470 1478 volentiam,
503 1445 593 1470 cum
627 1431 723 1469 illud
758 1431 887 1482 ipsum
921 1431 1192 1481 gravissimum
1224 1439 1262 1469 et
1292 1431 1581 1470 sanctissimum

243 1510 390 1535 nomen
420 1496 575 1547 pietatis
606 1496 728 1535 levius
758 1496 854 1534 mihi
884 1496 1030 1535 meritis
1055 1510 1145 1546 erga
1173 1510 1237 1535 me
1266 1496 1342 1535 tuis
1369 1509 1454 1535 esse
1477 1496 1582 1535 vide-

241 1564 359 1600 atur?
417 1562 539 1610 Quod
568 1569 701 1600 autem
733 1561 803 1600 tibi
835 1570 943 1611 grata
974 1574 1062 1600 mea
1093 1575 1183 1611 erga
1217 1569 1256 1600 te
1285 1561 1414 1601 studia
1444 1562 1580 1601 scribis

242 1640 338 1674 esse,
362 1626 455 1665 facis
484 1635 526 1665 tu
555 1626 717 1676 quidem
747 1626 993 1665 abundantia
1022 1628 1195 1677 quadam
1219 1626 1374 1674 amoris,
1399 1635 1440 1666 ut
1461 1627 1578 1666 etiam
1602 1647 1639 1668 20

241 1699 348 1741 grata
369 1691 446 1730 sint
467 1706 523 1739 ea,
548 1705 649 1742 quae
672 1691 927 1742 praetermitti
949 1691 1032 1730 sine
1056 1691 1204 1730 nefario
1225 1693 1371 1731 scelere
1392 1706 1472 1731 non
1493 1706 1580 1743 pos-

242 1765 342 1795 sunt.
403 1757 495 1795 Tibi
515 1765 648 1796 autem
674 1758 799 1795 multo
827 1756 958 1795 notior
983 1766 1102 1807 atque
1130 1756 1328 1796 inlustrior
1348 1771 1459 1796 meus
1480 1758 1519 1797 in
1541 1766 1579 1798 te

241 1821 396 1860 animus
418 1830 530 1868 esset,
555 1822 586 1860 si
613 1823 690 1860 hoc
719 1830 897 1872 tempore
924 1821 1044 1869 omni,
1067 1835 1148 1872 quo
1175 1821 1341 1861 diiuncti
1360 1822 1516 1871 fuimus,
1539 1832 1578 1862 et

199 1903 223 1930 2
242 1900 319 1924 una
341 1895 378 1924 ct
402 1888 554 1924 Romae
575 1887 794 1925 fuissemus
842 1889 946 1925 Nam
967 1886 1007 1925 in
1028 1886 1321 1938 eo.ipso‚·quod
1342 1895 1381 1926 te
1400 1888 1576 1927 ostendis

242 1964 327 1989 esse
349 1952 542 1988 facturum
564 1952 754 2000 quodque
781 1959 819 1989 et
847 1951 885 1988 in
914 1951 1048 2002 primis
1079 1961 1191 2002 potes
1212 1960 1250 1991 et
1271 1965 1344 2002 ego
1363 1965 1387 1991 a
1406 1959 1445 1991 te
1464 1954 1578 1991 vehe-
1598 1971 1634 2003 ²5

243 2025 393 2053 menter
413 2024 609 2065 exspectO,
634 2016 672 2054 in
701 2017 906 2055 sententiis
936 2017 1138 2055 senatoriis
1166 2025 1204 2055 et
1231 2017 1270 2055 in
1292 2017 1401 2056 omni
1421 2017 1577 2057 actione

240 2089 359 2130 atque
397 2079 736 2118 administratione
776 2081 830 2118 rei
870 2081 1051 2130 publicae
1091 2081 1357 2120 floruissemus
1393 2082 1460 2133 (de
1498 2096 1576 2133 qua

241 2146 450 2183 ostendam
472 2144 658 2194 equidem
680 2146 798 2195 paulo
820 2153 908 2195 post
929 2146 994 2195 qui
1017 2146 1064 2184 sit
1090 2159 1200 2184 meus
1221 2159 1358 2185 sensus
1379 2154 1417 2185 et
1438 2154 1572 2195 status,

242 2217 279 2248 et
301 2208 509 2248 rescribam
538 2208 607 2247 tibi
638 2210 688 2248 ad
718 2223 773 2256 ea,
797 2222 898 2260 quae
925 2210 1096 2260 quaeris)
1112 2225 1121 2258 3
1161 2211 1230 2249 sed
1260 2219 1364 2250 certe
1384 2218 1422 2250 et
1442 2225 1516 2262 ego
1536 2221 1575 2251 te

283 2329 303 2359 3
329 2330 463 2359 possum
490 2319 539 2351 G:
575 2320 699 2359 possim
725 2318 798 2350 MR
934 2330 968 2351 11
998 2321 1214 2360 pertinebunt
1235 2324 1328 2352 ’θεας
1364 2320 1458 2352 —bant
1481 2319 1570 2353 codd.

241 2373 285 2402 23
309 2373 376 2402 quo
394 2364 534 2394 diiuncti
552 2367 622 2394 vett.
640 2375 646 2394 :
672 2364 760 2402 quod
779 2363 882 2395 iuncti
902 2362 957 2396 M:
983 2374 1049 2403 quo
1067 2364 1170 2395 iuncti
1190 2363 1254 2395 GR
