1791 2796
582 121 693 157 EPP.
726 121 803 157 AD
835 122 1182 159 FAMILIARES
1511 123 1605 160 I.i·x

213 241 373 272 auctore
411 231 650 270 amicissimo
682 245 728 270 ac
760 231 1048 281 sapientissimo
1083 239 1120 270 et
1153 240 1194 270 tu
1227 246 1289 270 me
1325 232 1547 271 consiliario

212 299 374 336 fortasse
404 310 484 335 non
516 295 818 346 imperitissimo,
844 296 949 334 fideli
975 296 1136 346 quidem
1161 305 1199 335 et
1226 297 1421 336 benevolo
1442 305 1546 337 certe

212 376 304 401 usus
326 375 440 401 esses.
503 362 757 412 Quamquam
783 369 849 400 tua
873 361 1035 411 quidem
1065 375 1182 400 causa
1207 369 1245 401 te
1272 375 1357 401 esse
1384 363 1546 414 impera-

211 436 335 466 torem
356 427 679 477 provinciamque
700 428 802 466 bene
822 427 940 478 gestis
963 428 1078 466 rebus
1099 441 1189 466 cum
1212 428 1382 467 exercitu
1399 429 1546 468 victore

173 503 189 533 5
210 493 399 540 obtinere,
422 501 464 531 ut
485 493 625 540 debeo,
649 494 771 531 laetor
788 508 798 540 3
832 494 901 532 sed
930 502 1044 541 certe,
1068 493 1134 543 qui
1156 494 1226 532 tibi
1247 507 1294 532 ex
1315 508 1377 533 me
1398 496 1545 534 fructus

210 558 415 606 debentur,
452 571 519 597 eos
554 558 753 597 uberiores
793 566 831 597 et
865 559 1149 608 praesentiores
1189 573 1372 610 praesens
1406 575 1544 611 capere

210 624 403 674 potuisses
423 639 432 671 ς
461 624 500 661 in
522 623 576 662 eis
598 637 689 662 vero
710 624 958 671 ulciscendis,
982 637 1081 674 quos
1109 624 1179 663 tibi
1201 625 1340 674 partim
1363 625 1542 665 inimicos

211 703 296 729 esse
327 689 518 740 intellegis
549 697 707 739 propter
734 696 841 727 tuam
872 689 1227 739 propugnationem
1256 690 1389 728 salutis
1418 705 1538 739 meae,

211 754 351 805 partim
390 754 563 793 invidere
602 761 760 804 propter
802 754 902 792 illius
945 754 1110 792 actionis
1158 754 1460 804 amplitudinem
1505 766 1542 795 et

154 832 192 854 10
210 819 382 870 gloriam,
416 819 622 858 mirificum
658 833 721 858 me
752 819 823 857 tibi
855 819 1041 857 comitem
1072 819 1340 869 praebuissem
1356 836 1365 868 3
1409 835 1543 871 quam-

210 899 329 935 quam
364 885 426 923 ille
460 884 643 935 perennis
676 884 856 923 inimicus
895 884 1111 922 amicorum
1152 898 1322 932 suorum,
1360 886 1427 935 qui
1466 887 1541 924 tuis

209 950 386 988 maximis
414 950 614 989 beneficiis
646 958 804 988 ornatus
835 949 874 987 in
904 957 942 988 te
972 949 1220 999 potissimum
1248 951 1410 989 fractam
1435 951 1540 989 illam

208 1022 246 1053 et
273 1015 517 1054 debilitatam
537 1014 615 1052 vim
646 1028 756 1053 suam
788 1015 965 1062 contulit,
989 1022 1162 1053 nostram
1192 1015 1318 1054 vicem
1349 1018 1453 1054 ultus
1483 1026 1541 1055 est

207 1080 290 1131 ipse
317 1095 412 1120 sese.
474 1083 531 1119 Ea
561 1089 618 1120 est
649 1081 753 1119 enim
784 1089 959 1128 conatus,
989 1080 1132 1131 quibus
1163 1081 1366 1131 patefactis
1392 1084 1539 1120 nullam

150 1158 186 1189 15
207 1145 281 1184 sibi
301 1146 341 1184 in
362 1154 562 1196 posterum
590 1159 670 1185 non
696 1147 817 1184 modo
847 1145 1046 1196 dignitatis
1074 1147 1144 1184 sed
1172 1160 1222 1184 ne
1247 1146 1434 1185 libertatis
1460 1147 1541 1197 qui-

206 1212 299 1250 dem
320 1219 469 1262 partem
494 1211 659 1262 reliquit.
719 1213 778 1250 Te
805 1218 938 1250 autem
966 1210 1038 1249 etsi
1066 1212 1222 1249 mallem
1244 1211 1284 1249 in
1306 1211 1402 1250 meis
1424 1213 1539 1251 rebus
1560 1218 1582 1253 3

206 1285 408 1326 expertum
439 1290 557 1327 quam
590 1268 707 1315 etiam
740 1276 779 1314 in
811 1276 898 1323 tuis,
936 1284 1067 1314 tamen
1103 1275 1142 1313 in
1177 1277 1355 1315 molestia
1384 1279 1541 1326 gaudeo

206 1355 293 1379 eam
328 1343 448 1381 fidem
482 1355 674 1391 cognosse
713 1341 920 1379 hominum
961 1353 1041 1379 non
1076 1341 1128 1379 ita
1167 1354 1308 1390 magna
1344 1343 1536 1389 mercede,

206 1420 324 1456 quam
349 1420 422 1457 ego
450 1407 620 1445 maximo
649 1408 785 1445 dolore
816 1419 1039 1456 cognoram.
1101 1408 1162 1445 De
1187 1419 1265 1456 qua
1286 1406 1436 1445 ratione
1457 1415 1538 1446 tota

148 1487 186 1509 20
206 1471 283 1510 iam
303 1471 457 1510 videtur
484 1472 579 1509 mihi
609 1471 833 1522 exponendi
864 1479 1018 1522 tempus
1049 1470 1142 1518 dari,
1166 1479 1207 1510 ut
1235 1471 1305 1510 tibi
1326 1471 1536 1511 rescribam

205 1538 255 1576 ad
276 1551 332 1585 ea,
355 1551 456 1587 quae
477 1536 640 1587 quaeris.

260 1602 475 1642 Certiorem
508 1611 546 1641 te
584 1616 653 1653 per
690 1601 834 1641 litteras
874 1602 1010 1641 scribis
1049 1616 1134 1642 esse
1165 1604 1311 1641 factum
1347 1616 1410 1641 me
1445 1615 1579 1653 cum4

207 1669 374 1707 Caesare
394 1676 431 1707 et
453 1682 542 1707 cum
564 1668 695 1718 Appio
717 1681 801 1707 esse
822 1668 861 1706 in
882 1668 1003 1717 gratia
1030 1675 1147 1717 teque
1168 1668 1208 1706 id
1230 1681 1310 1706 non
1332 1669 1536 1718 reprehen-

206 1734 297 1771 dere
317 1733 531 1780 adscribis;
559 1732 762 1771 Vatinium
790 1740 922 1771 autem
953 1733 1050 1771 scire
1077 1741 1115 1771 te
1135 1734 1234 1772 velle
1259 1733 1434 1771 ostendis
1455 1734 1537 1783 qui-

148 1813 185 1845 ²5
207 1799 280 1837 bus
301 1800 422 1838 rebus.
442 1800 637 1837 adductus
663 1798 908 1837 defenderim
935 1806 972 1836 et
996 1798 1197 1837 laudarim.
1259 1799 1381 1847 Quod
1402 1798 1472 1837 tibi
1493 1807 1536 1838 ut

205 1864 358 1913 planius
375 1877 581 1913 exponam,
599 1863 713 1902 altius
734 1865 854 1913 paulo
874 1863 1063 1902 rationem
1086 1863 1338 1902 consiliorum
1357 1877 1533 1902 meorum

204 1937 376 1979 repetam
398 1942 558 1967 necesse
579 1937 646 1967 est.

259 1995 344 2043 Ego
378 2007 451 2040 me,
486 1995 662 2041 Lentule,
696 1994 806 2034 in³tio
837 2009 963 2034 rerum
994 2003 1112 2045 atque
1145 1994 1346 2033 actionum
1379 2003 1532 2033 tuarum

204 2070 284 2095 non
305 2059 432 2096 solum
457 2058 554 2097 meis
582 2060 651 2097 sed
672 2059 788 2098 etiam
811 2060 863 2098 rei
892 2060 1073 2110 publicae
1100 2060 1328 2104 restitutum,
1343 2061 1531 2110 putabam

145 2138 185 2168 30
203 2130 250 2169 et,
275 2122 461 2172 quoniam
483 2123 552 2162 tibi
573 2124 842 2163 incredibilem
865 2126 1063 2175 quendam
1085 2138 1260 2163 amorem
1281 2133 1318 2163 et
1339 2125 1472 2163 omnia
1493 2125 1532 2162 in

202 2194 240 2225 te
261 2186 389 2236 ipsum
411 2201 564 2227 summa
583 2202 629 2227 ac
650 2189 858 2239 singularia
885 2189 1014 2228 studia
1041 2190 1239 2237 deberem,
1263 2189 1315 2228 rei
1336 2190 1528 2239 publicae,

202 2264 303 2301 quae
324 2259 361 2291 te
381 2252 421 2290 in
443 2266 507 2292 me
527 2247 769 2293 restituendo
791 2255 957 2293 multum
985 2254 1207 2302 adiuvisset,
1232 2268 1321 2293 eum
1344 2262 1446 2293 certe
1468 2268 1531 2292 me

246 2356 267 2385 6
290 2357 557 2396 praestantiores
582 2362 651 2390 vett.
800 2360 842 2389 28
867 2359 960 2390 initio
978 2358 1052 2402 (vi)
1068 2359 1119 2390 vel
1131 2358 1276 2403 (cursu)
1293 2359 1397 2390 Boot:
1434 2358 1530 2389 initio

203 2398 372 2443 (euento)
394 2400 516 2440 Tyrrell

246 2468 307 2491 c1c.
325 2468 372 2490 AD
390 2468 470 2490 rant.
1423 2461 1446 2490 2
