1791 2796
537 154 649 190 EPP.
684 153 762 190 AI)
795 153 1143 190 FAMILIARES
1442 152 1535 189 VII.
1561 153 1669 189 xxiv

186 265 422 303 defuturum.
484 265 556 302 Ille
584 270 730 311 autem,
752 263 817 313 qui
844 262 957 301 sciret
978 276 1019 301 sc
1041 271 1225 313 nepotem
1258 248 1402 301 bollum
1432 262 1518 300 tibi-

187 329 316 368 cinem
338 330 482 368 habere
508 337 546 368 et
573 336 631 367 sat
652 330 801 367 bonum
824 336 1042 375 tinctorem,
1063 328 1241 367 discessit
1260 342 1282 367 a
1304 342 1380 375 me,
1401 336 1441 366 ut
1463 328 1516 366 mi

186 394 405 443 videbatur,
422 394 560 433 iratior.
623 394 761 432 Habes
782 396 791 413 ‘
806 395 949 432 Sardos
970 393 1117 432 venalis
1146 394 1265 432 alium
1286 393 1363 432 alio
1384 393 1517 443 nequi-

186 462 320 499 orem.'
377 459 569 510 Cognosti
601 472 729 498 meam
764 472 923 497 causam
951 466 989 498 et
1017 458 1126 497 istius
1156 458 1348 497 salaconis
1379 458 1517 509 iniqui-

148 540 165 571 5
186 532 317 564 tatem.
376 525 619 564 ‘Catonem'
653 532 765 563 tuum
798 523 893 562 mihi
926 523 1064 571 mitte3
1098 522 1216 574 cupio
1242 523 1348 562 enim
1376 525 1513 574 legere.

187 592 256 629 Me
285 591 416 629 adhuc
445 603 526 629 non
555 588 694 640 legisse
723 597 836 640 turpe
866 589 1020 640 utrique
1050 596 1226 628 nostrum
1256 596 1324 628 est.

229 731 356 765 XXV
424 733 491 765 Ser.
513 734 546 764 in
569 732 754 764 Tusculano
771 733 836 763 circ.
857 732 891 763 ix
907 732 949 763 K.
969 731 1054 773 Sept.
1074 742 1103 763 a.
1127 742 1186 773 709
1207 733 1288 773 (45¹⁸.

478 810 652 841 CICERO
679 809 711 840 S.
743 809 781 841 D.
812 809 855 841 M.
886 809 1030 840 FADIO
1056 809 1223 840 GALLO.

240 890 361 939 Quod
381 888 588 940 epistulam
610 887 848 926 conscissam
866 888 991 935 doles,
1005 887 1085 926 noli
1105 888 1294 935 laborare,
1311 889 1415 927 salva
1435 897 1492 928 est
1508 905 1516 938 3
1537 902 1551 928 1

128 976 167 998 10
185 957 307 994 domo
336 962 578 1005 1)etes„cu1n
608 953 755 992 libebit.
816 954 938 1002 Quod
968 961 1098 992 autem
1129 967 1194 992 me
1223 967 1376 1002 mones,
1403 956 1517 993 valde

184 1029 336 1071 gratum
357 1028 428 1068 est,
449 1019 568 1070 idque
589 1027 630 1057 ut
651 1032 805 1069 semper
831 1018 949 1057 facias
970 1032 1064 1069 rogo
1080 1034 1089 1067 3
1118 1019 1259 1058 videris
1287 1020 1391 1058 enim
1421 1021 1514 1059 mihi

185 1087 320 1135 vereri,
344 1086 442 1127 †nisi
472 1085 589 1124 istum
619 1085 886 1134 habuerimus,
907 1085 1104 1124 rideamus
1132 1087 1278 1139 γέλωτα
1308 1088 1513 1138 σαρδάνιον.

185 1154 263 1191 Sed
287 1154 384 1191 heus
411 1160 466 1200 tu,
487 1165 647 1189 manum
669 1152 719 1190 de
740 1152 896 1190 tabula!
927 1151 1108 1202 magister
1127 1153 1239 1191 adest
1259 1153 1372 1192 citius
1396 1167 1515 1204 quam

185 1227 436 1269 putaramus;
464 1231 598 1256 vereor
619 1230 669 1255 ne
696 1216 734 1254 in
763 1225 963 1256 catomum
994 1218 1248 1257 Catonianos.
1309 1219 1368 1257 Mi
1390 1220 1516 1267 Galle,
1535 1234 1559 1261 2

129 1300 166 1332 15
185 1298 279 1323 cave
300 1292 412 1334 putes
433 1283 645 1333 quicquam
668 1282 806 1320 melius
828 1296 946 1332 quam
975 1282 1164 1333 epistulae
1184 1291 1274 1323 tuae
1294 1292 1443 1335 partem
1465 1285 1515 1329 ab

185 1364 233 1389 eo
272 1352 385 1389 loco:
433 1351 599 1389 ‘Cetera
646 1349 853 1386 labuntur.'
929 1350 1088 1388 Secreto
1125 1350 1202 1388 hoc
1239 1350 1345 1398 audi,
1384 1358 1515 1389 tecum

186 1417 344 1464 habeto,
373 1429 422 1454 ne
452 1416 616 1465 Apellae
646 1414 823 1464 quidem,
854 1413 994 1452 liberto
1028 1421 1108 1461 tuo,
1148 1414 1300 1454 dixeris.
1360 1418 1517 1455 Praeter

185 1484 267 1521 duo
299 1495 370 1521 nos
403 1481 574 1532 loquitur
606 1480 679 1519 isto
716 1480 837 1518 modo
869 1493 1013 1528 nem03
1052 1480 1154 1519 bene
1186 1482 1339 1520 malene
1368 1481 1517 1529 videro,

187 1549 270 1596 sed,
285 1548 474 1599 quicquid
491 1555 563 1595 est„
576 1554 752 1585 nostrum
769 1552 837 1584 est.
888 1547 996 1596 Urge
1013 1545 1127 1596 igitur
1142 1559 1214 1585 nec
1231 1548 1515 1585 ‘transversum

130 1628 170 1650 20
187 1616 383 1664 unguem‚'
413 1615 522 1664 quod
555 1612 677 1660 aiunt,
706 1625 729 1650 a
758 1611 875 1658 stilo;
908 1610 940 1649 is
969 1610 1074 1649 enim
1103 1618 1160 1649 est
1189 1611 1349 1651 dicendi
1372 1612 1517 1662 opifex..

186 1683 318 1731 Atque
338 1680 523 1731 equidem
544 1679 788 1730 aliquantum
810 1677 886 1716 iam
908 1676 1025 1716 etiam
1048 1676 1174 1716 noctis
1194 1678 1372 1717 adsumo.

229 1816 382 1852 XXVI
431 1819 505 1851 Scr.
526 1820 560 1850 in
584 1818 768 1850 Tusculano
787 1828 829 1848 m.
853 1820 956 1848 mlerc.
974 1819 1057 1856 post.
1077 1827 1106 1847 a.
1129 1818 1190 1856 708
1209 1818 1294 1856 546&

596 1895 771 1926 CICERO
798 1894 830 1925 S.
862 1895 901 1926 D.
931 1893 1097 1924 GALLO.

239 1976 342 2014 Cum
370 1973 569 2013 decimum
591 1971 667 2011 iam
689 1972 794 2012 diem
823 1972 988 2022 graviter
1009 1985 1055 2010 ex
1077 1970 1269 2010 intestinis
1294 1971 1510 2009 laborarem
1531 1983 1547 2009 1

128 2055 166 2087 ²5
186 2053 314 2090 neque
344 2039 388 2077 iis
424 2038 490 2089 qui
521 2051 608 2077 mea
638 2051 756 2088 opera
788 2037 843 2076 uti
874 2037 1059 2075 volebant
1095 2050 1158 2075 me
1191 2036 1399 2086 probarem
1430 2050 1509 2074 non

185 2106 321 2151 valere,
345 2103 437 2154 quia
457 2103 596 2142 febrim
625 2116 704 2141 non
731 2103 928 2149 haberem,
953 2101 1031 2151 fugi
1053 2101 1091 2139 in
1113 2103 1396 2148 Tusculanum,
1419 2115 1510 2140 cum

229 2221 247 2240 2
272 2215 447 2240 unctorem
471 2207 579 2239 codd:
618 2213 789 2238 cantorem
815 2207 911 2238 Man.
1051 2217 1088 2237 12
1114 2207 1176 2237 nisi
1204 2207 1302 2237 istum
1322 2206 1380 2236 M:
1416 2215 1457 2235 ne
1481 2206 1509 2235 si

187 2254 285 2284 istum
304 2252 387 2284 GR:
414 2253 476 2283 nisi
495 2253 594 2283 istum
613 2251 778 2291 placatum
795 2255 854 2281 aut
876 2261 918 2281 ne
936 2251 963 2280 si
987 2251 1086 2281 istum
1110 2250 1281 2280 inimicum
1303 2249 1508 2288 W'esenhmg:

175 2297 257 2336 sort.
275 2307 318 2327 ne
335 2297 364 2326 si
382 2297 481 2327 istum
500 2296 644 2327 Sardum
735 2294 951 2325 habuerimus
962 2293 1049 2326 codd.
1066 2305 1072 2325 ε
1100 2293 1286 2324 caverimus
1302 2292 1378 2323 Vict.
1472 2302 1508 2331 14

186 2346 379 2379 putaramus
397 2340 457 2370 M:
492 2339 623 2370 -barnus
640 2338 695 2369 R:
720 2347 808 2368 -rnus
826 2336 855 2367 G
1021 2341 1188 2368 catomum
1205 2336 1292 2367 codd.
1309 2347 1315 2366 :
1341 2336 1507 2366 catonium

189 2382 394 2424 Wesenbmg:
434 2383 614 2414 Catonium
643 2385 713 2414 vett.
832 2381 1041 2412 Catonianos
1067 2380 1169 2411 Boot:
1212 2379 1387 2410 catoninos
1419 2377 1505 2409 codd.

189 2428 227 2458 16
249 2428 327 2459 audi
343 2431 412 2459 vett.
429 2438 435 2460 :
461 2426 550 2458 audii
568 2425 609 2456 M
621 2436 628 2456 :
652 2425 729 2457 audi
747 2424 779 2455 id
799 2424 862 2456 GR
877 2436 883 2456 z
907 2424 1009 2455 audin
1027 2424 1104 2455 coni.
1126 2422 1355 2454 Mendelssolm
