1791 2796
113 870 150 892 10

113 1520 152 1542 20

113 1844 151 1875 25

112 2170 153 2200 30

535 154 645 191 EPP.
679 154 755 190 Al)
789 152 1134 189 FAMILIARES
1452 150 1633 187 X'111.vi

170 268 272 305 bella
301 265 463 304 accessit
489 266 538 303 ad
565 264 743 310 tribunal,
776 263 972 301 introierat
1000 262 1038 300 in
1065 263 1200 300 urbem
1232 261 1498 311 triumphique

169 331 474 382 postulationem
505 329 699 368 abiecerat
715 343 725 376 3
754 342 833 379 quo
860 330 961 366 sacto
982 327 1143 365 rettudit
1164 340 1364 365 sermones
1394 340 1497 377 para-

168 399 320 447 tiorque
347 397 451 434 visus
482 404 539 434 cst
569 408 688 445 quam
719 401 937 444 speraverat
968 400 1182 431 accusator.
1258 394 1296 430 Is
1326 406 1431 430 nunc
1460 391 1498 429 in

168 473 205 502 te
239 463 447 501 maximam
481 474 590 511 spem
624 460 754 498 habet.
815 459 905 497 Scio
937 459 1006 497 tibi
1038 471 1128 497 eum
1158 472 1238 496 non
1269 471 1354 496 esse
1381 458 1499 501 odio;

168 542 287 578 <luam
318 527 412 565 velis
442 539 532 564 eum
563 525 735 574 obligare
767 524 805 562 in
837 532 902 562 tua
938 537 1056 562 manu
1087 530 1154 562 est.
1225 524 1328 562 Cum
1359 536 1439 572 quo
1468 523 1504 559 si

168 593 344 631 simultas
365 591 435 630 tibi
457 605 537 629 non
559 591 704 638 fuisset,
721 590 878 628 liberius
900 589 969 627 tibi
992 590 1042 627 de
1063 596 1143 626 tota
1165 602 1204 626 re
1225 595 1325 626 esset
1343 602 1351 633 ζ,
1394 600 1499 625 nunc

168 659 197 696 si
220 660 269 697 ad
292 658 395 696 illam
418 670 612 695 summam
631 656 830 695 veritatem
849 655 1065 705 legitimum
1088 654 1146 692 ius
1166 653 1346 703 exegeriS‚
1364 666 1499 691 caven⁴

168 725 263 762 dum
300 724 369 762 tibi
405 723 475 762 erit
510 737 559 761 ne
595 736 730 772 parum
772 721 999 771 simpliciter
1037 728 1075 758 et
1114 719 1283 758 candide
1321 719 1499 769 posuisse

170 789 392 827 inimicitias
414 788 589 827 videaris.
653 789 698 825 In
721 789 823 825 hanc
851 794 998 837 partem
1026 798 1141 836 porro
1171 792 1298 822 tutum
1329 784 1398 822 tibi
1429 784 1499 822 erit

170 854 199 892 si
231 855 327 904 quid
361 853 528 892 volueris
562 852 791 903 gratificarig
832 865 950 890 nemo
988 851 1093 889 enim
1133 849 1424 889 necessitudine
1463 858 1499 888 et

168 919 340 958 amicitia
370 927 407 957 te
434 918 661 957 deterritum
693 918 742 955 ab
773 917 902 955 officio
937 916 1052 954 dicet.

225 986 328 1023 Illud
350 984 445 1022 mihi
471 983 649 1030 Occurrit,
674 984 781 1033 quod
809 982 907 1021 inter
933 981 1237 1032 postulationem
1265 988 1303 1019 et
1328 980 1500 1018 nominis

170 1049 408 1088 delationem
443 1063 537 1087 uxor
568 1062 590 1086 a
624 1048 831 1086 Dolabella
862 1046 1051 1085 discessit.
1113 1045 1221 1095 Quid
1252 1045 1348 1084 mihi
1378 1045 1499 1084 disce-
1520 1056 1543 1083 2

169 1116 268 1152 dens
298 1113 495 1152 mandaris
531 1112 720 1153 memini:
760 1112 855 1162 quid
890 1126 962 1162 ego
997 1111 1066 1149 tibi
1095 1110 1313 1161 scripserim
1347 1118 1384 1149 te
1419 1124 1498 1147 non

134 1178 333 1225 :arbitror
372 1178 549 1217 oblitum.
611 1179 702 1216 Non
738 1185 796 1216 est
832 1177 906 1214 iam
947 1184 1103 1226 tempus
1142 1177 1253 1226 plura
1291 1175 1501 1221 narrandi;

172 1257 292 1282 unum
326 1243 421 1281 illud
455 1256 614 1281 monere
643 1251 680 1280 te
705 1255 876 1291 possum,
902 1241 931 1279 si
963 1254 1021 1279 res
1055 1240 1124 1279 tibi
1152 1254 1231 1279 non
1264 1240 1499 1290 displicebit,

170 1317 301 1347 tamen
342 1310 418 1347 hoc
459 1316 634 1357 tempore
674 1307 770 1344 nihil
809 1308 859 1345 de
898 1315 965 1345 tua
998 1308 1200 1345 voluntate
1239 1307 1425 1344 ostendas
1464 1313 1501 1343 et

170 1382 371 1425 exspectes
393 1388 509 1424 quem
532 1375 582 1412 ad
605 1374 768 1411 modum
791 1380 901 1410 exeat
929 1386 974 1410 ex
1004 1373 1078 1410 hac
1103 1384 1229 1409 causa.
1291 1370 1502 1420 l·Denique

171 1440 408 1479 invidiosum
439 1440 508 1478 tibi
538 1439 597 1486 sit,
621 1438 651 1477 si
673 1437 863 1477 emanarit
888 1451 1003 1488 porro
1031 1436 1265 1487 significatio
1291 1438 1369 1474 ulla
1390 1436 1502 1474 inter-

171 1506 296 1553 cessit,
320 1506 470 1553 clarius,
495 1519 612 1555 quam
644 1506 782 1544 deceat
812 1512 878 1542 aut
908 1503 1100 1554 expediat,
1131 1504 1206 1542 fiat.
1267 1504 1409 1552 Neque
1440 1502 1503 1540 ille

171 1580 298 1610 tacere
319 1585 405 1610 eam
428 1585 507 1609 rem
530 1571 682 1621 poterit,
706 1583 806 1620 quae
831 1583 924 1608 suae
949 1568 1030 1619 spei
1060 1577 1138 1607 tam
1164 1576 1386 1618 opportuna
1406 1568 1504 1606 acci-

170 1637 269 1675 derit
300 1649 479 1687 quaeque
508 1636 547 1674 in
579 1635 737 1685 negotio
770 1634 1020 1673 conficiendo
1052 1642 1160 1672 tanto
1193 1633 1390 1671 inlustrior
1419 1634 1500 1677 erit,

170 1715 259 1739 cum
282 1701 507 1752 praesertim
538 1701 569 1739 is
605 1701 652 1739 sit
677 1700 755 1751 qui,
783 1700 812 1738 si
841 1699 1104 1750 perniciosum
1136 1698 1249 1738 sciret
1279 1712 1363 1737 esse
1394 1699 1500 1748 loqui

170 1769 220 1806 de
242 1768 315 1805 hac
335 1781 384 1813 re,
410 1767 470 1805 vix
492 1775 623 1805 tamen
646 1780 686 1805 se
707 1766 937 1805 contineret.

225 1832 438 1882 Pompeius
477 1832 618 1871 dieitur
657 1833 770 1870 valde
810 1845 879 1881 pro
915 1830 1047 1880 Appio
1082 1830 1268 1877 laborare,
1302 1837 1343 1868 ut
1383 1829 1499 1868 etiam
1521 1839 1543 1875 3

170 1905 308 1948 putent
335 1899 499 1936 alterum
530 1905 659 1935 utrum
690 1898 740 1935 de
772 1896 858 1934 siliis
888 1897 938 1934 ad
969 1904 1006 1934 te
1038 1895 1256 1933 missurum.
1318 1895 1398 1933 Hic
1429 1909 1500 1933 nos

171 1977 309 2001 omnes
344 1962 595 2005 absolvimus,
628 1970 665 2000 et
699 1964 875 2000 hercules
907 1969 1120 2011 consaepta
1154 1961 1287 1999 omnia
1317 1962 1433 2000 foeda
1463 1970 1500 2000 et

172 2027 379 2066 inhonesta
421 2034 521 2065 sunt.
596 2028 789 2065 Consules
827 2034 959 2064 autem
1000 2027 1191 2064 habemus
1231 2039 1385 2064 summa
1418 2026 1501 2064 (lili-

170 2093 324 2142 gentia:
367 2093 497 2130 adhuc
536 2106 562 2130 s.
599 2106 630 2130 c.
669 2092 739 2129 nisi
780 2093 829 2130 (le
869 2091 971 2129 feriis
1006 2091 1155 2129 Latinis
1190 2093 1339 2129 nullum
1373 2093 1499 2131 facere

171 2166 392 2208 potuerunt.
453 2157 615 2196 Curioni
638 2165 770 2195 nostro
792 2156 1011 2195 tribunatus
1033 2156 1261 2207 conglaciat.
1321 2158 1399 2195 Sed
1420 2157 1497 2195 dici
1516 2166 1542 2203 4

172 2236 250 2260 non
286 2230 414 2272 potest
449 2235 528 2271 quo
561 2222 682 2260 modo
712 2221 774 2259 hie
807 2221 939 2259 onmia
972 2220 1134 2259 iaceant.
1197 2220 1283 2259 Nisi
1311 2235 1383 2271 ego
1408 2235 1497 2260 cum

217 2335 235 2363 5
260 2326 287 2355 si
305 2324 381 2355 add.
403 2325 562 2355 Graevius
681 2325 700 2354 8
725 2325 922 2363 deposuisse
942 2324 1034 2354 Cobct
1162 2325 1199 2354 18
1226 2325 1395 2365 Denique]
1414 2325 1501 2356 Vide

174 2378 216 2398 ne
230 2379 295 2408 qua
308 2369 386 2399 com'.
408 2367 596 2408 Wesenbmg
610 2380 617 2398 z
642 2368 815 2398 Lehmann
833 2369 1034 2408 inter-pnngit
1050 2378 1150 2398 causa
1165 2369 1320 2407 denique.
1358 2368 1500 2399 Invidio-

173 2422 245 2442 sum
354 2419 515 2451 19'por1·o
533 2412 559 2442 si
578 2411 781 2450 significatio
796 2411 862 2442 ulla
882 2412 1112 2442 intercesserit
1132 2411 1235 2442 Orelli
1339 2422 1378 2451 27
1406 2413 1501 2443 foeda

175 2460 209 2485 et
226 2455 421 2495 inhonesta]
440 2456 576 2486 foedere
595 2455 775 2485 inhonesto
795 2454 827 2485 C.
850 2455 885 2485 F.
906 2454 1086 2485 Hprmmm
