1791 2796
574 171 684 208 EPP.
716 171 794 208 AD
827 172 1174 210 FAMILIARES
1489 173 1598 212 XIV.
1617 164 1663 211 i'ii

209 281 290 327 fuit,
338 282 544 319 excludere
589 281 701 319 facile
746 289 814 319 est,
886 283 962 320 Sed
1009 290 1141 321 tamen
1186 296 1305 333 quam
1354 284 1421 322 diu
1470 297 1539 322 vos

208 345 311 384 eritis
336 345 375 383 in
400 359 479 396 spe,
513 358 593 384 non
625 345 818 394 deficiam,
852 360 902 385 ne
933 347 1066 385 omnia
1097 361 1183 386 mea
1207 350 1323 399 culpa
1350 348 1539 388 cecidisse

207 410 424 450 videantur.

262 479 318 517 Ut
339 485 424 515 tuto
454 476 537 524 sim,
561 478 669 527 quod
699 477 863 525 laboras,
887 477 927 516 id
955 477 1050 516 mihi
1080 492 1186 517 nunc
1211 479 1440 519 facillimum
1467 488 1536 528 est,
1557 490 1582 527 3

169 561 185 592 5
209 555 325 592 quem
361 542 478 581 etiam
512 541 660 580 inimici
692 544 828 581 volunt
855 542 983 582 vivere
1018 543 1057 581 in
1089 544 1205 582 tantis
1238 545 1426 594 miseriis,
1466 559 1539 596 ego

207 615 339 646 tamen
371 607 511 645 faciam
544 620 644 657 quae
674 607 876 658 praecipis.
936 608 1085 647 Amicis
1118 609 1261 659 quibus
1291 611 1447 649 voluisti
1479 611 1540 662 egi

206 672 346 723 gratias
368 681 405 711 et
426 685 490 711 eas
512 672 657 711 litteras
688 672 869 723 Dexippo
897 673 989 712 dedi
1011 687 1154 724 meque
1181 676 1231 714 de
1252 688 1388 714 eorum
1410 677 1539 715 officio

208 737 342 788 scripsi
362 751 385 776 a
406 745 444 775 te
471 737 676 776 certiorem
704 751 789 776 esse
811 739 967 776 factum.
1030 739 1215 778 Pisonem
1240 749 1418 779 nostrum
1440 741 1540 780 miri-

208 804 283 841 fico
304 816 388 841 esse
413 802 543 841 studio
565 802 605 840 in
632 815 704 841 nos
730 811 766 841 et
788 803 917 842 officio
947 812 984 842 et
1013 817 1086 854 ego
1113 805 1307 856 perspicio
1332 814 1370 845 et
1400 820 1539 845 omnes

148 885 188 908 10
207 868 445 918 praedicant.
507 867 558 906 Di
579 867 699 906 faxint
730 878 771 907 ut
799 869 865 907 tali
891 882 1035 920 genero
1067 870 1162 908 mihi
1187 871 1381 921 praesenti
1407 880 1538 911 tecum

207 933 321 971 simul
343 940 380 971 et
410 946 500 971 cum
525 932 655 971 liberis
680 933 822 971 nostris
852 934 924 972 frui
946 934 1082 973 liceat!
1133 937 1251 974 Nunc
1281 950 1369 987 spes
1391 937 1539 988 reliqua

206 1006 263 1037 est
290 998 329 1036 in
359 998 470 1036 novis
496 1006 538 1036 tr.
566 999 616 1048 pl.
643 1007 681 1037 et
706 998 744 1036 in
770 998 904 1049 primis
926 999 1087 1050 quidem
1110 1000 1250 1039 diebus
1265 1016 1274 1049 ;
1304 1016 1396 1040 nam
1427 1003 1457 1041 si
1485 1003 1539 1040 in-

205 1063 393 1110 veteram,
416 1071 547 1102 actum
573 1071 640 1102 est.
702 1065 760 1102 Ea
787 1078 826 1103 re
855 1065 906 1103 ad
933 1072 971 1103 te
996 1065 1127 1104 statim
1148 1066 1422 1105 Aristocritum
1451 1067 1538 1106 misi
1557 1077 1583 1114 4

205 1136 248 1168 ut
280 1130 331 1168 ad
361 1142 425 1166 me
453 1127 643 1167 continuo
671 1128 780 1167 initia
809 1143 937 1168 rerum
967 1138 1005 1169 et
1036 1130 1228 1170 rationem
1258 1132 1377 1171 totius
1407 1133 1540 1183 negoti

149 1211 185 1243 15
205 1207 340 1245 posses
362 1193 528 1232 scribere
543 1208 552 1241 3
582 1193 654 1232 etsi
677 1193 859 1244 Dexippo
880 1207 1039 1244 quoque
1060 1195 1113 1233 ita
1132 1195 1331 1246 imperavi,
1347 1197 1476 1236 statim
1498 1206 1540 1236 ut

206 1266 426 1307 recurreret,
450 1266 487 1298 et
515 1260 565 1298 ad
594 1260 749 1298 fratrem
778 1260 865 1298 misi
890 1268 931 1298 ut
956 1261 1093 1299 crebro
1114 1261 1335 1300 tabellarios
1356 1262 1535 1302 mitteret.

206 1325 310 1363 Nam
332 1338 404 1375 ego
425 1337 472 1363 eo
493 1325 654 1364 nomine
678 1338 763 1363 sum
796 1325 1014 1375 Dyrrhachi
1039 1326 1115 1364 hoc
1145 1334 1332 1377 tempore,
1356 1335 1398 1366 ut
1419 1341 1538 1378 quam

205 1390 405 1429 celerrime
434 1390 530 1441 quid
561 1398 696 1441 agatur
729 1390 899 1438 audiam,
932 1399 969 1430 et
1000 1404 1086 1429 sum
1116 1400 1226 1440 tut03
1267 1392 1402 1431 civitas
1431 1393 1536 1432 enim

206 1456 303 1494 haec
324 1469 477 1507 semper
500 1470 522 1495 a
546 1470 609 1496 me
637 1457 798 1495 defensa
826 1464 894 1494 est.
955 1456 1059 1495 Cum
1089 1455 1237 1495 inimici
1264 1457 1385 1497 nostri
1406 1458 1537 1498 venire

148 1538 187 1559 22
206 1520 394 1568 dicentur,
418 1530 501 1560 tum
522 1521 562 1560 in
584 1522 746 1573 Epirum
768 1521 845 1560 ibo.

260 1588 381 1636 Quod
416 1587 550 1626 scribis
585 1596 633 1635 te,
671 1588 702 1626 si
736 1588 862 1635 velim,
896 1588 948 1626 ad
982 1601 1045 1626 me
1077 1596 1291 1636 venturam,
1328 1603 1401 1640 ego
1431 1603 1533 1637 vero,
1555 1598 1579 1636 5

206 1665 296 1690 cum
318 1652 438 1690 sciam
460 1666 642 1704 magnam
670 1661 819 1703 partem
848 1652 958 1691 istius
980 1652 1108 1691 oneris
1135 1653 1205 1692 abs
1226 1661 1264 1692 te
1285 1654 1475 1701 sustineri,
1499 1663 1536 1693 te

206 1717 291 1756 istic
315 1731 400 1756 esse
420 1719 520 1756 volo.
581 1718 621 1757 Si
646 1719 831 1769 perficitis
862 1719 971 1769 quod
998 1718 1120 1768 agitis,
1153 1732 1216 1757 me
1245 1720 1295 1757 ad
1316 1732 1384 1757 vos
1406 1719 1537 1759 venire

207 1791 360 1832 oportet
378 1798 387 1831 ;
435 1783 494 1821 sin
525 1786 784 1824 autem—sed
819 1785 915 1823 nihil
949 1798 1047 1835 opus
1083 1791 1140 1822 est
1175 1783 1322 1833 reliqua
1356 1785 1533 1824 scribere.

147 1863 186 1894 25
209 1848 268 1885 Ex
301 1837 433 1898 primis
465 1857 532 1887 aut
566 1862 765 1888 summum
799 1850 982 1889 secundis
1016 1849 1150 1888 litteris
1186 1848 1261 1886 tuis
1300 1850 1537 1889 constituere

207 1912 420 1962 poterimus
442 1913 538 1964 quid
558 1914 673 1953 nobis
700 1914 925 1953 faciendum
954 1915 1001 1953 sit
1017 1930 1026 1962 ;
1061 1921 1102 1952 tu
1124 1915 1246 1952 modo
1265 1915 1316 1952 ad
1337 1927 1400 1953 me
1419 1915 1536 1953 velim

206 1977 339 2015 omnia
365 1978 662 2028 diligentissime
686 1979 926 2029 perscribas;
970 1979 1042 2017 etsi
1068 1979 1189 2029 magis
1210 1978 1287 2016 iam
1315 1992 1395 2017 rem
1417 1993 1535 2029 quam

206 2042 350 2081 litteras
381 2044 510 2082 debeo
542 2052 777 2094 exspectare.
838 2045 941 2084 Cura
971 2052 1013 2082 ut
1042 2045 1170 2083 valeas
1201 2052 1239 2082 et
1268 2043 1320 2082 ita
1353 2044 1423 2082 tibi
1454 2058 1536 2099 per-

206 2108 380 2154 suadeas,
405 2107 500 2145 mihi
517 2116 554 2146 te
576 2108 700 2146 carius
721 2108 817 2146 nihil
834 2122 918 2147 esse
932 2122 1005 2147 nec
1026 2122 1215 2159 umquam
1236 2108 1364 2147 fuisse.
1423 2111 1532 2157 Vale,

148 2187 185 2217 30
206 2185 293 2210 mea
324 2172 540 2220 Terentia‚·
588 2187 705 2223 quam
738 2187 810 2223 ego
844 2173 976 2212 videre
1015 2173 1150 2212 videor
1188 2173 1319 2224 itaque
1353 2174 1536 2213 debilitor

205 2236 383 2275 lacrimis.
442 2239 564 2276 Vale.>
612 2239 670 2275 Pr.
697 2240 745 2275 K.
771 2240 866 2276 Dec.

249 2351 268 2378 4
293 2340 384 2381 tuto]
411 2345 504 2372 tutus
528 2342 578 2372 vel
601 2342 633 2372 in
664 2346 736 2372 tuto
765 2340 976 2383 Wesenbe72g;
999 2341 1057 2373 sed
1076 2342 1114 2382 cs.
1142 2346 1196 2381 §4
1329 2353 1348 2382 5
1374 2343 1407 2373 in
1432 2344 1536 2374 tantis

205 2382 323 2415 HDF:
350 2384 510 2415 instantis
527 2383 587 2416 M:
613 2385 645 2415 in
663 2385 716 2416 his
733 2385 839 2416 tantis
855 2389 926 2417 velt.

0 2482 2 2536 l
250 2488 311 2508 cxc.
332 2488 379 2508 AD
397 2488 480 2509 FAM.
1406 2480 1448 2510 29
