1791 2796
232 142 261 179 Ι.
285 141 331 178 iv
649 142 703 179 M.
736 141 903 179 TVLLI
936 141 1243 181 CICERONIS

274 252 480 292 inductum
513 253 626 291 fictae
656 251 862 302 religionis,
885 265 967 291 non
996 260 1076 291 tam
1106 260 1149 291 ut
1178 260 1216 291 te
1245 251 1462 303 impediret,
1486 266 1604 304 quam

274 326 316 358 ut
339 332 388 358 ne
409 318 495 369 quis
516 326 674 369 propter
694 317 884 357 exercitus
914 317 1170 368 cupiditatem
1191 317 1470 357 Alexandriam
1490 320 1607 357 vellet

273 383 337 423 ire.
400 382 610 433 Dignitatis
630 390 762 421 autem
783 390 873 421 tuae
892 396 1012 421 nemo
1028 390 1085 421 est
1106 382 1199 434 quin
1218 382 1411 422 existimet
1430 382 1605 422 habitam

274 462 359 488 esse
386 447 578 487 rationem
607 448 657 486 ab
687 455 853 495 senatu5
882 460 1000 486 nemo
1029 455 1089 486 est
1117 447 1233 495 enim,
1257 447 1324 498 qui
1345 447 1504 495 nesciat,
1527 461 1606 498 quo

274 513 404 552 minus
424 512 612 552 discessio
635 514 844 563 fieret‚.per
863 512 1104 552 adversarios
1124 520 1213 551 tuos
1231 526 1319 552 esse
1338 515 1484 552 factum
1500 527 1511 561 ,-
1540 512 1606 563 qui

274 593 379 618 nunc
393 578 527 630 populi
545 578 718 626 nomine,
734 592 773 617 re
793 587 924 617 autem
941 592 1031 617 vera
1047 578 1346 617 sceleratissimo
1359 578 1604 617 tribunorum

273 644 478 683 latrocinio
499 643 530 683 si
552 657 652 694 quae
673 643 923 682 conabuntur
952 657 1076 694 agere,
1099 643 1192 682 satis
1222 643 1275 681 mi
1305 643 1504 694 provisum
1535 651 1603 690 est,

258 718 316 750 Aut
351 724 400 748 ne
432 709 527 760 quid
563 708 677 748 salvis
708 708 892 759 auspiciis
923 717 991 747 aut
1024 708 1175 759 legibus
1206 717 1274 747 aut
1305 708 1423 747 etiam
1455 708 1538 748 sine
1569 708 1605 746 vi

231 781 254 817 3
273 789 387 826 agere
419 782 591 826 possent.
653 776 738 824 Ego
765 788 894 825 neque
925 776 974 813 de
1004 788 1094 813 meo
1124 774 1256 813 studio
1285 788 1415 825 neque
1445 775 1495 813 de
1525 787 1603 813 non

273 842 469 879 nullorum
492 839 631 879 iniuria
651 839 904 879 scribendum
933 839 1026 878 mihi
1049 853 1134 878 esse
1154 839 1344 888 arbitror3
1373 839 1470 890 quid
1500 839 1605 878 enim

273 914 339 945 aut
362 920 423 945 me
444 914 651 953 ostentem‚
674 905 752 955 qui,
776 905 806 943 si
827 905 945 943 vitam
967 918 1037 956 pro
1057 912 1124 943 tua
1145 904 1334 955 dignitate
1354 905 1603 956 profundam,

275 973 421 1010 nullam
444 980 593 1022 partem
615 971 748 1010 videar
778 971 1005 1010 meritorum
1032 979 1189 1010 tuorum
1214 971 1437 1018 adsecutus,
1459 978 1525 1009 aut
1555 971 1606 1009 de

272 1037 437 1077 aliorum
459 1037 607 1076 iniuriis
629 1051 776 1088 querar,
801 1038 910 1088 quod
930 1036 1014 1075 sine
1034 1050 1191 1075 summo
1221 1037 1357 1076 dolore
1377 1038 1504 1075 facere
1525 1049 1603 1074 non

272 1104 467 1153 possum?
535 1104 620 1152 Ego
641 1102 711 1141 tibi
732 1116 755 1140 a
774 1102 822 1149 vi,
849 1103 923 1141 hac
943 1102 1169 1152 praesertim
1201 1101 1469 1142 imbecillitate
1491 1101 1606 1151 magi-

273 1176 474 1215 stratuum,
499 1176 694 1218 praestare
726 1167 823 1206 nihil
852 1181 1013 1219 possum
1030 1182 1040 1216 3
1065 1167 1102 1205 vi
1133 1175 1295 1218 excepta
1324 1181 1485 1218 possum
1516 1181 1606 1206 con-

273 1233 425 1271 firmare
465 1241 502 1272 te
541 1241 579 1271 et
617 1242 775 1271 senatus
815 1240 853 1271 et
892 1231 1027 1283 populi
1067 1232 1240 1272 Romani
1278 1246 1435 1272 summo
1474 1231 1604 1271 studio

271 1297 575 1350 amplitudinem
607 1306 713 1337 tuam
744 1306 996 1338 retenturum.

315 1433 356 1468 V
371 1446 396 1469 a
537 1436 606 1469 Ser.
627 1436 756 1468 Romae
772 1437 891 1468 circiter
904 1436 992 1469 Non.
1013 1436 1103 1469 Febr.
1123 1447 1152 1469 a.
1174 1437 1238 1478 698
1256 1436 1339 1477 56J.

475 1514 522 1546 ᾸΙ.
552 1514 722 1546 CICERO
745 1513 780 1546 S.
808 1514 851 1545 D.
879 1513 916 1545 P.
946 1513 1174 1545 LENTVLO
1197 1513 1396 1545 PROCOS.

236 1604 253 1631 1
325 1591 501 1631 Tametsi
530 1592 625 1631 mihi
653 1592 750 1631 nihil
771 1591 842 1631 fuit
863 1591 1034 1643 optatius
1056 1605 1175 1642 quam
1196 1599 1238 1630 ut
1265 1591 1433 1642 primum
1464 1592 1535 1631 abs
1566 1600 1603 1631 te

271 1657 368 1709 ipso,
384 1658 530 1698 deinde
550 1672 572 1696 a
594 1658 731 1697 ceteris
753 1650 938 1697 omnibus
955 1671 1072 1708 quam
1089 1657 1330 1708 gratissimus
1351 1671 1439 1707 erga
1461 1666 1497 1697 te
1518 1672 1603 1697 6556

272 1738 538 1775 cognoscerer,
563 1732 693 1762 tamen
723 1723 887 1763 adficior
915 1737 1072 1762 summo
1101 1725 1237 1763 dolore
1267 1722 1350 1762 cius
1381 1723 1489 1763 modi
1510 1731 1603 1762 tem-

272 1803 367 1839 pora
397 1798 484 1839 post
515 1798 621 1828 tuam
652 1788 937 1840 profectionem
968 1796 1182 1827 consecuta
1211 1790 1307 1836 esse,
1334 1796 1375 1826 ut
1405 1796 1443 1827 et
1473 1802 1600 1828 meam

271 1862 309 1892 ct
329 1862 546 1892 ceterorum
576 1868 664 1904 erga
686 1863 723 1892 te
745 1855 863 1893 fidem
885 1862 923 1892 et
944 1853 1258 1892 benevolentiam
1289 1854 1432 1892 absens
1459 1853 1603 1905 experi-

270 1932 378 1965 rere;
408 1927 444 1958 te
465 1918 596 1957 videre
627 1927 664 1957 et
694 1918 836 1957 sentire
866 1919 1033 1957 eandem
1065 1917 1186 1957 fidem‘
1212 1932 1297 1957 esse
1325 1917 1530 1957 hominum
1561 1917 1600 1956 in
1624 1933 1636 1953 ε

270 1990 337 2022 tua
357 1983 558 2034 dignitate,
582 1997 699 2034 quam
722 1997 795 2034 ego
816 1983 853 2021 in
877 1997 964 2022 mea
993 1985 1116 2022 salute
1137 1997 1223 2022 sum
1245 1992 1436 2034 expertus,
1459 1998 1505 2022 ex
1526 1983 1601 2022 tuis

228 2059 251 2086 2
271 2047 405 2086 litteris
427 2047 608 2086 intellexi.
668 2049 753 2087 Nos
775 2062 864 2086 cum
888 2047 1055 2087 maxime
1082 2047 1257 2095 consilio,
1281 2047 1423 2094 studio,
1454 2048 1597 2095 labore,

269 2112 390 2162 gratia
421 2114 471 2152 de
505 2127 622 2151 causa
652 2112 753 2163 regia
790 2113 1011 2160 niteremur,
1044 2113 1174 2151 subito
1204 2121 1336 2151 exorta
1367 2121 1424 2151 cst
1454 2112 1600 2151 nefaria

270 2177 434 2217 Catonis
456 2177 727 2228 promulgatio,
744 2192 844 2228 quae
866 2186 997 2217 nostra
1018 2176 1366 2228 studiaimpediret
1387 2185 1424 2216 et
1442 2177 1598 2217 animos

1628 851 1666 874 10

1626 1607 1665 1628 20

269 2256 291 2280 a
313 2242 462 2282 minore
483 2257 574 2281 cura
594 2244 644 2282 ad
665 2256 864 2281 summum
886 2242 1066 2282 timorem
1088 2244 1331 2290 traduceret,
1360 2243 1429 2281 sed
1452 2251 1594 2291 tamen,
1617 2258 1660 2288 30

313 2356 330 2376 2
355 2345 607 2377 Alexandream
632 2350 722 2384 ῑ’,11.;
747 2346 784 2385 cs
806 2357 832 2384 7.
854 2358 870 2383 ,ι
1026 2347 1047 2376 6
1071 2346 1278 2376 tribunorum
1299 2345 1426 2386 scr-ipsi:
1463 2346 1596 2377 tiranno

272 2388 298 2417 Γι
315 2402 320 2420 ;
344 2401 408 2420 om.
429 2389 502 2420 MR
676 2400 692 2428 7
719 2390 760 2420 mi
780 2390 950 2430 provisum
970 2388 1108 2419 Mullum
1136 2390 1166 2419 in
1189 2390 1246 2419 im·
1265 2388 1305 2429 R,
1319 2389 1488 2429 provisum
1505 2390 1593 2422 codd.

268 2444 289 2472 9
314 2439 453 2473 possent
472 2433 559 2464 MG:
587 2433 667 2464 ·sint
685 2433 717 2464 R
854 2443 889 2472 14
913 2433 944 2463 vi
964 2437 1053 2464 vcta:
1081 2439 1116 2464 ut
1135 2433 1223 2464 codd.

1779 2533 1781 2539 .
1776 2342 1784 2519 --—-.-....
