1791 2796
540 193 652 230 EPP.
685 193 762 230 AD
793 193 1142 232 FAMILIARES
1456 195 1543 232 XV.
1562 194 1609 231 iv

176 302 362 342 omnibus
395 302 473 342 suis
505 302 628 354 c'opiis
661 302 700 341 in
731 316 819 342 mea
842 310 967 342 castra
994 317 1078 342 esse
1103 310 1326 343 venturum.
1384 304 1507 344 Cuius

177 382 251 419 ego
282 368 413 407 studio
445 367 654 419 officioque
684 376 907 407 commotus
937 368 997 418 egi
1028 368 1062 407 ei
1093 383 1161 419 per
1190 369 1335 409 litteras
1364 369 1505 421 gratias

177 433 297 484 idque
318 441 361 472 ut
382 442 591 473 maturaret
612 435 787 473 hortatus
808 448 906 473 sum.
962 435 1066 474 Cum
1093 442 1225 474 autem
1253 436 1304 474 ad
1326 435 1507 485 Cybistra
1526 440 1554 476 6

177 507 338 550 propter
365 499 557 539 rationem
588 499 679 539 belli
710 499 886 551 quinque
910 499 994 539 dies
1020 514 1145 538 essem
1169 508 1352 549 moratus,
1376 515 1506 551 regem

139 564 493 612 5Ariobarzanem‚
535 564 645 604 cuius
685 566 851 604 salutem
890 579 914 603 a
951 573 1090 604 senatu
1130 573 1167 604 te
1205 574 1364 606 auctore
1403 581 1508 606 com-

178 631 404 669 mendatam
436 630 645 678 habebam,
679 630 950 681 praesentibus
983 630 1134 670 insidiis
1169 645 1242 670 nec
1277 631 1506 682 opinantem

176 695 335 734 liberavi
357 709 485 747 neque
511 697 638 735 solum
667 696 702 734 ei
730 696 844 735 saluti
871 696 923 734 fui
948 697 1018 735 sed
1043 696 1161 734 etiam
1189 697 1319 735 curavi
1348 706 1389 736 ut
1416 712 1506 737 cum

176 760 406 799 auctoritate
441 768 628 811 regnaret.
690 763 860 800 Metram
891 769 929 800 et
957 775 1047 800 eum
1078 775 1197 812 quem
1228 769 1269 800 tu
1299 762 1395 801 mihi
1426 762 1509 802 dili-

175 832 311 875 genter
334 827 645 873 commendaras,
669 827 930 874 Athenaeum,
956 826 1252 877 importunitate
1274 827 1508 867 Athenaidis

120 906 159 928 10
177 890 312 929 exsilio
332 892 517 930 multatos
537 892 577 929 in
600 891 767 929 maxima
780 892 886 942 apud
907 905 1036 942 regem
1057 892 1288 932 auctoritate
1307 892 1508 944 gratiaque

176 954 373 1003 constitui,
414 969 585 1006 cumque
625 969 810 1005 magnum
851 956 998 995 bellum
1038 955 1078 994 in
1117 957 1374 1008 Cappadocia
1418 972 1509 997 con-

175 1020 368 1069 citaretur,
402 1021 433 1059 si
465 1022 647 1060 sacerdos
685 1021 802 1059 armis
841 1035 893 1068 se,
928 1023 1036 1072 quod
1076 1023 1246 1061 facturus
1285 1023 1505 1074 putabatur,

176 1086 415 1133 defenderet,
445 1087 679 1125 adulescens
710 1095 748 1125 et
777 1086 954 1137 equitatu
989 1095 1026 1126 et
1061 1087 1238 1138 peditatu
1273 1096 1311 1126 et
1341 1089 1509 1139 pecunia

177 1159 332 1202 paratus
354 1156 416 1191 †et
442 1159 526 1191 toto
554 1151 610 1200 iis,
639 1152 707 1203 qui
731 1152 866 1191 novari
892 1152 1042 1203 aliquid
1069 1154 1265 1201 volebant,
1292 1154 1437 1204 perfeci
1467 1162 1508 1192 ut

122 1232 157 1264 15
177 1232 198 1255 e
228 1230 347 1267 regno
374 1216 438 1255 ille
465 1216 685 1256 discederet
716 1231 860 1269 rexque
889 1217 974 1257 sine
1004 1220 1173 1256 tumultu
1204 1233 1249 1257 ac
1279 1219 1362 1258 sine
1391 1219 1508 1258 armis

177 1281 285 1320 omni
315 1280 546 1320 auctoritate
575 1283 686 1321 aulae
721 1282 966 1322 communita
999 1297 1161 1333 regnum
1197 1298 1287 1322 cum
1318 1283 1507 1334 dignitate

177 1347 382 1386 obtineret.

233 1414 388 1451 Interea
414 1413 580 1464 cognovi
611 1415 821 1453 multorum
853 1413 988 1452 litteris
1017 1421 1137 1464 atque
1168 1414 1314 1453 nuntiis
1346 1429 1505 1465 magnas
1523 1421 1546 1460 7

180 1479 410 1517 Parthorum
450 1479 583 1530 copias
623 1484 660 1517 ct
695 1479 871 1518 Arabum
914 1480 965 1518 ad
1009 1479 1200 1529 oppidum
1242 1480 1506 1519 Antiocheam

120 1559 158 1580 20
176 1542 387 1582 accessisse
423 1557 689 1595 magnumque
721 1558 857 1583 eorum
892 1544 1122 1595 equitatum,
1157 1544 1224 1595 qui
1255 1544 1294 1583 in
1327 1545 1507 1585 Ciliciam

178 1607 387 1656 transisset,
419 1610 469 1648 ab
502 1609 679 1660 equitum
713 1623 888 1648 meorum
922 1608 1059 1648 turmis
1092 1617 1129 1648 et
1159 1623 1182 1648 a
1211 1611 1373 1649 cohorte
1402 1624 1509 1661 prae-

178 1672 285 1719 toria,
327 1687 428 1724 quae
476 1682 557 1713 erat
605 1674 862 1726 Epiphaneae
911 1673 1079 1725 praesidi
1128 1688 1255 1722 causa,
1300 1675 1508 1715 occidione

178 1737 364 1777 occisum.
425 1740 516 1788 Qua
544 1754 584 1779 re
614 1754 704 1779 cum
735 1740 908 1779 viderem
938 1753 962 1778 a
991 1740 1247 1791 Cappadocia
1274 1742 1507 1779 Parthorum

179 1803 313 1854 copias
333 1818 486 1850 aversas
507 1819 588 1845 non
609 1807 725 1858 longe
745 1820 767 1844 a
790 1805 933 1844 finibus
955 1819 1040 1844 esse
1062 1805 1233 1852 Ciliciae,
1257 1819 1375 1856 quam
1397 1806 1507 1857 potui

122 1884 160 1915 25
181 1868 359 1908 maximis
388 1869 593 1910 itineribus
622 1872 673 1910 ad
704 1873 903 1910 Amanum
936 1870 1148 1910 exercitum
1179 1870 1281 1910 duxi.
1342 1872 1435 1921 Quo
1466 1879 1508 1910 ut

180 1933 280 1981 veni,
304 1935 456 1974 hostem
479 1937 529 1975 ab
557 1936 780 1976 Antiochea
810 1937 1027 1984 recessisse,
1056 1935 1241 1975 Bibulum
1262 1936 1509 1976 Antiocheae

180 2012 264 2037 esse
285 2000 462 2050 cognovi.
525 2001 754 2041 Deiotarum
783 2002 989 2041 confestim
1019 2001 1095 2039 iam
1124 2002 1175 2040 ad
1202 2015 1264 2039 me
1284 2001 1507 2041 venientem

180 2077 270 2101 cum
301 2078 444 2115 magno
474 2073 511 2104 et
542 2067 654 2105 firmo
684 2067 859 2117 equitatu
885 2075 922 2105 et
948 2066 1124 2116 peditatu
1147 2074 1295 2105 etcum
1323 2066 1508 2106 omnibus

180 2127 259 2166 suis
298 2129 421 2179 copiis
460 2130 664 2169 certiorem
711 2131 784 2170 feci
827 2145 907 2169 non
946 2130 1067 2170 videri
1111 2144 1196 2170 esse
1240 2145 1398 2169 causam
1441 2145 1509 2170 cur

122 2208 163 2239 30
181 2193 335 2231 abesset
356 2207 378 2231 a
393 2207 512 2244 regno
534 2208 676 2245 meque
696 2197 747 2235 ad
768 2210 869 2243 eum,
889 2195 920 2233 si
941 2194 1036 2246 quid
1058 2195 1149 2233 novi
1169 2196 1267 2234 forte
1288 2195 1505 2243 accidisset,

181 2257 312 2296 statim
351 2258 495 2298 litteras
534 2260 773 2311 nuntiosque
812 2261 1019 2299 missurum
1066 2274 1160 2299 esse.
1232 2262 1416 2311 Cumque
1461 2264 1552 2301 608

230 2371 268 2391 10
293 2361 326 2391 in
344 2361 421 2392 add.
443 2361 620 2401 Hofimmn
738 2373 772 2401 14
799 2369 832 2394 et
854 2368 923 2394 toto
946 2363 987 2394 iis
1010 2362 1066 2393 M:
1101 2371 1134 2394 ct
1156 2368 1226 2394 tuto
1249 2363 1299 2394 liis
1317 2363 1438 2394 HDF:
1464 2375 1507 2394 ex

183 2409 252 2435 toto
270 2405 311 2435 iis
332 2405 450 2436 Orelli:
475 2411 508 2436 et
525 2410 573 2437 tot
591 2406 690 2438 sociis
707 2407 838 2438 Baiter:
853 2407 933 2447 fort.
954 2411 987 2437 et
1005 2411 1140 2447 praesto
1158 2407 1198 2438 iis
1315 2418 1353 2447 19
1377 2412 1411 2438 et
1430 2407 1505 2438 add.

184 2451 254 2478 vell.
