1791 2796
561 147 672 184 EPP.
706 148 782 184 AI)
814 147 1161 185 FAMILIARES
1478 151 1545 187 IX.
1566 150 1642 187 xiv

195 259 279 306 buS,
306 267 450 307 tamen,
479 266 571 299 ante
600 272 718 310 quam
744 273 808 298 me
834 261 951 310 plane
980 260 1170 307 salutavit,
1199 261 1256 299 ‘O
1282 260 1335 299 mi
1361 260 1524 309 Cicero‚'

194 324 329 375 inquit,
360 327 553 376 ‘gratulor
578 325 658 373 tibi,
688 339 779 364 cum
809 333 962 364 tantum
992 327 1096 364 vales
1125 327 1233 376 apud
1262 327 1522 376 Dolabellam,

193 399 384 441 quantum
412 391 442 429 si
469 404 542 442 ego
567 392 674 441 apud
700 390 841 430 sororis
868 391 990 429 filium
1013 393 1192 438 valerem,
1216 391 1293 430 iam
1321 392 1415 430 salvi
1440 406 1525 431 esse

192 469 422 506 possemus:
458 457 688 496 Dolabellae
717 470 808 495 vero
838 465 906 494 tuo
937 465 975 495 et
1003 459 1173 506 gratulor
1203 465 1241 495 et
1267 458 1407 507 gratias
1437 471 1521 508 ago,

154 535 171 568 5
192 533 310 571 quem
331 521 492 572 quidem
518 530 605 571 post
633 529 670 560 te
697 524 900 561 consulem
928 523 1055 560 solum
1084 536 1294 572 possumus
1319 536 1406 561 vere
1434 536 1525 562 con-

192 588 316 626 sulem
337 586 491 626 dicere.'
549 587 704 626 Deinde
731 589 855 626 multa
880 588 930 626 de
960 589 1063 626 facto
1089 601 1134 626 ac
1162 588 1212 627 de
1238 602 1278 627 re
1305 596 1412 638 gesta
1433 596 1523 628 tua:

191 651 288 690 nihil
316 652 638 703 magnificentiUS‚
662 652 757 690 nihil
781 652 1015 702 praeclarius
1042 660 1174 691 actum
1202 667 1402 703 umquam,
1426 653 1523 692 nihil

192 717 242 755 rei
268 731 303 767 p.
328 718 540 756 salutarius.
601 720 733 768 Atque
762 719 860 756 haec
889 732 967 756 una
993 731 1068 757 vox
1094 718 1272 757 omnium
1301 727 1368 757 est.
1427 721 1463 757 A
1485 726 1523 758 te
1541 728 1567 765 4

191 789 322 821 autem
353 790 445 832 peto
479 791 521 821 ut
550 797 613 822 me
643 785 744 821 hanc
774 783 885 833 quasi
917 785 1052 821 falsam
1083 783 1341 822 hereditatem
1371 784 1522 823 alienae

135 861 174 884 10
190 847 335 898 gloriae
362 847 464 885 sinas
495 861 652 886 cernere
682 862 824 898 meque
853 848 985 898 aliqua
1014 862 1060 887 ex
1086 856 1194 899 parte
1220 849 1263 886 in
1294 849 1521 888 societatem

192 919 344 950 tuarum
375 914 536 951 laudum
564 913 695 952 venire
721 913 877 963 patiare.
939 915 1204 963 Quamquam,
1232 914 1285 952 mi
1315 915 1523 953 Dolabella

192 977 306 1027 (haec
340 977 445 1015 enim
481 978 630 1016 iocatus
664 977 768 1029 sum)
799 978 985 1017 libentius
1019 979 1148 1017 omnis
1184 992 1302 1027 meaS,
1335 980 1365 1017 si
1401 982 1523 1019 modo

191 1050 280 1080 sunt
300 1042 454 1093 aliquae
482 1056 592 1081 meae
613 1044 760 1089 laudes,
783 1044 834 1082 ad
855 1051 892 1082 te
913 1044 1190 1083 transfuderim
1211 1058 1329 1094 quam
1351 1045 1521 1095 aliquam

190 1115 338 1156 partem
369 1108 612 1147 exhauserim
643 1123 689 1147 ex
718 1108 804 1147 tuis.
865 1110 969 1147 Nam
1004 1123 1095 1148 curn
1124 1117 1161 1148 te
1191 1123 1346 1160 semper
1369 1118 1521 1148 tantum

132 1186 170 1217 15
190 1172 401 1220 dilexerim,
439 1181 629 1227 quantum
669 1181 711 1211 tu
750 1173 974 1223 intellegere
1012 1174 1185 1224 potuisti,
1223 1183 1306 1213 tum
1346 1175 1406 1213 his
1445 1175 1521 1214 tuis

190 1238 299 1276 factis
329 1238 384 1276 sic
413 1238 597 1277 incensus
630 1252 728 1286 sum,
758 1246 801 1276 ut
830 1239 927 1276 nihil
957 1253 1145 1289 umquam
1175 1239 1215 1277 in
1244 1253 1377 1278 amore
1407 1240 1520 1279 fuerit

188 1303 397 1342 ardentius.
458 1303 566 1340 Nihil
601 1312 658 1341 est
688 1303 805 1350 enim,
838 1303 933 1342 mihi
963 1305 1090 1351 crede,
1124 1304 1264 1343 virtute
1298 1305 1517 1353 formosius,

188 1368 284 1406 nihil
322 1368 532 1418 pulchrius,
568 1368 664 1406 nihil
702 1369 919 1407 amabilius.
978 1371 1141 1420 Semper
1178 1370 1316 1418 amavi,
1351 1378 1392 1409 ut
1432 1370 1562 1424 scis‚5

190 1435 246 1471 M.
279 1435 443 1471 Brutum
478 1442 635 1484 propter
668 1434 751 1472 eius
790 1448 989 1472 summum
1024 1434 1236 1485 ingenium,
1268 1435 1520 1474 suavissimos

131 1517 169 1538 20
189 1511 326 1546 mores,
361 1498 595 1549 singularem
629 1499 864 1549 probitatem
903 1507 1022 1549 atque
1061 1500 1347 1549 constantiam3
1388 1508 1520 1539 tamen

190 1563 327 1602 Idibus
350 1564 501 1602 Martiis
523 1572 674 1603 tantum
695 1564 859 1603 accessit
879 1566 929 1603 ad
950 1579 1123 1603 amorem
1150 1573 1191 1603 ut
1212 1565 1369 1605 mirarer
1388 1567 1519 1605 locum

187 1629 306 1668 fuisse
336 1629 507 1680 augendi
539 1630 578 1668 in
613 1644 671 1679 eo,
703 1632 812 1681 quod
848 1630 942 1668 mihi
977 1631 1054 1668 iam
1088 1631 1239 1681 pridem
1275 1633 1519 1670 cumulatum

187 1694 303 1732 etiam
331 1695 546 1734 videbatur.
607 1695 708 1744 Quis
742 1702 822 1734 erat
854 1696 920 1745 qui
948 1703 1100 1746 putaret
1129 1697 1179 1734 ad
1210 1710 1300 1734 eum
1330 1710 1516 1745 amorem,

187 1772 304 1809 quem
336 1775 424 1811 erga
454 1769 491 1799 te
521 1761 729 1808 habebam,
754 1774 870 1810 posse
899 1760 1047 1810 aliquid
1078 1762 1297 1799 accedere?
1344 1763 1517 1800 Tantum

130 1838 167 1869 25
186 1826 350 1864 accessit
372 1826 529 1864 ut'mihi
551 1840 656 1864 nunc
677 1826 850 1875 denique
870 1839 1000 1864 amare
1022 1825 1164 1873 videar,
1188 1833 1303 1864 antea
1324 1826 1514 1866 dilexisse.

188 1890 278 1938 Qua
305 1905 344 1929 re
369 1891 465 1940 quid
492 1899 550 1929 est
574 1893 682 1940 quod
710 1905 782 1940 ego
810 1899 847 1929 te
875 1892 1004 1928 horter
1035 1898 1075 1928 ut
1103 1890 1282 1941 dignitati
1310 1900 1347 1930 et
1373 1892 1517 1941 gloriae
1536 1900 1564 1936 6

187 1954 358 1993 servias?
392 1969 610 2006 proponam
632 1956 702 1994 tibi
731 1958 853 1994 claros
875 1956 986 2003 viros,
1011 1957 1119 2005 quod
1142 1957 1266 1995 facere
1298 1958 1425 1995 solent
1450 1957 1517 2007 qui

187 2020 421 2058 hortantur?
469 2020 680 2059 Neminem
709 2022 837 2060 habeo
864 2021 1064 2059 clariorem
1091 2035 1209 2071 quam
1232 2029 1269 2059 te
1293 2021 1450 2072 ipsum,
1479 2030 1517 2060 te

187 2083 337 2124 imitere
357 2093 521 2136 oportet,
545 2094 674 2124 tecum
700 2086 782 2136 ipse
807 2094 929 2125 certes
946 2102 953 2133 ;
983 2101 1033 2126 ne
1054 2086 1143 2125 licet
1165 2086 1326 2137 quidem
1347 2087 1416 2125 tibi
1439 2087 1514 2125 iam

127 2163 168 2194 30
188 2150 303 2188 tantis
329 2151 443 2189 rebus
464 2150 581 2201 gestis
606 2165 685 2190 non
707 2151 761 2189 tui
784 2151 950 2190 similem
972 2166 1066 2190 esse.
1128 2153 1248 2201 Quod
1270 2166 1359 2190 cum
1381 2152 1433 2190 ita
1454 2152 1512 2199 sit,
1533 2161 1556 2200 7

186 2215 354 2254 hortatio
376 2230 454 2254 non
476 2224 532 2254 est
554 2216 780 2263 necessaria,
799 2217 1055 2266 gratulatione
1077 2217 1198 2266 magis
1219 2217 1411 2255 utendum
1433 2223 1490 2254 est
1508 2231 1514 2261 ;

185 2280 347 2331 contigit
377 2281 481 2320 enim
512 2280 582 2319 tibi
617 2282 724 2331 quod
760 2283 865 2320 haud
899 2281 981 2320 scio
1010 2296 1065 2320 an
1096 2281 1255 2328 nemini,
1288 2289 1330 2319 ut
1359 2294 1513 2319 summa

185 2345 366 2384 severitas
404 2346 754 2385 animadversionis
797 2361 876 2385 non
921 2348 1045 2386 modo
1090 2361 1170 2386 non
1214 2346 1406 2384 invidiosa
1444 2347 1513 2384 sed

228 2433 249 2461 6
273 2437 330 2505 ῐέτέ
340 2432 533 2504 ίῐῖἳςριιῦειέ
549 2444 554 2463 ;
581 2437 649 2463 tum
667 2433 778 2464 MHA
795 2446 801 2464 z
827 2444 901 2464 cum
918 2433 972 2464 D:
999 2433 1058 2464 del.
1070 2432 1240 2463 Andresen
1332 2441 1372 2471 23
1396 2431 1511 2472 etiam]

186 2484 262 2505 esse
330 2488 339 2505 c
353 2487 391 2505 ns
