1791 2796
588 147 699 184 EPP.
732 147 809 183 AI)
842 146 1187 183 FAMILIARES
1502 145 1619 181 XIII.
1639 143 1701 180 lvi

222 273 305 297 rare
334 258 486 297 videtur
517 271 636 309 quam
671 257 754 308 ipse
787 257 974 304 Cluvius3
1012 257 1074 294 cui
1105 256 1196 294 satis
1230 257 1377 294 sactum
1411 269 1497 293 esse
1530 268 1552 293 a

222 324 338 363 nobis
359 325 472 363 valde
492 325 592 363 volo.
654 323 730 361 His
755 324 806 362 de
827 322 942 361 rebus
964 330 1004 361 te
1021 323 1275 361 vehementer
1294 321 1411 360 etiam
1432 314 1552 372 atque

222 390 340 428 etiam
361 404 464 440 rogo.

264 555 391 590 LVII
515 555 584 590 Scr.
605 556 786 588 Laudiceae
802 558 845 589 in.
865 568 911 589 m.
929 557 1016 598 Apr.
1035 568 1065 589 a.
1087 567 1148 598 704
1168 558 1248 599 (50).

182 641 200 673 5
548 635 722 666 CICERO
746 635 949 666 THERMO
977 635 1147 666 PROPR.
1179 635 1214 667 S.

275 716 368 763 Quo
389 712 511 764 magis
536 713 683 752 cotidie
709 727 756 751 ex
782 713 918 752 litteris
945 713 1173 763 nuntiisque
1194 712 1341 752 bellum
1362 727 1549 765 magnum
1572 725 1588 752 1

220 792 305 817 esse
339 779 378 817 in
413 778 521 829 Syria
555 791 764 829 cognosco,
798 791 846 817 eo
881 778 1152 817 vehementius
1185 791 1208 816 a
1242 786 1280 817 te
1314 792 1384 830 pro
1419 788 1551 818 nostra

220 844 512 883 necessitudine
533 845 733 882 contendo
755 851 796 882 ut
818 843 914 881 mihi
938 845 992 882 M.
1009 843 1209 882 Anneium
1231 845 1402 894 legatum
1424 845 1551 895 primo

219 923 379 960 quoque
400 917 577 960 tempore
597 909 769 948 remittas
785 924 794 957 3
824 923 915 948 nam
937 909 1019 948 eius
1041 923 1170 959 opera,
1194 909 1370 957 consilio,
1389 910 1552 948 scientia

164 995 201 1016 ιο
220 976 274 1014 rei
308 975 483 1014 militaris
515 976 575 1014 vel
610 975 778 1013 maxime
810 975 994 1026 intellego
1029 989 1092 1014 me
1124 984 1161 1013 et
1192 988 1272 1013 rem
1306 989 1341 1026 p.
1377 976 1550 1014 adiuvari

220 1054 346 1092 posse.
406 1042 528 1090 Quod
552 1040 625 1079 nisi
653 1048 761 1079 tanta
786 1054 845 1079 res
870 1040 954 1080 eius
982 1049 1168 1091 ageretur,
1194 1054 1267 1079 nec
1292 1040 1375 1091 ipse
1406 1042 1550 1080 adduci

220 1106 410 1157 potuisset
429 1115 470 1144 ut
490 1120 512 1144 a
534 1120 597 1144 me
617 1106 848 1154 discederet,
873 1120 1002 1157 neque
1025 1120 1097 1157 ego
1123 1115 1163 1145 ut
1185 1120 1275 1145 eum
1297 1120 1319 1145 a
1339 1120 1402 1145 me
1422 1107 1551 1146 dimit-

218 1180 351 1210 terem.
413 1173 497 1221 Ego
532 1171 571 1209 in
602 1171 781 1210 Ciliciam
812 1171 1005 1222 proficisci
1039 1172 1169 1222 cogito
1196 1171 1347 1210 circiter
1378 1174 1427 1210 K.
1452 1173 1546 1211 Mai.

218 1240 323 1276 Ante
351 1250 437 1275 eam
462 1236 568 1275 diem
593 1238 646 1274 M.
672 1236 851 1275 Anneius
879 1239 929 1275 ad
960 1251 1023 1275 me
1052 1238 1183 1275 redeat
1219 1245 1384 1288 oportet.
1444 1239 1549 1277 Illud
1567 1251 1591 1278 2

162 1320 199 1353 15
219 1304 327 1353 quod
348 1310 478 1340 tecum
500 1310 538 1340 et
558 1315 689 1339 coram
712 1310 749 1340 et
771 1316 838 1352 per
863 1302 1008 1341 litteras
1039 1302 1336 1353 diligentissime
1356 1303 1427 1354 egi,
1451 1303 1490 1342 id
1511 1312 1549 1342 et

218 1381 324 1406 nunc
348 1367 465 1406 etiam
493 1375 612 1417 atque
640 1368 757 1406 etiam
784 1382 877 1419 rogo
903 1383 1018 1407 curae
1047 1368 1117 1407 tibi
1144 1369 1203 1417 sit,
1227 1378 1268 1408 ut
1293 1383 1406 1408 suum
1434 1383 1549 1420 nego-

218 1434 327 1480 tium,
350 1434 458 1484 quod
480 1434 598 1471 habet
620 1447 710 1471 eum
733 1437 882 1485 populo
906 1435 1107 1482 Sardiano,
1131 1449 1201 1486 pro
1228 1449 1369 1474 causae
1389 1436 1549 1474 veritate

218 1508 255 1538 et
290 1512 359 1549 pro
391 1512 460 1537 sua
493 1499 682 1549 dignitate
718 1501 911 1539 conficiat.
975 1501 1153 1540 Intellexi
1185 1515 1231 1540 ex
1262 1510 1327 1540 tua
1359 1501 1546 1548 oratione,

218 1579 308 1603 cum
336 1573 467 1603 tecum
497 1567 643 1616 Ephesi
672 1569 825 1606 locutus
853 1581 952 1615 sum,
984 1575 1022 1605 te
1050 1567 1170 1617 ipsius
1201 1569 1257 1605 M.
1280 1567 1411 1606 Annei
1432 1581 1549 1606 causa

160 1645 201 1668 20
219 1631 352 1669 onmia
376 1633 498 1679 velle3
528 1633 598 1670 sed
628 1641 759 1671 tamen
791 1633 846 1671 sic
876 1633 992 1671 velim
1021 1632 1229 1680 existimes,
1260 1640 1299 1671 te
1326 1633 1421 1671 mihi
1452 1633 1547 1671 nihil

217 1698 361 1748 gratius
386 1699 512 1737 facere
540 1712 655 1749 posse
678 1712 796 1748 quam
823 1698 855 1736 si
880 1698 1105 1737 intellexero
1133 1711 1200 1748 per
1224 1705 1262 1736 te
1289 1698 1397 1736 illum
1419 1698 1547 1748 ipsum

218 1763 419 1813 negotium
449 1778 495 1802 ex
525 1764 719 1803 sententia
749 1764 976 1811 confecisse,
1011 1763 1131 1814 idque
1161 1776 1278 1814 quam
1310 1763 1479 1814 primum
1506 1773 1546 1803 ut

218 1828 361 1867 efficias
383 1836 428 1867 te‘
442 1828 559 1868 etiam
581 1836 699 1879 atque
720 1829 838 1867 etiam
861 1842 965 1878 rogo.

263 1985 415 2020 LVIII
475 1988 542 2020 Ser.
554 1988 698 2028 sorlasse
714 1987 894 2019 Landzccae
907 1993 981 2029 post
996 2000 1026 2020 (1.
1044 1988 1068 2019 d
1089 1989 1120 2019 ii·
1138 1987 1185 2019 Id.
1203 1988 1291 2021 Febr.

160 2035 198 2067 25
777 2044 806 2064 (ι.
827 2044 885 2072 70.)
914 2035 980 2071 50‘.

364 2109 406 2140 M.
433 2109 608 2140 CICERO
632 2109 670 2141 C.
698 2109 826 2140 TITIO
852 2110 888 2142 L.
919 2110 953 2141 F.
985 2110 1108 2141 RVFO
1136 2109 1207 2142 PR.
1233 2110 1337 2141 VRB.
1365 2110 1399 2142 S.

272 2188 315 2224 L.
340 2187 542 2226 Custidius
569 2195 626 2226 est
653 2187 804 2226 tribulis
831 2196 869 2227 et
896 2189 1100 2240 municeps
1130 2197 1168 2228 et
1198 2189 1395 2227 familiaris
1420 2202 1542 2227 meus.

219 2253 258 2290 Is
279 2265 436 2290 causam
458 2253 588 2300 habet,
611 2266 729 2303 quam
751 2267 909 2292 causam
929 2255 980 2293 ad
1008 2263 1045 2293 te
1072 2256 1230 2294 deferet.
1293 2255 1545 2293 Commendo

217 2317 289 2356 tibi
318 2317 532 2364 hominem,
569 2318 624 2356 sic
663 2326 704 2357 ut
742 2327 809 2358 tua
847 2321 944 2359 fides
983 2328 1021 2358 et
1055 2334 1166 2360 meus
1199 2322 1326 2371 pudor
1360 2321 1541 2369 postulat,

270 2428 308 2460 15
331 2422 394 2461 egi,
429 2421 462 2452 id
495 2426 528 2452 et
559 2420 672 2453 codd:
708 2422 771 2462 egi,
806 2423 838 2454 id
871 2428 904 2454 te
936 2421 1056 2456 Lamb.
1089 2423 1232 2455 Miiller:
1275 2424 1338 2464 egi,
1369 2429 1403 2455 te
1434 2421 1548 2456 Baiter

218 2472 256 2495 21
283 2464 407 2507 ipsum]
426 2474 524 2496 suum
546 2464 736 2507 Wesenberg
