1791 2796
146 557 163 588 (τι

127 883 166 905 10

126 1537 164 1558 20

128 2188 167 2218 30

556 166 666 203 ΕΡΡ.
699 165 777 202 AD
814 163 1161 201 FAMILIARES
1493 162 1634 201 111.xi

184 285 242 317 est
266 276 460 325 maiestas,
480 276 551 315 etsi
576 277 682 315 Sulla
702 274 837 323 voluit,
857 288 908 313 ne
934 274 973 312 in
998 274 1176 325 quemvis
1202 274 1363 326 impune
1390 275 1515 315 decla-

184 343 279 382 mari
313 343 468 390 liceret;
497 342 667 380 ambitus
700 355 792 380 vero
826 340 878 379 ita
909 348 1083 391 apertam
1115 340 1194 379 vim
1225 342 1358 389 habet,
1382 348 1424 379 ut
1448 348 1513 379 aut

183 416 386 447 accusetur
402 407 580 458 improbe
593 415 658 445 aut
679 408 924 446 defendatur.
984 406 1092 456 Quid
1106 406 1242 445 enim?
1271 408 1372 444 facta
1388 420 1515 445 necne

183 476 285 513 facta
322 473 486 524 largitio,
524 472 690 523 ignorari
732 474 890 522 potest?
937 479 1095 510 tuorum
1140 480 1272 510 autem
1318 472 1513 509 honorum

184 552 318 577 cursus
339 538 401 577 cui
422 546 626 588 suspectus
647 552 836 588 umquam
864 538 965 576 fuit?
1024 539 1092 576 Me
1120 537 1319 585 miserum,
1341 536 1408 587 qui
1432 550 1513 575 non

182 603 396 642 adfuerim!
433 617 532 654 quos
557 617 629 653 ego
663 603 759 641 risus
794 602 1048 641 excitassem!
1118 603 1195 640 Sed
1221 603 1270 640 de
1302 602 1513 640 maiestatis
1535 611 1558 647 3

184 669 329 707 iudicio
361 670 441 707 duo
474 668 568 706 1111111
603 668 667 706 illa
694 682 740 706 ex
768 667 843 706 tuis
874 667 1008 706 litteris
1035 667 1319 706 iucundissima
1346 669 1514 711 fuerunt.

184 747 316 779 11-1111111,
350 734 457 783 quod
488 741 525 771 te
552 734 602 771 ab
637 733 719 782 ipsa
751 746 790 771 re
822 732 980 782 publica
1008 734 1216 771 defensum
1244 732 1392 780 scribis,
1413 746 1514 783 quae

184 799 344 849 quidem
379 799 495 837 etiam
519 798 559 836 in
589 812 742 836 summa
769 799 965 836 bonorum
993 805 1030 836 et
1058 798 1216 836 fortium
1235 797 1379 837 civium
1402 798 1514 848 copia

185 864 281 902 tueri
314 863 399 902 talis
429 864 529 901 viros
564 864 733 910 deberet,
768 877 873 901 nunc
905 877 996 901 vero
1028 877 1075 901 eo
1106 862 1241 913 magis,
1270 864 1378 913 quod
1407 871 1514 901 tanta

184 929 345 980 penuria
374 936 431 967 est
462 928 502 966 in
536 928 644 966 omni
676 930 735 966 vel
770 928 930 966 honoris
955 930 1015 966 vel
1042 928 1179 967 aetatis
1206 929 1341 977 gradu,
1366 936 1408 966 ut
1435 936 1514 966 tam

184 995 279 1033 orba
299 993 433 1032 civitas
458 993 543 1031 talis
575 1001 722 1032 tutores
756 993 965 1043 complecti
990 994 1159 1041 61611601,-
1196 995 1374 1041 alterum,
1407 994 1515 1043 quod

185 1059 349 1109 Pompei
380 1066 417 1097 et
446 1058 555 1096 Bruti
584 1059 702 1097 fidem
738 1058 1137 1108 benevolentiamque
1170 1057 1331 1097 mirifice
1366 1059 1513 1096 laudas.

186 1126 328 1163 Laetor
375 1123 515 1162 virtute
563 1131 600 1162 et
649 1123 777 1162 officio
826 1137 947 1173 quom
997 1132 1154 1161 tuorum
1193 1123 1515 1171 necessariorum,

146 1211 162 1241 5
185 1203 361 1228 meorum
383 1189 720 1236 amicissimorum,
739 1196 822 1227 tum
845 1188 1001 1227 alterius
1016 1188 1195 1228 omnium
1210 1190 1455 1228 saeculorum
1477 1197 1514 1227 et

182 1254 357 1304 gentium
386 1254 584 1304 principis,
609 1253 764 1292 alterius
796 1253 872 1291 iam
903 1253 1055 1303 pridem
1083 1253 1304 1301 iuventutis,
1328 1253 1514 1301 celeriter,

184 1328 226 1358 ut
242 1333 369 1370 spero,
384 1320 558 1358 civitatis.
605 1322 665 1358 De
682 1319 957 1358 mercennariis
975 1319 1139 1358 testibus
1155 1332 1177 1357 a
1194 1319 1272 1357 suis
1293 1318 1514 1358 civitatibus

184 1386 367 1424 notandis
390 1385 463 1423 nisi
486 1386 562 1423 iam
585 1387 731 1424 factum
753 1385 901 1435 aliquid
923 1393 979 1424 est
1001 1398 1069 1435 per
1091 1386 1290 1425 Flaccum,
1310 1386 1376 1423 fiet
1396 1398 1417 1423 a
1439 1398 1515 1433 1116,

184 1466 274 1490 611111
296 1465 363 1502 per
384 1451 520 1490 Asiam
541 1452 744 1490 decedam.

239 1520 357 1556 Nunc
385 1519 435 1556 ad
464 1519 625 1555 alteram
656 1516 862 1566 epistulam
890 1516 1016 1555 venio.
1078 1517 1199 1566 Quod
1228 1516 1279 1554 ad
1310 1529 1373 1554 me
1403 1515 1513 1565 quasi
1536 1519 1562 1556 4

184 1585 348 1623 formam
372 1583 644 1622 communium
669 1590 890 1633 temporum
909 1590 946 1620 et
963 1582 1081 1620 totius
1099 1581 1151 1620 rei
1173 1581 1355 1632 publicae
1376 1581 1514 1619 misisti

184 1663 416 1700 expressam,
462 1648 670 1699 prudentia
711 1647 924 1686 litterarum
971 1655 1125 1686 tuarum
1164 1648 1277 1685 valde
1323 1646 1418 1684 mihi
1458 1654 1514 1684 est

183 1723 316 1766 grata3
350 1715 465 1753 video
501 1713 605 1752 enim
638 1721 675 1752 et
708 1712 879 1763 pericula
911 1712 1065 1759 leviora,
1098 1725 1216 1762 quam
1248 1711 1448 1758 timebam,
1478 1719 1515 1749 et

186 1780 332 1820 maiora
357 1781 561 1832 praesidia,
588 1779 794 1830 siquidem,
820 1787 862 1816 ut
890 1778 1035 1824 scribis,
1060 1791 1198 1816 omnes
1225 1776 1323 1815 vires
1351 1776 1516 1815 civitatis

149 1861 226 1893 :se
269 1848 318 1885 ad
360 1847 524 1898 Pompei
573 1847 735 1884 ductum
787 1844 1106 1894 applicaverunt3
1162 1850 1353 1891 tuumque
1401 1841 1516 1880 simul

187 1921 411 1964 promptum
445 1912 620 1951 animum
656 1920 693 1950 et
725 1912 893 1949 alacrem
932 1908 1109 1959 perspexi
1141 1909 1191 1946 ad
1223 1908 1515 1947 defendendam

184 1993 264 2018 rem
301 1980 499 2030 publicam
536 1978 820 2028 mirificamque
857 1976 943 2026 cepi
980 1977 1222 2025 voluptatem
1258 1988 1303 2012 ex
1338 1975 1411 2011 bac
1451 1981 1515 2011 tua

184 2044 394 2095 diligenda,
419 2045 527 2095 quod
549 2044 587 2082 in
611 2043 774 2082 summis
803 2042 878 2081 tuis
910 2040 1237 2091 occupationibus
1264 2039 1359 2077 mihi
1385 2047 1515 2076 tamen

184 2109 236 2148 rei
264 2110 445 2160 publicae
476 2118 618 2148 statum
648 2122 716 2159 per
745 2117 782 2147 te
809 2116 947 2146 notum
980 2120 1064 2146 esse
1092 2104 1258 2143 voluisti.
1319 2104 1423 2141 Nam
1453 2116 1517 2141 au<

184 2175 324 2224 guralis
346 2175 464 2213 libros
489 2176 539 2213 ad
569 2188 781 2213 commune
810 2172 1011 2223 utriusque
1041 2180 1218 2210 nostrum
1243 2170 1366 2208 otium
1395 2181 1512 2207 serva.

231 2288 243 2307 1
272 2278 332 2308 etsi
352 2278 446 2308 Sulla
465 2277 566 2308 voluit
586 2276 644 2308 M:
682 2282 714 2307 et
732 2277 778 2307 sic
796 2276 869 2307 silla
887 2275 992 2307 voluit
1011 2275 1065 2306 R:
1101 2280 1134 2305 ct
1154 2275 1200 2305 sic
1218 2275 1244 2305 si
1268 2274 1320 2304 illa
1345 2272 1515 2313 proprium

186 2332 307 2352 nomen
332 2321 392 2352 fuit
418 2322 472 2352 illa
496 2321 601 2351 uoluit
624 2320 651 2350 G
713 2321 832 2351 Tolum
857 2320 961 2350 locum
984 2321 1028 2349 sic
1045 2318 1102 2349 da!
1119 2318 1237 2349 Lamb.
1259 2318 1515 2348 Verumtamen

185 2375 224 2395 ea
249 2370 300 2396 est
326 2366 493 2402 maiestas,
523 2369 558 2395 ut
586 2364 679 2395 Sulla
703 2364 817 2402 voluit,
844 2369 878 2394 ut
903 2363 936 2393 in
963 2365 1022 2394 &c.
1073 2363 1158 2393 Forl.
1187 2361 1248 2391 etsi
1272 2361 1364 2391 Sulla
1394 2360 1511 2399 noluit,

186 2414 221 2439 ut
239 2409 272 2438 in
291 2411 352 2441 Sec.
501 2419 520 2438 2
546 2408 662 2439 liceret
687 2408 862 2447 ambigua:
903 2407 1046 2438 ambitus
1072 2406 1245 2436 Lehmann
1380 2414 1400 2442 3
1425 2403 1513 2442 Quid

185 2453 261 2483 coni.
284 2451 532 2483 Mendelssohn:
557 2453 647 2491 quod
666 2451 775 2483 codd:
802 2451 855 2490 qui
874 2450 1005 2481 Baiter:
1030 2450 1198 2489 quomodo
1221 2448 1409 2487 ll'esenbetg

1386 2502 1426 2531 6*
