1791 2796
587 165 699 203 EPP.
732 165 809 201 AD
841 165 1188 203 FAMILIARES
1487 165 1603 202 XIII.
1624 163 1701 200 xvi

265 310 375 347 XVI
549 313 619 346 Scr.
641 313 714 345 ibid.
726 313 798 353 fere
813 319 881 346 eod.
903 318 998 355 temp.
1021 325 1083 355 qno
1098 320 1143 355 sp.
1166 325 1219 346 xv.

651 404 826 435 CICERO
853 404 1056 435 CAESARI
1084 405 1117 435 S.

278 494 318 530 P.
343 493 528 531 Crassum
549 506 595 531 ex
616 492 724 530 omni
752 492 956 532 nobilitate
980 494 1273 533 adulescentem
1304 493 1420 532 dilexi
1442 492 1555 544 pluri·
1574 505 1590 532 1

224 571 344 606 mum,
360 566 398 596 et
419 572 465 596 ex
485 571 533 596 eo
554 571 644 596 cum
665 559 715 597 ab
737 558 897 597 ineunte
913 558 995 597 eius
1015 567 1142 598 aetate
1163 560 1265 598 bene
1286 558 1553 609 speravissem‚

188 640 205 672 5
225 631 308 661 tum
329 623 502 672 perbene
523 623 742 662 existimare
763 623 877 674 coepi
898 622 1048 662 eximiis
1070 624 1223 663 iudiciis
1245 638 1344 675 quae
1366 625 1416 662 de
1437 637 1484 662 eo
1507 625 1557 662 fe—

225 702 331 727 ceras
353 688 529 738 cognitis.
582 688 676 727 Eius
693 689 876 728 libertum
895 689 1150 740 Apollonium
1172 689 1248 728 iam
1266 698 1348 728 tum
1370 689 1555 740 equidem

225 767 315 792 cum
341 754 404 792 ille
425 753 569 792 viveret
590 762 627 792 et
649 754 780 804 magni
801 754 993 793 faciebam
1015 762 1052 794 et
1073 755 1289 805 probabam
1309 770 1318 803 3
1349 763 1429 794 erat
1449 754 1554 793 enim

225 828 263 859 et
296 820 494 858 studiosus
529 820 659 859 Crassi
694 828 732 859 et
763 822 813 859 ad
846 820 928 860 eius
964 828 1112 871 optima
1143 821 1272 860 studia
1302 822 1556 860 vehementer

226 894 366 936 aptus;
409 885 541 935 itaque
565 886 614 924 ab
643 899 690 924 eo
717 887 936 924 admodum
964 886 1206 936 diligebatur,
1269 888 1361 924 Post
1389 894 1554 925 mortem
1575 898 1598 925 2

168 967 208 989 10
226 959 358 990 autem
380 950 509 990 Crassi
531 965 578 989 eo
600 951 696 989 mihi
717 951 835 990 etiam
856 951 1010 1002 dignior
1030 952 1134 990 visus
1158 960 1216 991 est
1236 965 1354 1002 quem
1377 951 1416 990 in
1438 953 1556 991 fidem

226 1024 344 1066 atque
364 1015 578 1055 amicitiam
600 1030 729 1055 meam
758 1017 983 1067 reciperem,
1007 1018 1116 1067 quod
1146 1030 1214 1056 eos
1242 1031 1265 1055 a
1291 1031 1332 1056 se
1354 1018 1558 1056 observan-

226 1083 298 1121 dos
320 1091 357 1121 et
378 1083 568 1121 colendos
590 1083 764 1133 putabat,
788 1096 887 1133 quos
916 1083 979 1122 ille
1006 1082 1204 1122 dilexisset
1225 1091 1263 1122 et
1284 1083 1427 1133 quibus
1448 1098 1559 1121 carus

227 1148 371 1186 fuisset.
434 1150 573 1198 Itaque
608 1156 646 1186 et
674 1149 725 1186 ad
762 1162 824 1187 me
859 1148 899 1186 in
929 1148 1109 1188 Ciliciam
1139 1148 1245 1188 venit
1275 1148 1486 1199 multisque
1521 1149 1558 1187 in

227 1213 343 1251 rebus
365 1212 460 1250 milii
489 1226 631 1263 magno
657 1213 743 1251 usui
772 1213 843 1252 fuit
864 1222 901 1252 et
923 1215 1020 1253 fides
1047 1213 1130 1252 eius
1159 1222 1197 1253 et
1217 1214 1425 1264 prudentia
1447 1222 1495 1262 et,
1519 1222 1558 1252 ut

173 1297 208 1328 15
228 1278 378 1328 opinor,
395 1278 465 1316 tibi
479 1278 518 1315 in
540 1278 808 1317 Alexandrino
825 1279 941 1325 bello,
958 1287 1148 1329 quantum
1166 1279 1297 1317 studio
1318 1287 1355 1317 et
1373 1279 1559 1318 fidelitate

227 1343 417 1393 consequi
438 1343 575 1393 potuit,
599 1357 679 1381 non
701 1343 835 1382 defuit.
896 1344 1016 1392 Quod
1038 1357 1129 1382 cum
1150 1352 1319 1394 speraret
1341 1352 1377 1383 te
1399 1358 1558 1394 quoque
1577 1358 1601 1395 3

228 1409 279 1447 ita
300 1409 529 1456 existimare,
553 1408 592 1446 in
616 1408 851 1459 Hispaniam
876 1411 926 1448 ad
955 1418 992 1448 te
1020 1413 1187 1448 maxime
1214 1409 1277 1448 ille
1305 1409 1465 1460 quidem
1488 1424 1558 1448 suo

228 1474 393 1513 consilio
432 1475 502 1513 sed
541 1474 659 1512 etiam
699 1488 762 1512 me
802 1482 961 1513 auctore
999 1482 1058 1513 est
1097 1476 1304 1525 profectus.
1373 1475 1446 1515 Cui
1487 1488 1560 1525 ego

229 1541 618 1580 commendationem
654 1554 733 1578 non
764 1555 850 1579 sum
880 1541 1088 1591 pollicitus,
1120 1555 1200 1579 non
1231 1541 1325 1591 quin
1355 1555 1442 1579 eam
1472 1543 1557 1579 vah-

171 1624 211 1646 20
231 1615 355 1646 turam
376 1608 482 1657 apud
504 1614 541 1646 te
567 1606 781 1654 arbitrarer,
805 1607 874 1645 sed
902 1620 1031 1657 neque
1052 1620 1164 1657 egere
1194 1606 1289 1644 mihi
1310 1608 1562 1645 commenda-

230 1673 336 1712 tione
367 1673 582 1721 videbatur‚
618 1673 684 1723 qui
725 1680 763 1711 et
794 1672 834 1710 in
870 1673 973 1711 bello
1005 1680 1136 1712 tecum
1168 1672 1302 1711 fuisset
1336 1680 1374 1711 et
1405 1680 1562 1723 propter

231 1738 460 1777 memoriam
490 1738 619 1778 Crassi
651 1740 701 1777 de
733 1738 808 1776 tuis
838 1752 939 1776 unus
970 1746 1082 1786 esset,
1105 1746 1154 1785 et,
1177 1739 1208 1776 si
1235 1738 1291 1776 uti
1312 1739 1563 1776 commenda-

231 1804 404 1843 tionibus
437 1806 563 1853 yellet,
599 1804 716 1843 etiam
748 1818 815 1854 per
843 1803 940 1842 alios
969 1817 1060 1842 eum
1090 1803 1274 1842 videbam
1304 1803 1343 1842 id
1373 1803 1562 1853 consequi

232 1883 375 1920 posse;
415 1869 684 1908 testimonium
713 1869 788 1908 mei
813 1871 863 1908 de
891 1882 938 1908 eo
966 1869 1096 1917 iudici,
1127 1870 1235 1919 quod
1265 1878 1301 1907 et
1324 1869 1405 1919 ipse
1433 1869 1562 1919 magni

174 1949 211 1980 25
232 1935 463 1974 aestimabat
485 1943 522 1973 et
543 1948 616 1985 ego
645 1936 751 1986 apud
773 1943 810 1973 te
837 1937 963 1974 valere
991 1949 1095 1973 eram
1127 1943 1317 1985 expertus,
1341 1935 1375 1973 ei
1396 1934 1562 1973 libenter

233 2000 336 2039 dedi.

288 2068 461 2104 Doctum
510 2065 624 2115 igitur
671 2066 873 2105 hominem
921 2066 1088 2117 cognovi
1136 2074 1173 2104 et
1221 2066 1360 2104 studiis
1403 2065 1561 2116 optimis
1580 2071 1605 2108 4

231 2131 422 2178 deditum,
459 2131 578 2180 idque
612 2144 633 2168 a
665 2145 811 2181 puero;
855 2145 945 2170 nam
980 2132 1088 2170 domi
1122 2145 1232 2170 meae
1263 2144 1353 2169 cum
1387 2131 1563 2169 Diodoto

233 2197 376 2244 Stoico,
408 2196 569 2235 homine
599 2210 689 2234 meo
719 2196 865 2235 iudicio
895 2197 1169 2244 eruditissimo,
1204 2198 1369 2235 multum
1399 2210 1421 2234 a
1442 2210 1563 2246 puero

276 2311 295 2338 4
321 2299 380 2341 cx]
394 2301 435 2331 de
450 2299 564 2331 Lama
587 2299 786 2341 IVesenlaetg,
800 2301 889 2340 quod
897 2312 1034 2341 sperare
1047 2313 1088 2332 cx
1102 2304 1158 2333 vix
1169 2300 1341 2341 dicipossi't
1356 2300 1394 2331 de
1403 2301 1560 2340 personis,

233 2344 293 2375 etsi
303 2349 395 2384 saepe
412 2343 449 2374 de
467 2345 580 2379 relms;
604 2343 660 2373 sed
674 2344 711 2383 cjfi
725 2344 803 2375 Bell.
818 2344 920 2384 Afri:
935 2355 985 2384 45.
1003 2356 1022 2384 5
1129 2355 1147 2383 5
1173 2345 1324 2384 perbene
1336 2343 1475 2375 schulz:
1502 2354 1564 2383 per

234 2398 287 2418 me
300 2387 382 2418 codd
405 2399 411 2417 z
436 2388 564 2426 optime
583 2386 702 2419 Lamb.
810 2388 942 2419 eximiis
958 2389 1053 2419 Klots
1068 2401 1073 2419 ς
1108 2400 1149 2418 ex
1168 2388 1218 2418 his
1235 2387 1323 2418 codd.
1341 2400 1346 2417 :
1380 2388 1419 2417 iis
1437 2387 1562 2417 Ernestz

236 2430 363 2461 feceras
381 2431 540 2471 Madvig:
567 2431 709 2461 feceram
727 2430 814 2461 codd.

1416 2487 1475 2516 :26³⁵
