1791 2796
115 136 207 173 VII.
234 136 340 172 xxvi
635 136 687 172 M.
721 135 888 173 TVLLI
921 135 1228 174 CICERONIS

264 247 424 296 quidem
455 246 618 285 biduum
651 246 701 285 ita
732 245 885 285 ieiunus
913 246 1071 285 fuissem
1105 254 1146 285 ut
1179 261 1228 285 ne
1259 260 1402 297 aquam
1433 246 1594 298 quidem

263 321 469 361 gustarem.
533 313 672 362 Itaque
703 313 906 350 consectus
937 313 1123 361 languore
1151 320 1187 350 et
1217 314 1320 350 same
1342 312 1463 362 magis
1484 321 1595 351 tuum

264 378 436 416 officium
467 377 685 417 desideravi
713 391 830 428 quam
858 391 881 416 a
907 385 946 416 te
973 377 1114 427 requiri
1143 378 1275 428 putavi
1308 391 1450 417 meum.
1512 381 1596 428 Ego

263 451 395 482 autem
430 456 551 494 quom
587 443 715 482 omnis
747 444 907 482 morbos
940 443 1154 481 reformido
1193 451 1276 482 tum
1312 445 1353 482 in
1392 456 1472 494 quo
1508 443 1598 494 Epi-

264 522 401 547 curum
423 517 533 547 tuum
555 508 675 548 Stoici
698 510 800 548 male
825 508 1036 559 accipiunt,
1060 509 1152 559 quia
1174 508 1278 548 dicat
1302 511 1598 563 (στραγγουρικὰ
1616 526 1634 558 5

265 576 324 613 καὶ
357 575 591 625 δυσεντερικὰ
623 575 745 624 πάθη’
779 573 852 612 sibi
886 575 1051 613 molesta
1089 588 1199 622 esse3
1229 588 1398 625 quorum
1432 576 1596 614 alterum

265 641 447 679 morbum
487 640 690 679 edacitatis
729 653 815 679 esse
854 647 1005 690 putant,
1046 641 1211 678 alterum
1257 640 1374 679 etiam
1414 640 1596 692 turpioris

264 706 597 756 intemperantiae.
669 707 771 745 Sane
806 706 1038 756 δυσεντερίαν
1068 705 1371 756 pertimueram3
1412 708 1482 746 sed
1516 707 1596 746 visa

263 781 321 811 est
355 772 449 810 mihi
477 774 536 810 vel
565 771 639 810 loci
669 771 834 810 mutatio
855 773 914 810 vel
935 770 1056 810 animi
1087 771 1205 809 etiam
1227 771 1411 810 relaxatio
1432 773 1491 810 vel
1514 771 1596 822 ipsa

221 849 244 877 2
265 839 425 876 sortasse
449 837 523 876 lam
541 837 780 876 senescentis
799 837 923 876 morbi
941 836 1118 875 remissio
1134 837 1337 888 profuisse.
1388 839 1448 875 Ac
1464 845 1595 876 tamen
1616 849 1656 873 10

265 918 314 942 ne
356 903 492 942 mirere
534 904 640 942 unde
681 904 756 941 hoc
791 902 977 941 acciderit
1007 915 1086 952 quo
1116 903 1287 941 modove
1317 902 1593 950 commiserim,

264 971 324 1007 lex
363 968 603 1019 sumptuaria
643 981 744 1018 quae
783 968 936 1007 videtur
978 969 1154 1017 λιτότητα
1192 967 1368 1006 attulisse
1412 981 1456 1005 ea
1501 968 1595 1006 mihi

264 1034 389 1073 fraudi
429 1034 509 1073 suit.
571 1035 675 1073 Nam
714 1035 810 1073 dum
844 1034 979 1072 volunt
1009 1033 1069 1072 isti
1100 1033 1194 1072 lauti
1229 1040 1327 1071 terra
1362 1041 1463 1081 nata,
1495 1047 1596 1083 quae

264 1101 349 1149 lege
370 1106 532 1150 excepta
553 1107 654 1147 sunt,
680 1098 718 1137 in
746 1100 939 1138 honorem
969 1100 1179 1146 adducere,
1212 1099 1364 1149 fungOS,
1397 1100 1594 1147 helvellas,

263 1166 403 1204 herbas
429 1164 557 1203 omnis
579 1164 631 1203 ita
653 1164 845 1204 condiunt
872 1171 914 1202 ut
942 1164 1037 1202 nihil
1064 1163 1186 1215 possit
1214 1177 1299 1203 esse
1320 1164 1486 1203 suavius.
1548 1165 1594 1202 In
1619 1178 1655 1210 15

263 1244 327 1269 eas
348 1243 438 1268 cum
461 1229 687 1269 incidissem
714 1229 752 1268 in
784 1243 881 1268 cena
911 1229 1083 1280 augurali
1111 1230 1217 1279 apud
1241 1230 1464 1276 Lentulum,
1489 1236 1596 1268 tanta

264 1310 327 1335 me
356 1297 520 1346 διάρροια
558 1295 728 1346 adripuit
767 1303 809 1334 ut
847 1295 968 1334 hodie
1003 1295 1172 1346 primum
1207 1294 1385 1334 videatur
1419 1295 1596 1345 coepisse

263 1362 486 1401 consistere.
561 1363 622 1400 Ita
660 1374 743 1411 ego,
786 1360 852 1411 qui
901 1374 964 1399 me
1012 1360 1148 1399 ostreis
1187 1368 1225 1399 et
1265 1359 1435 1399 murenis
1484 1360 1596 1399 facile

261 1428 520 1475 abstinebam,
562 1441 584 1465 a
623 1427 712 1465 beta
744 1435 781 1465 et
813 1440 834 1465 a
871 1428 997 1465 malva
1037 1427 1227 1477 deceptus
1266 1439 1363 1464 sum.
1425 1427 1595 1464 Posthac

264 1492 376 1542 igitur
405 1492 548 1530 erimus
582 1491 784 1529 cautiores.
1615 1504 1656 1526 20

316 1559 378 1596 Tu
401 1565 532 1596 tamen
560 1570 649 1595 cum
675 1556 852 1595 audisses
873 1556 923 1594 ab
945 1555 1089 1594 Anicio
1113 1555 1225 1603 (vidit
1247 1555 1351 1595 enim
1375 1569 1437 1595 me
1458 1569 1595 1594 nause-

262 1624 424 1670 antem&
459 1636 538 1661 non
575 1622 696 1660 modo
732 1621 913 1660 mittendi
949 1635 1107 1660 causam
1144 1622 1285 1660 iustam
1322 1621 1492 1660 habuisti
1524 1623 1594 1660 sed

263 1688 380 1726 etiam
420 1687 580 1726 visendi.
661 1689 744 1737 Ego
784 1686 847 1725 hic
894 1687 1024 1737 cogito
1074 1687 1308 1726 commorari
1353 1688 1486 1737 quoad
1533 1701 1596 1725 me

263 1753 444 1801 reficiam,
483 1767 572 1792 nam
609 1761 645 1792 et
681 1752 770 1790 viris
805 1760 842 1791 et
879 1766 1020 1803 corpus
1052 1753 1189 1802 amisi3
1233 1753 1303 1792 scd
1342 1752 1373 1791 si
1412 1753 1593 1791 morbum

262 1821 462 1870 depulero,
495 1818 617 1866 facile,
650 1826 690 1857 ut
721 1832 845 1868 spero,
881 1818 944 1857 illa
975 1819 1179 1858 revocabo.
1614 1825 1652 1858 ²5

306 1953 484 1988 XXVII
569 1956 639 1987 διν.
661 1956 796 1996 Romae,
819 1961 855 1987 ul
870 1956 1008 1995 videtur,
1021 1961 1097 1998 post
1114 1968 1159 1989 ιιι.
1180 1956 1284 1989 Mart.

820 2023 851 2043 a.
873 2023 931 2051 7⁰2
952 2014 1031 2052 (523.

642 2089 685 2120 M.
713 2089 889 2121 CICERO
916 2089 950 2120 S.
980 2090 1020 2120 D.
1048 2089 1214 2121 GALLO.

230 2179 246 2207 1
322 2166 444 2205 Miror
477 2179 546 2204 cur
581 2180 642 2204 me
674 2180 846 2213 accuses,
885 2180 975 2205 cum
1011 2166 1080 2204 tibi
1116 2166 1155 2205 id
1190 2167 1316 2205 facere
1351 2179 1430 2204 non
1449 2164 1589 2204 tliceat.

265 2233 386 2281 Quod
408 2232 438 2270 si
460 2231 602 2278 liceret,
627 2240 758 2269 tamen
781 2244 860 2269 non
882 2231 1066 2269 debebas.
1131 2232 1237 2280 ‘Ego
1258 2229 1361 2268 enim
1384 2238 1421 2267 te
1443 2229 1481 2267 in
1502 2243 1593 2268 con·
1612 2238 1652 2269 30

264 2299 391 2336 sulatu
412 2297 685 2343 observaram‚'
702 2303 739 2334 ct
760 2296 815 2334 ais
838 2296 918 2333 sore
939 2303 980 2333 ut
1002 2303 1040 2333 te
1061 2296 1205 2334 Caesar
1226 2294 1410 2333 restituat.
1464 2294 1592 2333 Multa

307 2414 325 2440 4
350 2411 450 2440 quom
479 2399 731 2432 Mendelssolm:
765 2410 862 2439 quam
885 2398 945 2429 M:
980 2409 1053 2429 cum
1074 2397 1137 2428 GR
1291 2398 1323 2428 in
1357 2408 1423 2437 quo
1444 2396 1591 2429 Ernesti:

263 2446 351 2485 quod
369 2444 478 2478 codd.;
504 2455 569 2485 quo
587 2444 680 2475 Man.
817 2454 859 2483 30
883 2448 925 2482 te,
945 2443 1063 2482 inquis,
1085 2442 1117 2473 in
1135 2441 1254 2473 Lamb.
