1791 2796
551 147 663 185 EPP.
693 130 773 184 'An
804 146 1153 184 FAMILIARES
1467 145 1545 183 ΠΙ.
1564 144 1610 181 vi

193 259 244 298 ab
264 258 310 298 iis
330 258 492 310 quidem
522 257 603 296 fieri
630 258 810 304 solerent,
833 257 900 307 qui
930 256 1037 295 brevi
1067 264 1245 307 tempore
1270 255 1343 294 sibi
1366 256 1524 294 succedi

193 332 384 376 putarent.
446 325 602 362 Horum
629 336 702 373 ego
732 336 913 362 sermone
943 336 1023 360 non
1050 322 1246 369 movebar,
1270 321 1365 372 quin
1394 314 1522 368 etiam,
1546 330 1568 368 5

194 391 329 429 eredas
364 389 417 428 mi
451 389 578 436 velim,
613 388 644 427 si
678 388 773 439 quid
812 396 853 426 tu
892 402 1036 438 agereS,
1077 387 1194 426 levari
1234 401 1297 426 me
1336 387 1525 437 putabam

194 455 372 493 molestia
392 462 430 493 et
454 468 501 493 ex
529 467 660 492 annua
689 453 902 504 provincia,
922 467 1024 503 quae
1054 453 1150 491 mihi
1180 455 1297 503 longa
1318 452 1525 500 videretur,

157 534 315 572 5prope
362 520 439 559 iam
487 519 673 559 undecim
721 533 929 558 mensuum
973 518 1215 570 provinciam
1259 521 1402 557 factam
1441 532 1526 557 esse

193 586 428 637 gaudebam,
463 585 494 623 si
527 584 680 623 absenti
719 584 815 622 mihi
853 584 968 623 unius
1007 584 1153 623 mensis
1188 584 1298 622 labor
1329 585 1525 622 detractus

194 660 320 699 esset,
349 651 458 699 illud,
478 662 567 689 vere
587 650 730 698 dicam,
752 663 815 688 me
836 658 980 697 movet,
1000 650 1040 688 in
1065 657 1173 688 tanta
1202 649 1370 687 militum
1398 649 1527 699 pauci-

194 724 273 755 tate
306 717 444 755 abesse
482 716 548 754 tris
587 715 771 764 cohortis,
803 728 904 766 quae
943 715 1020 753 sint
1057 714 1323 765 plenissimae,
1355 727 1428 753 nec
1463 727 1527 752 me

196 782 293 821 scire
332 782 399 820 ubi
437 782 541 826 sint;
589 780 863 819 molestissime
907 788 1039 819 autem
1085 781 1180 827 fero,
1219 781 1328 829 quod
1374 788 1412 817 te
1458 778 1526 817 ubi

139 864 177 887 10
196 847 345 885 visurus
384 846 456 884 sim
503 845 663 893 nescio;
711 859 839 896 eoque
876 846 927 884 ad
966 853 1005 884 te
1043 844 1190 883 tardius
1229 844 1378 895 scripsi,
1418 845 1526 894 quod

196 912 341 951 cotidie
357 920 395 950 te
411 912 540 962 ipsum
556 911 847 961 exspectabam,
860 924 951 949 cum
967 910 1116 949 interea
1132 924 1182 949 ne
1202 910 1347 948 litteras
1364 909 1525 960 quidem

197 979 293 1016 ullas
326 976 476 1026 accepi,
508 990 609 1027 quae
644 990 707 1014 me
746 977 947 1024 docerent,
979 975 1076 1026 quid
1109 989 1243 1025 ageres
1281 983 1348 1013 aut
1387 975 1454 1013 ubi
1489 982 1527 1012 tc

196 1043 346 1082 visurus
378 1056 515 1081 essem.
587 1044 727 1092 Itaque
761 1041 885 1079 virum
925 1042 1065 1079 fortem
1100 1041 1276 1091 mihique
1315 1040 1354 1078 in
1394 1040 1527 1090 primis

196 1109 418 1159 probatum,
450 1110 497 1146 D.
531 1107 764 1155 Antonium,
793 1107 1034 1157 praefectum
1064 1114 1330 1153 evocatorum,
1360 1105 1447 1143 misi
1477 1105 1528 1143 ad

141 1190 176 1221 15
197 1182 247 1222 te,
272 1174 347 1221 cui,
377 1173 409 1211 si
438 1173 509 1211 tibi
535 1173 743 1220 videretur,
767 1171 939 1210 cohortis
963 1172 1148 1219 tradereS,
1169 1179 1224 1218 ut,
1245 1172 1341 1209 dum
1371 1178 1527 1220 tempus

196 1239 289 1278 anni
316 1247 417 1277 esset
444 1238 646 1286 idoneum,
666 1237 815 1288 aliquid
840 1236 972 1287 negoti
998 1250 1130 1287 gerere
1156 1249 1314 1286 possem
1333 1251 1342 1283 3
1374 1236 1413 1273 in
1435 1248 1528 1285 quo,

197 1314 265 1344 tuo
286 1304 451 1343 consilio
471 1312 513 1342 ut
534 1317 597 1342 me
618 1316 813 1354 sperarem
837 1316 923 1341 esse
949 1316 1125 1350 usurum,
1146 1309 1184 1341 et
1204 1301 1375 1340 amicitia
1396 1308 1529 1339 nostra

197 1379 235 1410 et
268 1371 417 1408 litterae
449 1377 538 1408 tuae
572 1371 753 1416 fecerant,
788 1369 896 1418 quod
928 1382 978 1406 ne
1016 1381 1122 1406 nunc
1153 1367 1315 1417 quidem
1348 1367 1525 1416 despero.

199 1437 276 1474 Sed
297 1437 425 1486 plane,
447 1435 607 1485 quando
634 1442 700 1472 aut
727 1433 794 1472 ubi
822 1442 859 1472 te
880 1433 1030 1471 visurus
1056 1432 1142 1479 sim,
1163 1432 1237 1470 nisi
1266 1432 1317 1470 ad
1348 1445 1411 1470 me
1441 1431 1529 1469 scri-

139 1517 180 1539 20
199 1501 332 1552 pseris,
353 1515 402 1539 ne
424 1499 610 1550 suspicari
631 1499 792 1549 quidem
813 1512 986 1549 possum.

254 1569 349 1617 Ego,
383 1574 425 1605 ut
464 1579 526 1604 me
565 1565 635 1604 tibi
673 1564 954 1603 amicissimum
993 1577 1078 1602 esse
1112 1571 1149 1602 et
1183 1563 1299 1613 aequi
1333 1570 1370 1601 et
1405 1561 1527 1611 iniqui
1549 1564 1575 1600 6

198 1634 438 1683 intellegant,
477 1632 650 1679 curabo,
698 1632 747 1670 de
786 1638 855 1669 tuo
893 1630 933 1668 in
972 1643 1035 1668 rne
1066 1629 1199 1667 animo
1238 1628 1382 1678 iniquis
1416 1641 1528 1665 secus

199 1697 446 1737 existimandi
467 1696 607 1735 videris
629 1709 709 1734 non
731 1695 826 1733 nihil
853 1694 930 1733 loci
955 1694 1123 1733 dedisse.
1185 1694 1233 1732 Id
1254 1693 1285 1731 si
1306 1691 1529 1738 correxeris,

201 1763 295 1801 mihi
316 1764 429 1801 valde
449 1770 600 1812 gratum
622 1761 702 1799 erit.
764 1761 813 1797 Et
840 1766 881 1797 ut
906 1758 1051 1796 habere
1078 1757 1269 1795 rationem
1290 1756 1429 1806 possis,
1450 1769 1529 1805 quo

144 1843 179 1874 25
200 1830 288 1867 loco
319 1842 381 1866 me
411 1830 515 1866 salva
544 1829 628 1877 lege
650 1824 833 1865 Cornelia
863 1821 1088 1869 convenias,
1115 1834 1187 1871 ego
1217 1821 1257 1858 in
1287 1819 1529 1871 provinciam

200 1894 289 1932 veni
324 1893 447 1943 pridie
484 1895 532 1930 K.
566 1891 732 1938 Sextilis,
762 1890 832 1928 iter
862 1889 901 1926 in
938 1887 1117 1927 Ciliciam
1152 1885 1252 1925 facio
1282 1899 1350 1936 per
1380 1886 1531 1935 Cappa-

201 1958 370 2005 dociam,
388 1965 511 1996 castra
532 1956 637 1995 movi
657 1957 706 1994 ab
730 1954 868 1994 Iconio
889 1953 1013 2004 pridie
1037 1955 1085 1991 K.
1110 1950 1360 2002 Septembris.
1412 1951 1530 1988 Nunc

201 2032 243 2063 tu
273 2032 310 2063 et
340 2038 386 2062 ex
415 2023 555 2062 diebus
585 2030 623 2061 et
653 2035 699 2060 ex
733 2020 882 2059 ratione
916 2018 1076 2065 itineris,
1106 2018 1137 2055 si
1167 2016 1323 2067 putabis
1354 2030 1416 2054 me
1447 2029 1531 2054 esse

201 2090 534 2135 conveniendum,
561 2087 789 2134 constitues,
810 2099 889 2136 quo
916 2087 1004 2124 loco
1034 2084 1074 2122 id
1098 2081 1420 2122 commodissime
1450 2080 1531 2119 fieri

145 2172 185 2202 30
203 2155 324 2206 possit
345 2163 382 2193 et
403 2168 481 2205 quo
502 2154 576 2193 die.

251 2271 264 2290 1
291 2259 440 2290 solerent
458 2258 553 2289 MR:
577 2257 741 2288 deberent
760 2256 788 2286 G
928 2266 958 2294 4,
983 2264 1020 2293 15
1044 2253 1217 2284 videretur
1236 2251 1322 2282 GR:
1346 2250 1478 2280 videtur
1494 2248 1533 2280 M

205 2313 224 2342 5
249 2312 426 2333 mensuum
443 2302 502 2332 M:
539 2302 707 2333 mensium
734 2300 819 2332 GR:
853 2308 1006 2330 mensum
1030 2297 1143 2328 Baiter
1274 2305 1314 2325 22
1340 2294 1389 2324 Tu
1410 2293 1452 2324 de
1473 2296 1531 2323 tuo

206 2347 283 2379 coni.
307 2346 493 2387 Wesenberg

1403 2473 1448 2507 5ss
