1791 2796
182 140 231 178 X.
248 140 263 177 i
582 139 636 177 M.
670 138 837 176 TVLLI
871 138 1177 177 CICERONIS

219 250 456 301 cogitatione
477 263 648 300 curaque
675 249 934 288 incumberes.
995 251 1108 299 Quae
1130 248 1159 287 si
1190 249 1240 287 ad
1262 256 1373 286 tuum
1394 255 1550 300 ternpus

222 316 456 367 perducitur,
499 315 620 353 facilis
659 314 891 365 gubernatio
931 322 1015 363 est;
1059 322 1099 352 ut
1144 315 1380 365 perducatur
1417 321 1549 352 autem

224 394 387 430 magnae
409 394 498 419 cum
520 380 745 430 diligentiae
767 388 824 418 est
845 388 927 418 tum
950 380 1067 418 etiam
1091 381 1279 418 fortunae.

180 453 203 489 3
277 448 355 486 Sed
377 457 414 485 et
436 456 472 485 te
493 447 694 497 aliquanto
716 454 818 494 ante,
842 454 883 484 ut
911 460 1036 497 spem,
1059 445 1295 484 habebimus
1316 453 1365 494 et,
1388 452 1553 495 praetcr-

223 527 342 564 quam
364 514 472 563 quod
494 513 545 552 rei
572 527 607 564 p.
631 514 836 551 consulcre
864 513 1067 559 debemus,
1092 521 1225 550 tamen
1253 520 1343 550 tuae
1373 510 1552 561 dignitati
1575 524 1591 555 5

221 581 272 618 ita
295 581 481 627 favemus,
506 588 546 617 ut
568 592 686 617 omne
707 586 884 616 nostrum
912 578 1133 626 consilium,
1157 577 1342 626 studium,
1366 577 1551 624 officium,

221 658 392 696 operam,
425 645 611 692 laborem,
644 643 886 694 diligentiam
916 644 967 682 ad
996 643 1298 694 amplitudinem
1329 651 1437 681 tuam
1464 655 1555 682 con-

222 712 401 749 seramus,
464 711 525 748 Ita
547 708 728 748 facillime
750 717 787 747 et
809 708 861 747 rei
884 722 932 759 p.,
957 721 1059 759 quae
1087 708 1182 747 mihi
1205 707 1403 747 carissima
1425 716 1494 756 est,
1517 715 1554 747 ct

221 775 417 815 amicitiae
447 784 613 823 nostrae,
643 788 763 824 quam
792 773 1038 813 sanctissime
1068 773 1183 813 nobis
1211 775 1420 812 colendam
1445 781 1552 825 puto,

225 855 288 880 me
309 841 494 890 intellego
514 840 606 878 satis
628 841 831 878 facturum.
1578 859 1616 881 10

179 917 206 956 4
282 906 470 945 Furnium
493 915 669 944 nostrum
692 905 788 943 tanti
810 918 831 943 a
853 913 891 943 te
907 905 998 954 sieri,
1023 913 1213 955 quantum
1237 904 1357 956 ipsius
1378 904 1556 943 humani-

225 982 282 1012 tas
317 980 355 1010 et
387 971 556 1021 dignitas
589 972 770 1022 postulat,
807 984 880 1009 nec
914 971 1031 1009 miror
1063 979 1100 1009 et
1139 971 1292 1020 gaudeo
1324 979 1441 1020 teque
1480 971 1556 1008 hoc

225 1038 445 1077 existimare
465 1038 566 1084 volo,
590 1036 778 1086 quicquid
801 1036 839 1074 in
862 1049 951 1074 euin
980 1035 1099 1074 iudici
1128 1035 1310 1085 officique
1331 1035 1554 1083 contuleris,

226 1103 264 1142 id
287 1103 338 1142 ita
359 1116 422 1141 mc
442 1102 630 1153 accipere,
656 1110 695 1140 ut
719 1101 756 1139 in
780 1115 842 1140 mc
864 1101 992 1152 ipsum
1014 1110 1052 1140 te
1074 1109 1209 1152 putem
1230 1100 1453 1139 contulisse.

268 1301 316 1338 ῙῙ
414 1305 481 1337 Scr.
504 1304 632 1335 Romae
648 1305 729 1335 inter
743 1304 804 1335 xiii
817 1303 858 1335 K.
879 1307 908 1335 et
919 1304 956 1335 1'1‘1‘
968 1303 1056 1335 Non.
1079 1302 1145 1335 Oct.
1165 1314 1194 1335 a.
1217 1313 1274 1343 710
1294 1303 1380 1345 (44).
1579 1312 1617 1344 15

669 1391 842 1423 CICERO
870 1390 1055 1422 PLANCO
1081 1390 1114 1422 S.
1412 1364 1415 1366 ·

194 1494 210 1521 1
285 1484 423 1521 Meum
473 1482 645 1521 studium
692 1483 829 1520 honori
872 1490 940 1520 tuo
982 1495 1052 1532 pro
1095 1481 1386 1521 necessitudine
1428 1488 1560 1521 nostra

230 1561 309 1586 non
345 1548 542 1595 defuisset,
580 1548 609 1585 si
639 1556 706 1586 aut
737 1556 822 1585 tuto
852 1547 891 1585 in
925 1556 1104 1586 senatum
1137 1556 1203 1586 aut
1234 1549 1398 1586 honeste
1429 1547 1560 1586 venire

230 1614 443 1665 potuissem
463 1629 470 1657 ς
509 1615 577 1652 scd
600 1628 672 1653 nec
694 1613 777 1652 sinc
808 1613 982 1664 periculo
1010 1613 1216 1664 quisquam
1240 1614 1360 1652 libere
1390 1614 1440 1652 de
1461 1627 1500 1651 re
1521 1627 1556 1663 Ι).

229 1679 401 1718 sentiens
440 1679 579 1723 versari
622 1687 749 1729 potest
790 1679 827 1716 in
867 1692 1021 1717 summa
1060 1678 1292 1729 impunitate
1326 1678 1556 1729 gladiorum,
1580 1693 1620 1716 20

230 1759 302 1784 nec
330 1754 484 1783 nostrae
512 1744 710 1795 dignitatis
742 1744 894 1784 videtur
921 1759 1005 1784 esse
1032 1745 1082 1783 ibi
1113 1744 1345 1783 sententiam
1378 1745 1428 1783 de
1455 1758 1494 1783 re
1522 1759 1556 1795 p.

230 1812 371 1858 dicere,
399 1811 464 1849 ubi
498 1824 560 1849 me
590 1819 626 1849 et
659 1811 796 1850 melius
826 1820 863 1850 et
892 1810 1052 1861 propius
1082 1810 1244 1849 audiant
1273 1810 1409 1848 armati
1441 1823 1559 1860 quam

189 1885 440 1915 2senatores.
502 1877 753 1927 Quapropter
797 1876 834 1914 in
878 1876 1034 1926 privatis
1080 1877 1196 1923 rebus
1241 1877 1391 1914 nullum
1433 1890 1562 1926 neque

231 1941 402 1979 officium
433 1955 560 1991 neque
585 1941 758 1980 studium
789 1956 919 1981 meum
946 1930 1213 1987 desiderabis3
1255 1956 1303 1980 ne
1332 1941 1368 1979 in
1395 1941 1561 1992 publicis

231 2007 404 2058 quidem,
435 2007 464 2044 si
495 2007 590 2057 quid
621 2008 691 2046 erit
720 2008 758 2046 in
790 2022 869 2058 quo
899 2023 960 2047 me
986 2008 1172 2047 interesse
1203 2021 1363 2047 necesse
1393 2008 1451 2055 sit,
1483 2021 1563 2046 um-
1585 2018 1621 2049 25

232 2085 349 2123 quam
372 2073 490 2111 deero
512 2086 561 2110 ne
583 2086 670 2111 cum
696 2073 869 2123 periculo
891 2074 1050 2124 quidem
1076 2087 1164 2112 meo
1185 2073 1363 2123 dignitati
1386 2081 1491 2120 tuae;
1523 2073 1560 2110 in

234 2139 277 2177 iis
306 2146 436 2176 autem
469 2138 595 2186 rebus,
629 2152 729 2189 quae
761 2139 883 2177 nihilo
915 2139 1054 2186 minua
1088 2147 1128 2177 ut
1159 2152 1231 2189 ego
1261 2138 1397 2185 absim,
1421 2137 1561 2190 confici

235 2212 429 2255 poterunt,
454 2213 545 2254 peto
566 2218 586 2242 a
609 2213 645 2243 te
668 2213 708 2243 ut
735 2218 796 2243 me
819 2205 1007 2244 rationem
1032 2205 1175 2244 habere
1196 2205 1291 2243 velis
1312 2212 1349 2243 ct
1371 2203 1504 2242 salutis
1525 2211 1561 2242 et

235 2269 434 2320 dignitatis
457 2283 576 2309 meae.

282 2386 299 2414 5
325 2380 436 2405 tamen
457 2373 558 2408 codd..
577 2373 614 2414 cf
638 2373 813 2406 Lelmnum
832 2372 899 2415 (De
911 2373 992 2415 Epp.
1009 2373 1056 2405 ad
1069 2373 1139 2405 Aa.
1157 2384 1213 2405 rec.
1227 2378 1261 2415 p.
1277 2373 1362 2413 194),
1380 2376 1410 2403 e!
1424 2372 1500 2404 adn.
1521 2372 1569 2403 ad

240 2419 258 2449 i.
276 2429 301 2457 7.
322 2429 378 2449 10:
406 2419 504 2449 etiam
527 2415 714 2460 lVecenlzmg
