1791 2796
137 157 181 193 V.
207 157 314 193 xviii
628 159 683 195 M.
716 159 884 213 TVLLI
917 159 1222 197 CICERONIS

261 268 442 307 homines
481 276 519 308 et
557 268 702 320 quibus
741 269 986 320 temporibus
1025 284 1097 309 nos
1136 270 1216 309 nati
1256 270 1389 319 simus,
1431 271 1589 322 cogites.

262 335 353 372 Plus
383 333 454 372 tibi
481 334 600 373 virtus
628 342 695 373 tua
718 334 829 374 dedit
852 349 970 386 quam
1002 337 1159 374 fortuna
1186 336 1358 385 abstulit,
1387 344 1594 387 propterea

259 400 368 449 quod
402 400 569 450 adeptus
603 414 645 439 es
674 402 784 451 quod
814 415 894 440 non
927 401 1039 439 multi
1074 401 1257 440 homines
1291 401 1394 449 novi,
1429 401 1593 440 amisisti

259 479 360 515 quae
398 465 555 516 plurimi
595 466 776 505 homines
816 467 1061 506 nobilissimi.
1136 470 1194 506 Ea
1232 467 1404 518 denique
1438 466 1592 505 videtur

258 531 442 571 condicio
459 531 688 582 impendere
709 534 852 583 legum,
868 532 1116 580 iudiciorum,
1133 541 1367 584 temporum,
1386 540 1428 571 ut
1443 532 1590 583 optime
1611 548 1628 580 5

257 605 389 635 actum
417 611 507 636 cum
538 612 586 636 eo
614 597 792 636 videatur
812 612 908 645 esse,
932 597 1000 649 qui
1027 612 1146 648 quam
1167 598 1365 637 levissima
1384 611 1515 649 poena
1539 598 1590 636 ab

213 672 236 699 2
257 664 330 701 hac
360 676 400 702 re
426 677 461 713 p.
486 663 717 702 discesserit.
791 665 854 702 Tu
882 677 985 711 vero,
1015 663 1081 713 qui
1109 670 1147 702 et
1174 665 1350 703 fortunas
1379 671 1418 702 et
1447 663 1590 702 liberos

256 729 403 767 habeas
441 736 480 767 et
519 742 591 767 nos
631 737 863 779 ceterosque
902 729 1196 768 necessitudine
1235 737 1274 768 et
1312 728 1591 768 benevolentia

256 802 387 833 tecum
427 794 783 842 coniunctissimos,
821 809 1024 846 quomque
1063 809 1247 845 magnam
1278 796 1503 833 facultatem
1539 794 1590 832 sis

254 859 459 898 habiturus
489 860 698 899 nobiscum
729 868 768 899 et
797 875 887 899 cum
919 861 1106 900 omnibus
1137 861 1212 899 tuis
1238 860 1407 908 vivendi,
1430 867 1469 899 et
1498 873 1589 898 cum
1613 875 1651 897 10

255 939 378 963 unum
412 926 460 964 sit
484 926 673 964 iudicium
705 941 752 965 ex
781 934 861 964 tam
897 927 1028 965 multis
1059 928 1168 976 quod
1198 927 1514 977 reprehendatur,
1548 932 1590 963 ut

214 1000 218 1001 ⁷
254 992 363 1041 quod
403 1005 481 1029 una
520 991 714 1030 sententia
749 1006 875 1042 eaque
909 991 1033 1031 dubia
1066 991 1267 1042 potentiae
1300 991 1465 1030 alicuius
1499 1004 1590 1029 con-

253 1058 445 1095 donatum
478 1057 729 1103 existimetur,
765 1057 951 1096 omnibus
984 1057 1044 1095 his
1076 1058 1126 1096 de
1161 1056 1288 1096 causis
1319 1058 1442 1096 debes
1474 1056 1587 1095 istam

255 1122 474 1160 molestiam
506 1137 625 1172 quaxn
655 1123 854 1161 lenissime
885 1124 991 1161 ferre.
1055 1124 1171 1160 Meus
1203 1122 1358 1160 animus
1386 1122 1457 1161 erit
1484 1122 1523 1160 in
1552 1130 1588 1161 te

252 1187 476 1238 liberosque
497 1195 585 1226 tuos
613 1201 776 1239 semper,
797 1201 916 1238 quem
938 1196 979 1226 tu
1000 1201 1086 1226 esse
1106 1187 1162 1225 vis
1184 1195 1222 1226 et
1243 1187 1311 1238 qui
1332 1201 1417 1226 esse
1437 1188 1567 1226 debet.
1612 1201 1621 1223 ι
1630 1201 1647 1233 5

295 1334 407 1370 XIX
504 1337 573 1369 Ser.
596 1337 632 1369 in
652 1337 805 1369 Cumano
822 1338 887 1368 circ.
909 1337 940 1368 iv
956 1337 998 1368 K.
1021 1336 1104 1368 Mai.
1126 1348 1155 1368 a.
1180 1347 1233 1377 7ο)-
1251 1336 1336 1380 (49).

747 1415 923 1446 CICERO
952 1415 1087 1446 RVFO.

217 1505 232 1531 1
310 1493 389 1531 Etsi
420 1493 514 1531 mihi
537 1507 753 1544 numquam
782 1492 948 1531 dubium
979 1492 1049 1531 fuit
1070 1492 1164 1543 quin
1194 1492 1263 1531 tibi
1289 1507 1415 1532 essem
1441 1492 1587 1532 carissi-

254 1573 352 1607 mus,
374 1568 505 1597 tamen
536 1558 682 1598 cotidie
713 1558 834 1608 magis
865 1558 904 1597 id
935 1558 1143 1609 perspicio,
1169 1566 1373 1609 exstatque
1403 1558 1456 1606 id,
1477 1559 1586 1609 quod

253 1624 345 1662 mihi
375 1625 602 1663 ostenderas
634 1624 872 1674 quibusdam
891 1623 1052 1663 litteris,
1074 1625 1149 1661 hoc
1175 1631 1212 1662 te
1239 1623 1515 1663 studiosiorem
1545 1624 1584 1661 in
1608 1637 1646 1658 20

252 1703 314 1728 me
343 1691 513 1728 colendo
544 1691 624 1727 fore
649 1703 766 1739 quam
794 1689 831 1727 in
858 1688 1059 1739 provincia
1089 1689 1225 1727 fuisses
1251 1689 1339 1739 (etsi
1371 1703 1460 1728 meo
1490 1689 1586 1728 iudi-

249 1755 311 1793 cio
346 1755 441 1793 nihil
475 1756 526 1794 ad
562 1763 670 1793 tuum
707 1754 946 1805 provinciale
978 1754 1150 1793 officium
1182 1754 1275 1793 addi
1312 1754 1471 1805 potest),
1505 1769 1585 1805 quo

249 1819 406 1858 liberius
428 1819 615 1858 iudicium
632 1834 716 1858 esse
738 1829 870 1870 posset
892 1828 1012 1858 tuum.
1078 1822 1217 1870 Itaque
1239 1828 1351 1859 meet
1367 1820 1583 1871 superiores

248 1884 396 1923 litterae
419 1894 506 1923 tuae
527 1886 745 1924 admodum
767 1887 1075 1934 delectaverunt,
1090 1886 1234 1936 quibus
1256 1895 1293 1925 et
1315 1894 1582 1937 exspectatum

249 1963 379 1987 meum
401 1950 616 1988 adventum
638 1951 708 1989 abs
732 1959 768 1990 te
796 1961 972 1991 amanter
1003 1952 1186 1991 videbam
1210 1961 1261 1996 et.
1283 1966 1371 1991 cum
1394 1952 1503 1991 aliter
1524 1966 1582 1991 res
1605 1964 1642 1996 25

247 2014 453 2053 cecidisset
485 2030 530 2053 ac
566 2025 755 2065 putasses.
788 2026 823 2056 le
856 2032 944 2056 meo
975 2018 1140 2057 consilio
1173 2032 1315 2068 magno
1348 2032 1465 2068 opere
1498 2031 1582 2056 esse

247 2081 447 2118 laetatum.
469 2090 505 2118 et
527 2096 571 2119 ex
595 2081 653 2119 his
676 2083 860 2133 proximis
883 2085 1017 2123 litteris
1043 2099 1227 2133 magnum
1250 2084 1336 2134 cepi
1356 2086 1521 2121 fructum
1544 2090 1582 2121 et

247 2145 364 2183 iudici
393 2155 430 2184 et
458 2146 558 2185 inlici
590 2148 657 2188 tui.
679 2150 812 2190 iudici,
835 2152 942 2200 quod
972 2151 1156 2197 intellego
1178 2158 1228 2190 te.
1250 2150 1288 2188 id
1311 2151 1581 2205 quodomnes

247 2212 364 2249 fortes
399 2226 443 2249 ac
479 2212 570 2251 boni
606 2214 672 2252 viri
710 2216 834 2253 facere
868 2216 1029 2254 debent.
1063 2215 1157 2252 niln'l
1194 2223 1329 2264 putare
1370 2215 1462 2252 utile
1496 2228 1581 2251 esse

247 2276 317 2315 nisi
350 2279 458 2327 quod
488 2287 635 2318 rectum
667 2282 958 2331 honestumque
989 2280 1050 2328 δὴ,
1072 2279 1188 2325 ‹›ffi‹·i,
1209 2281 1317 2330 quod
1343 2287 1379 2317 te
1411 2293 1580 2326 mecum,
1602 2290 1640 2320 30

294 2396 302 2415 1
334 2397 393 2417 nos
414 2387 479 2417 nati
503 2386 601 2416 least:
630 2387 731 2417 notati
753 2386 809 2416 ,ἱΙε
839 2386 903 2416 nati
926 2385 988 2415 Gsx‘
1118 2396 1138 2421 q
1162 2395 1330 2424 quomque
1350 2383 1577 2414 zlletldclssol111

253 2432 393 2468 'rumqw
424 2435 490 2460 wll.
527 2442 530 2461 :
559 2442 726 2469 quamque
747 2430 836 2460 illle:
863 2439 1064 2468 quamquam
1086 2429 1113 2459 (i
1244 2439 1283 2466 27
1309 2434 1338 2459 cl
1359 2439 1401 2459 cx
1420 2426 1578 2467 Mammi-

249 2474 328 2514 latg.
350 2486 355 2503 z
382 2481 415 2505 et
435 2475 492 2504 ,llz
519 2486 558 2504 cx
581 2474 643 2505 GR
