1791 2796
560 145 670 181 EPP.
704 145 780 180 Al)
814 144 1159 180 FAMILIARES
1474 146 1584 182 xvi

194 255 249 295 tui
279 255 417 295 caritas
447 262 499 302 ut,
532 268 771 306 quamquam
805 269 877 293 nec
913 254 982 294 tibi
1017 254 1089 305 ipsi
1121 255 1327 294 consilium
1358 257 1523 303 deesset,

192 329 230 361 et
271 321 393 360 fratris
430 320 628 371 Furnique
661 320 936 359 benevolentia
968 319 1174 370 fidelisque
1214 321 1421 371 prudentia
1455 313 1526 360 tibi

193 395 348 438 praesto
368 394 470 426 esset
491 388 629 434 futura,
651 387 791 425 vellem
814 394 945 425 tamen
974 400 1084 424 meae
1106 400 1265 437 quoque
1285 387 1525 426 auctoritatis

191 466 262 503 pro
289 452 465 503 plurimis
492 451 633 492 nostris
663 451 1020 490 necessitudinibus
1050 459 1303 503 praeceptum
1328 454 1378 491 ad
1406 460 1442 491 te
1463 452 1526 491 ali—

191 518 299 567 quod
334 517 545 568 pervenire.
606 518 733 557 Crede
769 517 883 567 igitur
923 517 1029 564 mihi,
1063 519 1216 564 Plance,
1255 517 1393 563 omnis,
1426 531 1526 568 quos

190 584 321 621 adhuc
352 584 494 633 gradus
529 581 728 633 dignitatis
760 590 996 621 consecutus
1026 582 1077 621 sis
1109 586 1166 633 (es
1195 590 1326 622 autem
1358 584 1525 634 adeptus

189 648 480 699 amplissimos),
512 662 578 687 eos
610 650 805 687 honorum
828 649 1019 687 vocabula
1048 648 1262 696 habituros,
1292 662 1372 687 non
1403 648 1526 700 digni-

192 714 280 752 tatis
301 714 478 765 insignia,
502 714 576 752 nisi
598 722 634 753 te
656 728 745 753 cum
768 714 945 753 libertate
967 715 1101 766 populi
1126 717 1171 753 R.
1195 723 1233 754 et
1254 729 1343 754 cum
1366 722 1523 754 senatus

188 780 418 819 auctoritate
445 779 704 818 coniunxeriS.
765 780 933 831 Seiunge
964 788 1011 827 te,
1042 795 1199 831 quaeso,
1229 781 1443 832 aliquando
1472 782 1522 819 ab

133 859 169 881 10
189 844 244 891 iis,
268 859 357 883 eum
379 844 522 895 quibus
544 853 582 883 te
602 859 681 883 non
704 852 814 884 tuum
836 845 1025 885 iudicium
1054 847 1124 885 sed
1151 853 1372 897 temporum
1395 846 1522 885 vincla

187 910 485 950 coniunxerunt.
545 912 778 961 Complures
808 911 847 949 in
877 911 1170 962 perturbatione
1199 912 1252 950 rei
1280 926 1315 962 p.
1339 913 1521 951 consules
1539 915 1565 953 3

187 975 292 1023 dicti,
322 982 489 1026 quorum
521 989 638 1015 nemo
668 977 883 1016 consularis
913 976 1069 1016 habitus
1099 967 1160 1025 (252²,
1188 977 1261 1016 nisi
1292 977 1358 1028 qui
1388 976 1521 1015 animo

186 1040 331 1080 exstitit
358 1041 397 1079 in
422 1055 503 1080 rem
529 1056 563 1092 p.
588 1042 813 1081 consularis.
873 1044 1012 1082 Talem
1040 1042 1154 1093 igitur
1184 1050 1221 1081 te
1246 1056 1330 1082 esse
1355 1050 1520 1093 oportet,

187 1106 253 1156 qui
288 1106 457 1157 primum
492 1115 530 1146 te
567 1108 618 1146 ab
649 1107 859 1158 impiorum
899 1107 1042 1147 civium
1078 1108 1133 1147 tui
1173 1108 1522 1147 dissimillimorum

130 1185 166 1210 ις
187 1170 373 1210 societate
397 1171 589 1222 seiungas‚
612 1172 757 1211 deinde
782 1180 819 1211 te
844 1173 995 1211 senatui
1023 1173 1218 1223 bonisque
1249 1172 1434 1212 omnibus
1459 1187 1524 1211 au-

186 1244 344 1283 ctorem,
365 1236 592 1288 principem‚
609 1238 751 1276 ducem
774 1238 972 1288 praebeas,
997 1246 1195 1288 postremo
1217 1246 1258 1276 ut
1279 1252 1417 1288 pacem
1439 1253 1523 1277 esse

186 1299 335 1340 iudices
368 1315 448 1341 non
483 1302 522 1341 in
556 1302 672 1341 armis
707 1302 844 1353 positis
883 1304 952 1342 sed
992 1303 1030 1341 in
1063 1302 1219 1342 abiecto
1253 1317 1449 1342 armorum
1485 1311 1523 1342 et

185 1366 378 1406 servitutis
409 1374 526 1406 metu.
588 1369 702 1407 Haec
732 1368 763 1407 si
793 1376 831 1407 et
860 1382 950 1419 ages
980 1377 1018 1407 et
1048 1368 1202 1417 senties,
1227 1376 1309 1407 tum
1340 1369 1413 1408 eris
1441 1383 1521 1409 non

185 1433 306 1471 modo
344 1434 482 1472 consul
522 1440 559 1473 et
598 1433 824 1483 consularis,
861 1435 931 1473 sed
966 1448 1130 1485 magnus
1165 1434 1282 1473 etiam
1314 1436 1451 1473 consul
1484 1442 1521 1473 et

128 1509 166 1532 20
185 1497 399 1537 consularis
416 1512 426 1547 ;
470 1498 528 1537 sin
563 1498 683 1547 aliter,
714 1507 796 1538 tum
827 1499 867 1537 in
898 1498 980 1538 istis
1009 1499 1260 1550 amplissimis
1293 1499 1521 1539 nominibus

185 1563 380 1602 honorum
415 1577 495 1603 non
535 1565 656 1604 modo
696 1564 864 1615 dignitas
904 1566 1011 1603 nulla
1049 1565 1120 1603 erit
1159 1566 1229 1604 sed
1263 1565 1333 1604 erit
1368 1578 1522 1604 summa

184 1627 422 1667 deformitas.
478 1630 591 1668 Haec
612 1628 804 1680 impulsus
826 1630 1103 1669 benevolentia
1123 1629 1258 1680 scripsi
1280 1631 1397 1681 paulo
1418 1644 1522 1669 seve-

184 1691 261 1730 rius
277 1707 286 1740 3
315 1707 416 1743 quae
443 1701 484 1732 tu
514 1693 554 1732 in
585 1694 823 1745 experiendo
853 1709 898 1733 ea
927 1694 1087 1742 ratione,
1112 1708 1213 1745 quae
1241 1702 1278 1734 te
1305 1695 1424 1746 digna
1450 1703 1518 1743 est,

183 1771 273 1796 vera
293 1771 377 1797 esse
398 1772 624 1809 cognosces.
685 1762 733 1798 D.
758 1772 835 1798 xm
860 1762 909 1798 K.
933 1761 1026 1810 Apr.

152 529 169 560 0.

127 1916 164 1949 25
227 1905 318 1940 VII
364 1909 432 1940 Ser.
453 1908 487 1940 ίιι
507 1908 614 1940 Gallia
637 1909 858 1951 Transalpina
865 1910 970 1950 paulo
982 1913 1056 1950 post
1073 1909 1155 1941 mccl.
1176 1920 1219 1941 m.
1242 1909 1341 1941 Mart.

746 1975 775 1995 a·
800 1975 852 2004 711
873 1966 951 2006 (45)-

613 2041 823 2074 PLANCVS
849 2043 1084 2074 CICERONI.

237 2119 351 2157 Plura
381 2117 451 2157 tibi
481 2119 530 2158 de
561 2119 657 2158 meis
689 2120 861 2159 consiliis
893 2120 1101 2160 scriberem
1135 2121 1406 2172 rationemque
1436 2136 1517 2161 om-
1537 2131 1554 2159 1

182 2182 290 2222 nium
312 2198 439 2222 rerum
461 2185 663 2223 redderem
686 2185 897 2235 verbosius,
921 2201 1000 2237 quo
1028 2186 1149 2237 magis
1171 2186 1362 2225 iudicares
1384 2187 1517 2225 omnia

125 2262 164 2293 30
183 2262 245 2287 me
275 2248 326 2287 rei
360 2262 394 2299 p.
427 2249 673 2300 praestitisse,
707 2264 807 2300 quae
839 2259 876 2289 et
909 2259 974 2289 tua
1007 2251 1276 2291 exhortatione
1309 2252 1443 2302 excepi
1478 2260 1516 2290 et

231 2362 263 2382 11
293 2353 489 2384 consulares
508 2353 610 2393 Kleyn
719 2365 756 2385 12
782 2360 833 2386 est
850 2355 925 2385 add.
946 2355 1057 2386 Bm'lcr
1158 2367 1193 2395 13
1220 2357 1405 2387 consularis
1423 2357 1510 2388 codd.

183 2393 358 2426 Lehmann
374 2397 440 2427 coll.
462 2397 528 2429 Pis.
546 2407 586 2437 23
602 2409 608 2428 ε
634 2398 696 2429 -ari
712 2398 798 2429 Crat.
819 2398 1004 2439 chscubcrg
1113 2409 1150 2439 15
1176 2404 1208 2430 te
1227 2400 1320 2430 Man.
1339 2411 1345 2430 :
1372 2405 1406 2431 ct
1423 2400 1510 2432 codd.

186 2439 225 2469 16
249 2444 284 2470 ut
301 2439 357 2471 dcl.
378 2439 493 2471 Baiter
623 2452 664 2481 23
688 2452 727 2473 ca
745 2442 838 2473 Illam.
858 2453 864 2473 :
891 2443 922 2473 in
941 2454 981 2474 ea
997 2443 1083 2474 codd.
1105 2455 1110 2473 1
1135 2444 1216 2474 inita
1233 2444 1337 2483 chyn
