1791 2796
585 151 696 189 EPP.
730 152 806 188 AD
839 151 1184 189 FAMILIARES
1499 154 1591 191 VH.
1616 151 1692 188 viii

221 263 271 301 de
286 261 351 300 illo
369 262 556 301 Preciano
579 262 659 301 iure
675 264 866 307 consulto,
887 276 958 312 ego
980 270 1017 301 te
1038 263 1072 301 ci
1095 277 1173 301 non
1196 263 1336 302 desino
1352 277 1551 302 commen-

220 328 339 370 dare:
373 328 506 366 scribit
535 328 640 366 enim
671 327 753 378 ipse
784 328 879 366 mihi
910 336 948 367 te
977 328 1050 366 sibi
1080 329 1221 378 gratias
1250 342 1364 378 agere
1393 330 1547 368 debere.

224 395 283 431 I)e
322 407 368 432 eo
399 393 493 443 quid
524 393 582 440 sit,
615 407 707 432 cura
736 401 777 432 ut
812 393 943 432 sciam.
1016 395 1100 443 Ego
1131 403 1276 432 vestras
1308 394 1551 433 Britannicas

221 458 363 497 litteras
393 467 586 509 exspecto.

180 624 197 655 5
262 616 329 651 IX
543 618 611 650 Scr.
630 619 760 650 Romae
775 630 820 651 ex.
842 630 885 651 m.
904 619 992 660 Sept.
1011 630 1039 652 a.
1063 631 1122 660 70⁰
1140 621 1223 663 (54).

657 702 831 734 CICERO
856 703 1107 735 TREBATIO.

275 788 359 825 Iam
381 786 447 825 diu
469 786 605 837 ignoro
626 786 721 837 quid
741 800 857 836 agas3
886 786 983 825 nihil
1005 786 1110 825 enim
1132 786 1293 835 scribis3
1327 800 1456 838 neque
1477 801 1549 838 ego
1571 802 1586 829 1

217 853 267 891 ad
293 860 330 891 te
355 852 414 890 his
439 853 595 891 duobus
617 852 819 890 mensibus
840 852 1079 902 scripseram.
1141 854 1262 901 Quod
1283 866 1373 891 cum
1397 853 1549 902 Quinto

218 918 331 956 fratre
353 931 441 956 meo
462 932 542 957 non
564 931 656 964 eras,
674 932 753 968 quo
775 918 969 956 mitterem
990 926 1056 956 aut
1073 918 1135 956 cui
1153 920 1286 957 darem
1309 918 1546 958 nesciebam.

161 998 198 1019 10
218 983 347 1033 Cupio
371 983 467 1022 scire
488 983 583 1033 quid
604 997 694 1033 agas
715 991 753 1022 et
774 983 841 1022 ubi
863 983 913 1022 sis
935 984 1201 1031 hiematurus;
1230 984 1415 1034 equidem
1433 984 1548 1023 velim

217 1062 306 1087 cum
339 1050 515 1094 Caesare,
549 1050 617 1087 sed
649 1050 700 1087 ad
732 1063 822 1087 eum
853 1057 1011 1100 propter
1042 1049 1126 1088 eius
1155 1051 1296 1087 luctum
1326 1049 1423 1088 nihil
1463 1064 1548 1088 sum

216 1127 332 1152 ausus
367 1114 562 1161 scribere3
595 1116 645 1152 ad
675 1114 843 1152 Balbum
874 1122 1006 1153 tamen
1036 1114 1182 1165 scripsi.
1243 1117 1305 1153 Tu
1336 1115 1406 1154 tibi
1436 1117 1550 1155 desse
1570 1127 1593 1153 2

216 1179 297 1217 noli
314 1194 322 1225 3
349 1179 469 1218 serius
487 1180 616 1229 potius
632 1181 682 1218 ad
699 1193 782 1226 nos,
799 1181 894 1218 dum
912 1180 1073 1230 plenior.
1121 1182 1242 1229 Quod
1259 1182 1335 1219 huc
1352 1195 1546 1232 properes,

216 1244 312 1282 nihil
347 1253 413 1287 est,
453 1245 677 1294 praesertim
714 1247 871 1283 Battara
905 1253 1070 1283 mortuo.
1131 1247 1208 1284 Sed
1239 1246 1308 1284 tibi
1339 1247 1547 1286 consilium

159 1321 196 1353 15
216 1324 296 1349 non
317 1312 413 1349 dest.
476 1311 583 1359 Quid
604 1310 862 1357 constitueris,
881 1311 999 1361 cupio
1020 1311 1128 1350 scire.
1190 1312 1261 1351 Cn.
1282 1312 1469 1351 Octavius
1490 1321 1547 1352 est
1568 1317 1592 1353 3

215 1389 264 1413 an
300 1378 372 1415 Cn.
403 1376 610 1415 Cornelius
641 1376 814 1426 quidam,
847 1384 936 1414 tuus
969 1376 1177 1423 familiaris,
1216 1390 1372 1415 summo
1406 1392 1548 1428 genere

215 1450 338 1487 natus,
363 1449 484 1480 terrae
507 1441 618 1479 filius.
680 1443 719 1479 Is
747 1455 810 1480 me
837 1442 930 1491 quia
960 1442 1031 1480 scit
1059 1449 1170 1480 tuum
1195 1442 1423 1482 familiarem
1449 1457 1544 1491 esse,

214 1507 350 1545 crebro
370 1508 421 1545 ad
442 1520 580 1544 cenam
602 1506 748 1545 invitat.
809 1508 954 1546 Adhuc
975 1520 1055 1546 non
1077 1507 1204 1558 potuit
1226 1510 1451 1559 perducere,
1476 1511 1545 1548 sed

215 1571 310 1609 mihi
330 1580 462 1611 tamen
482 1580 633 1622 gratum
655 1580 722 1611 est.

156 1733 195 1756 20
257 1728 298 1762 X
539 1731 606 1762 Scr.
626 1731 753 1762 Romae
768 1743 814 1763 ex.
837 1743 879 1763 m.
899 1731 973 1764 Dec.
993 1744 1022 1763 a.
1046 1743 1103 1772 700
1124 1734 1191 1773 04]
1204 1757 1210 1764 .

550 1814 593 1845 M.
621 1814 797 1846 CICERO
824 1815 859 1846 S.
889 1816 929 1846 D.
954 1815 1205 1847 TREBATIO.

267 1897 360 1948 Legi
395 1905 480 1936 tuas
511 1897 665 1944 litteras,
699 1912 745 1937 ex
774 1899 917 1948 quibus
950 1899 1120 1938 intellexi
1151 1907 1188 1938 te
1217 1900 1373 1939 Caesari
1409 1909 1542 1940 nostro
1563 1915 1579 1942 1

211 1965 324 2002 valde
351 1963 431 2002 iure
455 1965 678 2002 consultum
700 1963 831 2002 videri.
894 1966 963 2002 Est
995 1966 1103 2014 quod
1131 1966 1303 2015 gaudeas
1334 1973 1371 2004 te
1402 1966 1439 2004 in
1472 1967 1542 2006 ista

211 2030 296 2067 loca
316 2028 480 2075 venisse,
497 2029 564 2067 ubi
585 2029 734 2079 aliquid
755 2043 889 2079 sapere
910 2030 1093 2068 viderere.
1151 2032 1272 2079 Quod
1289 2031 1320 2069 si
1342 2031 1380 2069 in
1397 2032 1544 2071 Britan-

153 2104 188 2136 25
210 2094 314 2132 niam
347 2107 505 2144 quoque
537 2095 733 2144 profectus
763 2108 880 2142 esseS,
905 2097 1081 2145 profecto
1113 2110 1232 2135 nemo
1263 2096 1301 2134 in
1338 2096 1402 2135 illa
1437 2105 1544 2136 tanta

209 2158 334 2197 insula
368 2159 525 2209 peritior
558 2167 596 2198 te
628 2159 772 2198 fuisset.
832 2162 979 2199 Verum
1015 2170 1147 2200 tamen
1179 2161 1392 2212 (rideamus
1427 2163 1544 2209 licet;

209 2237 295 2262 sum
317 2224 421 2263 enim
446 2238 468 2263 a
495 2232 531 2264 te
559 2225 760 2275 invitatus)
782 2225 1016 2265 subinvideo
1044 2227 1114 2265 tibi
1145 2228 1246 2265 ultro
1273 2227 1390 2266 etiam
1418 2241 1543 2266 accer-

252 2337 271 2356 2
296 2326 400 2367 enim]
419 2329 520 2358 etiam
540 2328 661 2360 Lamb.
757 2339 791 2359 11
820 2329 945 2360 luctum
963 2329 1038 2361 add.
1059 2330 1135 2360 Vici.
1154 2330 1220 2360 coll.
1241 2330 1278 2369 Q.
1297 2330 1351 2361 Fr.
1372 2329 1414 2361 iii.
1437 2340 1461 2360 1.
1479 2339 1519 2368 25
1536 2342 1543 2361 ε

209 2380 321 2401 casum
351 2371 426 2402 add.
453 2371 561 2412 Est-gl?
739 2383 776 2411 14
804 2372 942 2404 Battara
967 2373 1081 2404 codd:
1112 2373 1261 2403 Vacerra
1291 2372 1379 2409 Vz‘ct„
1406 2373 1441 2412 cf.
1465 2374 1495 2404 8.
1523 2384 1542 2404 2

210 2424 248 2452 27
275 2414 361 2445 ultro
378 2420 410 2445 te
429 2416 528 2446 etiam
546 2419 617 2447 vett.
645 2415 835 2456 lVese11berg
