1791 2796
534 136 645 174 EPP.
679 137 756 173 As)
789 137 1137 175 FAMILIARES
1467 141 1494 177 I.
1514 140 1561 177 ix

173 248 224 286 ad
246 247 527 286 mansuetiores
550 249 697 295 Musas,
721 261 823 298 quae
845 261 907 286 me
928 248 1098 286 maxime
1118 248 1218 287 sicut
1240 249 1316 287 iam
1337 263 1359 287 a
1381 249 1505 299 prima

173 313 441 352 adulescentia
480 313 933 364 delectarunt)———scripsi
972 313 1087 363 igitur
1121 314 1348 353 Aristotelio
1383 313 1502 362 mOre,

173 391 292 428 quem
320 379 370 416 ad
397 379 561 416 modum
589 377 751 428 quidem
779 378 894 425 volui,
922 378 988 416 tris
1018 379 1137 417 libros
1168 379 1207 417 in
1237 379 1505 430 disputatione

172 456 218 481 ac
239 442 395 492 dialogo
419 444 490 481 ‘de
512 446 688 490 o1·atore,'
709 457 807 493 quos
832 443 997 482 arbitror
1019 446 1189 482 Lentulo
1216 452 1285 483 tuo
1312 446 1394 483 fore
1423 457 1504 483 non

135 520 152 551 5
173 507 344 555 inutilis;
381 508 592 546 abhorrent
627 508 732 546 enim
767 522 790 546 a
825 509 1104 547 communibus
1139 509 1356 560 praeceptis
1385 516 1505 559 atque

173 587 334 611 omnem
363 573 615 623 antiquorum
641 581 678 611 et
699 573 965 612 Aristoteliam
995 582 1031 612 et
1055 574 1284 612 Isocratiam
1312 573 1504 613 rationem

173 639 381 677 oratoriam
411 640 736 689 complectuntur.
798 638 941 689 Scripsi
963 639 1080 677 etiam
1101 639 1276 677 versibus
1297 639 1363 676 tris
1385 638 1504 677 libros

176 708 185 725 ‘
200 705 250 743 de
272 704 513 754 temporibus
536 703 632 742 meis
647 706 679 751 '3
709 718 809 754 quos
835 704 911 742 iam
937 704 1088 754 pridem
1113 706 1164 743 ad
1185 712 1223 743 te
1245 704 1449 751 misissem,
1472 704 1503 742 si

174 784 259 808 esse
288 771 465 808 edendos
495 778 720 820 putassem3
749 778 839 808 sunt
870 770 975 808 enim
1006 778 1124 808 testes
1155 777 1192 808 et
1222 778 1335 808 erunt
1365 769 1504 820 sempi-

117 850 156 872 10
175 835 272 874 terni
301 835 526 874 meritorum
559 849 647 886 erga
683 850 745 874 me
777 844 934 874 tuorum
965 849 1156 886 meaeque
1188 835 1354 886 pietati8‚
1384 837 1501 882 †sed‚

173 901 265 952 quia
294 902 454 940 verebar
483 915 564 940 non
596 914 674 949 eos,
702 901 767 952 qui
801 915 841 940 se
873 903 999 940 laesos
1032 901 1310 940 arbitrarentur
1341 901 1502 952 (etenim

174 967 214 1005 id
235 966 308 1005 feci
329 980 444 1017 parce
465 975 502 1005 et
524 967 720 1019 molliter),
744 968 814 1006 sed
842 981 919 1014 eos,
944 980 1043 1018 quos
1072 975 1152 1005 erat
1179 967 1376 1005 infinitum
1401 967 1504 1005 bene

174 1033 224 1071 de
246 1046 300 1070 me
321 1032 478 1071 meritos
503 1033 631 1071 omnis
659 1032 873 1072 nominare.
934 1034 1047 1082 Quos
1078 1040 1209 1071 tamen
1238 1033 1343 1083 ipsos
1371 1032 1501 1080 libros,

174 1098 206 1136 si
233 1112 363 1148 quem,
385 1098 448 1137 cui
475 1106 578 1138 recte
606 1099 862 1146 committam,
886 1099 1083 1145 invenero,
1107 1099 1254 1137 curabo
1281 1100 1332 1137 ad
1359 1106 1397 1137 te
1423 1112 1505 1148 per-

118 1176 154 1209 ¹5
175 1165 367 1202 ferendos.
427 1166 559 1214 Atque
580 1164 693 1203 istam
716 1164 876 1215 quidem
898 1172 1049 1214 partem
1070 1163 1171 1203 vitae
1192 1164 1504 1203 consuetudinis-

174 1243 251 1279 que
273 1237 427 1268 nostrae
452 1237 574 1268 totam
602 1231 652 1268 ad
674 1238 711 1268 te
732 1231 890 1278 defero3
920 1238 1113 1280 quantum
1141 1229 1288 1277 litteris,
1312 1237 1504 1280 quantum

174 1295 323 1342 studiis,
354 1295 549 1333 veteribus
584 1296 725 1334 nostris
764 1295 1105 1342 delectationibus,
1137 1295 1327 1345 consequi
1366 1295 1506 1346 poteri-

174 1373 272 1407 mus,
296 1359 335 1398 id
357 1373 474 1398 omne
501 1361 551 1398 ad
578 1360 779 1399 arbitrium
806 1368 928 1407 tuum,
952 1360 1020 1411 qui
1047 1361 1145 1399 haec
1173 1373 1327 1411 semper
1353 1360 1502 1408 amasti,

175 1424 432 1463 libentissime
452 1427 708 1464 conferemus.

116 1507 156 1529 20
229 1492 342 1540 Quae
376 1491 427 1528 ad
462 1504 524 1529 me
556 1492 606 1529 de
638 1491 713 1529 tuis
745 1491 862 1530 rebus
893 1491 1122 1530 domesticis
1154 1491 1290 1530 scribis
1323 1505 1503 1542 quaeque

175 1555 270 1593 mihi
298 1557 565 1603 commendas,
591 1570 636 1595 ea
666 1564 796 1595 tantae
827 1556 923 1594 mihi
954 1570 1069 1595 curae
1099 1564 1199 1603 sunt,
1224 1565 1266 1595 ut
1294 1571 1357 1596 me
1380 1557 1502 1596 nolim

173 1621 388 1668 admoneri,
413 1621 536 1671 rogari
558 1635 648 1660 vero
670 1622 753 1660 sine
774 1636 918 1672 magno
939 1624 1076 1661 dolore
1096 1622 1158 1660 vix
1179 1622 1338 1672 possim.
1383 1624 1503 1672 Quod

175 1687 225 1724 de
260 1686 398 1735 Quinti
433 1686 556 1725 fratris
592 1687 751 1738 negotio
786 1687 933 1734 scribis,
968 1695 1006 1726 te
1040 1687 1167 1738 priore
1200 1695 1357 1733 aestate,
1396 1689 1504 1737 quod

176 1752 315 1789 morbo
342 1751 554 1801 impeditus
585 1752 624 1790 in
651 1752 830 1791 Ciliciam
862 1766 941 1790 non
973 1752 1178 1799 transieris,
1203 1753 1397 1790 conficere
1424 1767 1504 1791 non

117 1833 154 1865 25
176 1816 359 1865 potuisse,
384 1831 488 1855 nunc
509 1824 641 1855 autern
663 1817 796 1855 omnia
823 1819 1027 1864 facturum,
1051 1825 1092 1855 ut
1121 1817 1317 1863 conficias
1342 1817 1381 1855 id
1406 1817 1505 1855 scito

175 1895 260 1920 csse
281 1881 363 1919 eius
392 1882 510 1928 modi,
535 1891 575 1920 ut
604 1884 718 1920 frater
745 1896 855 1920 meus
876 1896 964 1920 vere
992 1882 1186 1920 existimet
1212 1882 1400 1921 adiuncto
1430 1882 1505 1921 isto

176 1947 299 1984 fundo
327 1946 606 1997 patrimonium
636 1949 716 1985 fore
739 1961 853 1985 suum
875 1961 942 1997 per
963 1955 1001 1985 te
1022 1947 1291 1985 constitutum.
1351 1949 1413 1985 Tu
1442 1961 1505 1985 me

175 2013 224 2050 de
255 2011 329 2049 tuis
362 2012 477 2050 rebus
508 2012 692 2050 omnibus
723 2020 760 2050 et
788 2013 837 2050 de
861 2012 1017 2050 Lentuli
1050 2012 1105 2050 tui
1137 2012 1338 2063 nostrique
1366 2013 1505 2051 studiis

222 2127 235 2147 1
262 2127 313 2147 me
332 2115 388 2146 M:
414 2128 479 2147 0111.
496 2117 528 2146 R
546 2129 552 2148 :
576 2128 628 2147 me
643 2117 705 2148 iam
720 2117 836 2148 Orelli:
863 2128 915 2147 me
930 2127 1018 2147 nunc
1041 2116 1246 2157 lVesenhetg:
1272 2116 1329 2147 dcl.
1350 2116 1507 2147 Graevius

175 2170 194 2190 2
218 2160 420 2190 Aristotelio
439 2159 495 2190 M:
531 2172 586 2191 -eo
605 2160 677 2191 Mf:
706 2161 771 2191 -ico
794 2161 826 2190 R
959 2172 978 2200 3
1005 2161 1037 2191 in
1059 2161 1289 2200 disputatione
1310 2171 1348 2191 ac
1369 2161 1505 2198 dialogo

175 2204 232 2235 dcl.
248 2203 366 2235 Lamb.
503 2214 521 2243 5
547 2205 708 2243 atqueR:
741 2205 782 2234 ab
800 2202 871 2235 Ml:
904 2209 937 2235 et
958 2204 1012 2234 Mc
1146 2206 1166 2234 6
1191 2204 1422 2234 Aristoteliam
1446 2203 1504 2232 M:

175 2248 272 2278 -icam
290 2247 323 2277 R
457 2258 491 2277 11
518 2249 595 2287 quia
620 2248 680 2279 del.
698 2248 899 2279 Gronovius:
925 2249 1080 2278 lacunam
1102 2249 1213 2288 posuit
1228 2252 1304 2287 post
1330 2248 1505 2277 nominare

182 2289 376 2331 U’esenbeig,
397 2291 452 2322 ubi
467 2302 525 2322 eos
547 2292 636 2321 nolui
660 2292 832 2330 divulgare
853 2292 903 2322 vel
920 2292 1025 2322 simile
1045 2291 1125 2331 quid
1141 2289 1331 2321 addendmn
1468 2300 1505 2327 13

178 2345 229 2364 me
254 2334 328 2366 add.
355 2335 402 2365 R2
540 2336 577 2365 18
603 2346 702 2365 omne
728 2336 768 2366 ad
793 2339 888 2366 vella
911 2346 1012 2365 omne
1036 2335 1078 2364 M
1092 2336 1147 2374 tad
1171 2341 1242 2375 sup.
1263 2335 1318 2366 lin.
1339 2333 1430 2363 Ms'l:
1463 2334 1503 2363 ad

177 2388 276 2410 omne
301 2378 333 2408 R
465 2388 506 2418 23
532 2379 572 2409 de
597 2378 715 2418 Quinti
739 2379 848 2420 vulg:
878 2380 987 2418 deque
1005 2378 1064 2409 M:
1097 2390 1160 2418 que
1183 2379 1225 2409 de
1243 2378 1276 2408 R
1380 2382 1411 2407 te
1429 2375 1503 2407 ΖΠΗ

177 2426 211 2451 et
228 2421 300 2451 MR

1523 1503 1575 1541 24
