1791 2796
546 148 658 184 EPP.
692 147 768 184 AD
800 146 1148 183 FAMILIARES
1465 147 1511 183 X.
1530 144 1592 181 xii

181 259 466 311 spectationem
495 266 648 297 tuarum
679 258 902 297 litterarum.
978 257 1167 297 Recitatis
1206 258 1342 297 litteris
1382 258 1514 297 oblata

181 325 315 376 religio
350 326 528 364 Cornuto
562 331 621 363 est
652 322 905 374 pullariorum
939 323 1146 362 admonitu
1185 336 1266 362 non
1305 323 1397 362 satis
1430 314 1514 362 dili-

181 398 315 441 genter
341 404 431 429 eum
463 387 646 440 auspiciis
678 402 836 440 operam
868 388 1036 435 dedisse,
1059 388 1179 438 idque
1208 402 1231 426 a
1260 395 1394 427 nostro
1423 401 1515 427 con-

182 455 283 506 legio
312 455 612 504 comprobatum
643 461 710 492 est.
773 455 912 504 Itaque
936 467 995 492 res
1020 453 1140 492 dilata
1160 461 1218 491 est
1239 453 1277 491 in
1298 461 1510 503 posterum.

146 536 162 566 5
184 523 244 560 Eo
265 530 395 559 autem
416 520 481 558 die
503 533 644 569 magna
670 518 766 557 mihi
791 532 861 570 pro
891 526 957 557 tua
984 518 1173 569 dignitate
1197 519 1401 558 contentio
1421 532 1512 557 cum

183 586 367 633 Servili03
407 584 474 635 qui
503 598 594 623 cum
623 584 744 634 gratia
773 584 965 623 effecisset
994 592 1036 622 ut
1067 597 1136 622 sua
1165 583 1359 623 sententia
1388 583 1513 634 prima

181 650 506 702 pronuntiaretur,
543 651 725 699 frequens
764 663 854 688 eum
894 657 1051 688 senatus
1090 649 1245 699 reliquit
1283 656 1322 687 et
1360 649 1399 687 in
1437 650 1512 687 alia

183 715 316 755 onmia
339 715 527 762 discessit,
553 728 742 764 meaeque
766 715 992 761 sententiae,
1017 728 1118 764 quae
1145 715 1319 753 secunda
1343 728 1512 765 pronun-

183 782 276 820 tiata
299 790 389 827 erat,
419 794 509 819 cum
534 782 757 830 frequenter
781 779 1041 818 adsentiretur
1070 786 1238 825 senatus,
1266 787 1401 829 rogatu
1432 781 1513 818 Ser—

126 863 164 886 10
183 846 247 884 vili
277 848 317 884 P.
347 845 474 884 Titius
503 845 728 884 intercessit.
790 847 870 884 Res
902 845 941 883 in
971 852 1172 895 posterum
1204 844 1333 883 dilata.
1395 845 1513 884 Venit
1532 855 1559 892 4

183 919 339 963 paratus
378 910 561 949 Servilius
601 911 686 949 Iovi
720 910 794 961 ipsi
832 910 1000 960 iniquus,
1038 909 1149 948 cuius
1187 910 1227 947 in
1267 912 1416 960 templo
1454 923 1514 949 res

182 977 379 1026 agebatur.
454 977 576 1014 Hunc
615 989 733 1026 quem
776 977 826 1014 ad
866 977 1030 1014 modum
1071 975 1249 1025 fregerim
1289 983 1516 1026 quantaque

183 1041 438 1081 contentione
476 1041 626 1079 Titium
666 1041 962 1080 intercessorem
1001 1040 1224 1087 abiecerim,
1266 1054 1312 1079 ex
1349 1040 1515 1079 aliorum

184 1116 222 1146 te
253 1107 388 1146 litteris
420 1108 524 1145 malo
554 1119 791 1156 cognoscere
809 1121 818 1153 3
852 1119 975 1144 unum
1008 1107 1085 1144 hoc
1116 1119 1163 1144 ex
1195 1105 1315 1144 meis:
1349 1107 1515 1145 Senatus

126 1189 162 1221 15
184 1172 344 1223 gravior,
373 1171 626 1218 constantior,
652 1171 813 1209 amicior
842 1170 917 1209 tuis
944 1170 1127 1209 laudibus
1159 1185 1244 1210 esse
1278 1185 1359 1210 non
1389 1171 1518 1222 potuit

185 1251 303 1288 quam
330 1246 413 1276 tum
439 1238 520 1283 fuit,
545 1251 618 1276 nec
638 1251 730 1275 vero
755 1236 825 1274 tibi
850 1243 1007 1273 senatus
1036 1235 1199 1274 amicior
1226 1249 1343 1286 quam
1375 1244 1518 1274 cuncta

184 1303 320 1342 civitas
335 1318 346 1351 3
375 1302 601 1341 mirabiliter
630 1301 734 1340 enim
765 1302 934 1351 populus
962 1302 1008 1338 R.
1037 1301 1240 1339 universus
1270 1309 1308 1339 et
1338 1301 1516 1340 omnium

183 1383 371 1419 generum
415 1367 677 1418 ordinumque
725 1379 939 1404 consensus
977 1367 1028 1404 ad
1068 1365 1311 1404 liberandam
1357 1380 1437 1404 rem
1477 1380 1512 1416 p.

185 1433 431 1484 conspiravit.

126 1513 166 1534 20
241 1501 362 1548 Perge
382 1498 505 1548 igitur,
530 1505 571 1535 ut
597 1496 688 1546 agis,
713 1508 939 1546 nomenque
966 1503 1076 1533 tuum
1102 1498 1340 1535 commenda
1360 1497 1515 1536 immor·
1534 1508 1559 1548 5

186 1564 324 1602 talitati
346 1570 464 1612 atque
490 1563 588 1600 haec
608 1560 751 1606 omnia,
775 1573 876 1610 quae
895 1560 1044 1599 habent
1065 1561 1236 1611 speciem
1260 1562 1405 1611 gloriae
1426 1576 1517 1601 con—

185 1630 327 1667 lectam
357 1625 594 1664 inanissimis
624 1625 842 1675 splendoris
872 1624 1101 1675 insignibus,
1126 1634 1349 1674 contemne,
1373 1627 1514 1674 brevia,

185 1694 324 1738 fucata,
351 1693 501 1730 caduca
529 1691 716 1730 existima.
776 1692 923 1728 Verum
952 1691 1073 1728 decus
1105 1690 1145 1728 in
1174 1690 1315 1730 virtute
1345 1692 1517 1741 positum

186 1765 253 1802 est,
288 1770 389 1807 quae
427 1756 596 1795 maxime
633 1756 859 1794 inlustratur
897 1755 1047 1805 magnis
1087 1755 1125 1792 in
1164 1769 1244 1794 rem
1284 1770 1320 1806 p.
1358 1756 1515 1796 meritis.

126 1836 163 1867 25
188 1824 287 1860 Eam
326 1823 550 1860 facultatem
584 1822 706 1859 babes
745 1819 965 1858 maximam.
1027 1820 1156 1868 Quam
1192 1820 1380 1870 quoniam
1414 1834 1519 1860 com-

186 1888 322 1936 plexus
349 1900 390 1924 es
417 1894 454 1924 et
479 1894 598 1931 tenes,
622 1886 765 1934 perfice
794 1892 837 1922 ut
863 1898 912 1922 ne
943 1883 1072 1922 minus
1099 1898 1158 1923 res
1185 1885 1225 1935 p.
1245 1885 1315 1923 tibi
1336 1899 1455 1936 quam
1476 1894 1518 1924 tu

185 1953 239 1989 rei
263 1965 298 2001 p.
323 1952 478 1989 debeas.
551 1952 619 1988 Me
644 1958 733 1988 tuae
753 1949 952 2000 dignitatis
980 1963 1060 1988 non
1087 1951 1208 1989 modo
1229 1952 1420 1989 fautorem
1448 1953 1518 1989 sed

185 2016 302 2055 etiam
333 2016 655 2066 amplificatorem
685 2028 910 2065 cognosces..
972 2015 1021 2053 Id
1042 2028 1131 2053 cum
1152 2016 1206 2054 rei
1227 2029 1276 2066 p.‚
1300 2029 1401 2066 quae
1422 2016 1518 2054 mihi

186 2082 263 2120 vita
295 2089 353 2120 est
385 2095 472 2119 mea
504 2080 636 2126 carior,
667 2088 749 2118 tum
780 2087 936 2118 nostrae
967 2079 1250 2119 necessitudini
1279 2081 1423 2119 debere
1455 2095 1518 2119 rne

125 2162 167 2192 30
187 2147 330 2186 iudico.
389 2148 523 2196 Atque
562 2145 601 2183 in
640 2145 700 2183 his
739 2145 851 2191 curis⁷
889 2158 985 2195 quas
1017 2146 1167 2184 contuli
1201 2147 1252 2184 ad
1286 2146 1517 2196 dignitatem

229 2262 267 2282 21
294 2252 478 2282 conlectam
498 2254 573 2282 velt.
590 2250 671 2281 Ellis
689 2251 753 2281 coll.
773 2250 849 2282 Dt'v.
870 2252 903 2281 in
924 2251 1033 2282 Caecil.
1056 2262 1106 2291 71,
1128 2262 1187 2290 72;
1212 2252 1298 2283 Pln'l.
1318 2252 1349 2282 ii.
1370 2261 1389 2290 3
1406 2263 1412 2281 :
1437 2261 1518 2281 con-

185 2297 271 2326 lecta
289 2296 374 2326 codd.
510 2305 551 2333 23
575 2294 683 2325 fucata
701 2294 774 2324 HD
790 2307 797 2325 z
820 2295 946 2334 fugatia
965 2295 1025 2331 (-ia
1042 2296 1074 2325 in
1093 2296 1172 2332 ras.)
1191 2295 1252 2325 M:
1278 2295 1409 2333 fugacia
1428 2294 1515 2334 vulg.

185 2339 309 2369 ‚Mic'ller
394 2349 436 2378 25
462 2338 659 2378 complexus
677 2348 713 2368 es
730 2343 763 2368 et
780 2342 888 2377 tenes,
907 2339 1032 2377 perfice
1045 2337 1135 2368 HD:
1164 2349 1190 2369 c.
1212 2349 1259 2376 es,
1282 2344 1371 2377 tene,
1393 2338 1518 2377 perfice

186 2383 227 2454 IOVI
250 2382 320 2456 (llsqd
345 2393 382 2413 es
406 2387 434 2413 ct
457 2393 525 2413 una
549 2382 651 2412 littera
672 2385 747 2422 post
774 2386 852 2412 tene
878 2382 909 2412 in
936 2383 1016 2422 ras)
1044 2381 1155 2422 vulg:
1191 2393 1217 2413 c.
1249 2387 1355 2421 tenes,
1392 2381 1519 2421 perfice

220 2437 250 2456 re
277 2438 285 2455 ι

228 2491 291 2511 cxc.
311 2491 358 2511 AD
376 2491 454 2512 FAM.
1392 2481 1431 2510 1¹.)
