1791 2796
513 158 623 195 EPP.
659 159 735 194 An
769 159 1115 196 FAMILIARES
1463 163 1508 199 V.
1534 162 1592 199 xii

241 271 362 318 Quod
397 269 427 307 si
458 277 495 307 te
526 270 770 307 adducemus
803 278 843 307 ut
879 270 953 308 hoc
989 271 1187 320 suscipias,
1221 272 1301 315 erit,
1335 280 1375 310 ut
1416 272 1510 312 mihi

184 337 413 386 persuadeo,
437 335 616 373 materies
645 334 764 385 digna
794 336 976 374 facultate
1006 343 1044 374 et
1073 337 1188 387 copia
1217 345 1292 376 tua.
1352 340 1388 376 A
1412 338 1512 389 prin·
1530 346 1556 383 4

185 400 288 450 cipio
308 400 413 438 enim
435 399 715 438 coniurationis
736 413 860 450 usque
880 401 931 438 ad
959 400 1127 439 reditum
1155 409 1332 440 nostrum
1360 403 1513 441 videtur

184 465 279 504 mihi
312 465 513 504 modicum
548 465 751 515 quoddam
783 478 924 515 corpus
959 466 1101 504 confici
1133 480 1259 517 posse,
1294 467 1333 505 in
1365 481 1445 518 quo
1475 476 1513 507 et

145 531 248 575 silla
281 530 426 582 poteris
464 530 520 569 uti
559 530 732 568 civilium
772 531 1129 570 commutationum
1169 532 1332 571 scientia
1372 535 1431 572 vel
1473 534 1512 572 in

183 595 424 646 explicandis
458 595 584 634 causis
616 609 743 634 rerum
776 609 965 634 novarum
995 598 1055 634 vel
1085 596 1125 634 in
1154 598 1336 636 remediis
1366 598 1513 637 incom-

184 663 404 709 modorum,
428 675 518 700 curn
539 669 577 700 et
598 663 860 712 reprehendes
885 676 941 709 ea,
964 676 1065 712 quae
1091 662 1349 714 vituperanda
1378 665 1509 711 duces

183 736 221 766 et
250 741 351 778 quae
381 728 594 778 placebunt
625 727 868 778 exponendis
902 728 1119 767 rationibus
1153 730 1431 779 comprobabis
1461 738 1510 777 et,

183 792 214 830 si
235 792 403 840 liberius,
426 800 468 830 ut
489 792 697 838 consuesti,
721 793 919 842 agendum
949 793 1116 843 putabis,
1141 795 1354 832 multorum
1379 794 1419 832 in
1440 808 1512 833 nos

126 870 163 891 10
183 857 396 909 perfidiam,
433 857 604 904 insidias,
646 858 911 908 proditionem
946 859 1112 897 notabis,
1192 861 1362 898 Multam
1394 860 1512 898 etiam

182 936 295 962 casus
333 923 454 961 nostri
493 922 719 961 varietatem
764 923 835 961 tibi
874 923 914 961 in
952 924 1162 963 scribendo
1203 925 1512 975 suppeditabunt

181 990 339 1040 plenam
360 988 565 1026 cuiusdam
581 988 803 1039 voluptatis,
821 1002 922 1039 quae
949 990 1202 1029 vehementer
1222 991 1375 1029 animos
1389 991 1513 1029 homi-

181 1067 277 1092 num
299 1054 338 1092 in
358 1055 527 1104 legendo
554 1061 592 1092 te
619 1053 805 1104 scriptore
826 1062 959 1093 tenere
986 1055 1119 1105 possit.
1181 1056 1290 1094 Nihil
1317 1064 1376 1095 est
1405 1056 1511 1094 enirn

181 1119 309 1169 aptius
329 1121 380 1158 ad
400 1119 703 1158 delectationem
725 1120 880 1158 lectoris
911 1134 1030 1170 quam
1060 1129 1282 1171 temporum
1307 1121 1511 1160 varietates

124 1196 160 1229 15
182 1187 439 1236 fortunaeque
478 1185 776 1224 vicissitudines.
836 1188 952 1235 Quae
990 1187 1062 1225 etsi
1098 1187 1212 1225 nobis
1242 1187 1436 1238 optabiles
1471 1187 1510 1225 in

181 1251 418 1302 experiendo
447 1265 527 1289 non
549 1253 714 1298 fuerunt,
738 1251 777 1289 in
799 1252 967 1301 legendo
988 1259 1120 1290 tamen
1145 1260 1259 1291 erunt
1288 1253 1486 1291 iucundae
1500 1268 1510 1301 ;

181 1317 299 1355 habet
313 1316 417 1355 enim
430 1316 624 1367 praeteriti
638 1316 784 1355 doloris
801 1330 935 1355 secura
951 1317 1169 1356 recordatio
1186 1318 1487 1357 delectationem
1497 1333 1508 1366 ,-

181 1381 317 1420 ceteris
338 1395 428 1419 vero
455 1382 561 1419 nulla
590 1381 804 1431 perfunctis
833 1381 989 1432 propria
1019 1382 1208 1430 molestia,
1232 1396 1344 1421 casus
1373 1390 1505 1421 autem
1525 1395 1550 1433 5

180 1446 328 1485 alienos
350 1446 433 1485 sine
453 1447 533 1485 ullo
550 1447 685 1485 dolore
712 1446 955 1485 intuentibus
985 1446 1102 1485 etiam
1134 1447 1217 1497 ipsa
1240 1447 1508 1486 misericordia

121 1527 162 1549 20
181 1519 240 1550 est
288 1512 470 1551 iucunda.
555 1513 687 1561 Quem
725 1512 830 1550 enim
876 1520 1053 1551 nostrum
1092 1513 1155 1552 ille
1194 1513 1364 1552 moriens
1402 1515 1509 1564 apud

183 1576 429 1616 Mantineam
469 1578 766 1628 Epaminondas
806 1591 887 1616 non
925 1590 1015 1615 cum
1055 1579 1227 1627 quadam
1260 1578 1509 1617 miseratione

179 1644 378 1682 delectat?
420 1643 488 1693 qni
531 1651 613 1681 turn
658 1643 831 1693 denique
878 1643 953 1681 sibi
993 1644 1106 1682 evelli
1148 1644 1257 1682 iubet
1300 1644 1506 1694 spiculum,

178 1716 315 1758 postea
344 1723 462 1759 quam
494 1709 529 1747 ei
560 1709 807 1759 percontanti
841 1709 991 1748 dictum
1026 1716 1085 1747 est
1115 1709 1287 1759 clipeum
1321 1723 1406 1748 esse
1440 1711 1510 1747 sal-

179 1787 281 1821 vum,
300 1782 342 1812 ut
369 1774 487 1813 etiam
517 1774 556 1812 in
586 1774 756 1813 vulneris
783 1776 920 1813 dolore
949 1787 1078 1824 aequo
1107 1774 1241 1812 animo
1271 1788 1362 1813 cum
1391 1776 1508 1814 laude

119 1853 157 1884 ²5
180 1847 401 1877 moreretur.
441 1856 445 1858 ·
489 1839 612 1878 Cuius
671 1838 844 1877 studium
900 1839 939 1876 in
987 1839 1156 1888 legendo
1203 1852 1284 1877 non
1332 1847 1506 1878 erectum

178 1904 436 1943 Themistocli
467 1906 557 1953 fuga
590 1904 797 1954 redituque
831 1903 1046 1942 retinetur?
1104 1903 1262 1942 Etenim
1295 1905 1394 1943 ordo
1423 1904 1507 1954 ipse

176 1969 376 2007 annalium
412 1969 659 2008 mediocriter
692 1982 764 2008 nos
803 1968 941 2008 retinet
976 1969 1087 2019 quasi
1126 1969 1422 2008 enumeratione
1456 1972 1508 2009 fa-

176 2041 349 2083 storum3
385 2042 424 2073 at
457 2034 527 2073 viri
557 2047 674 2084 saepe
712 2034 936 2073 excellentis
969 2034 1160 2084 ancipites
1189 2034 1364 2085 variique
1394 2048 1506 2074 casus

176 2101 323 2139 habent
342 2100 653 2147 admirationem,
677 2100 1020 2150 exspectationem,
1044 2100 1242 2147 laetitiam,
1271 2100 1503 2149 molestiam,

227 2214 266 2243 13
291 2204 323 2235 in
349 2205 494 2244 legendo
516 2210 549 2235 te
576 2205 740 2244 scriptore
768 2206 866 2246 (-rem
894 2204 935 2243 G)
963 2210 1082 2236 tenere
1109 2205 1195 2236 GR:
1231 2205 1265 2235 in
1291 2205 1400 2245 legem
1427 2207 1506 2237 dote

178 2248 302 2287 scripto
319 2249 466 2279 retinere
483 2247 540 2278 M:
574 2249 608 2278 in
634 2248 779 2287 legendo
797 2252 854 2278 tuo
879 2249 1006 2288 scripto
1032 2249 1181 2280 retinere
1200 2248 1303 2280 Orelli
1320 2249 1508 2290 Wesenberg

176 2302 217 2321 22
241 2291 340 2322 evelli
372 2291 518 2331 Kayser:
555 2291 653 2322 avelli
686 2291 774 2322 codd.
925 2293 967 2321 26
991 2293 1169 2331 redituque
1197 2293 1363 2323 retinetur
1393 2292 1503 2324 codd.:

175 2334 336 2374 exituque
358 2345 383 2366 r.
402 2335 551 2375 Kayser:
580 2335 787 2374 interituque
805 2345 829 2366 r.
850 2335 1045 2367 Ferran‘us:
1069 2336 1266 2375 reditusque
1283 2347 1345 2376 spe
1367 2340 1500 2367 tenetur

172 2377 274 2415 Boot:
292 2377 511 2409 Themistocli
529 2378 606 2417 suga
623 2378 796 2409 Coriolani
809 2379 886 2417 fuga
900 2380 1078 2418 redituque
1090 2390 1113 2410 r.
1135 2378 1267 2419 Tyrrell,
1279 2379 1318 2419 cf.
1334 2379 1429 2410 Brut.
1444 2389 1503 2418 43:

173 2420 312 2451 Aristidi
329 2426 389 2460 stro
406 2422 627 2452 Themistocli
645 2421 885 2452 commendavit
900 2421 1037 2453 Palmer

215 2489 277 2510 ele.
298 2489 345 2509 AD
364 2489 444 2510 FAM.
1396 2479 1417 2508 9
