1791 2796
571 151 684 189 EPP.
716 150 793 187 AD
824 148 1171 186 FAMILIARES
1489 146 1537 183 X.
1556 143 1681 181 xxxii

205 263 436 315 Epistulam,
459 277 577 315 quam
600 263 737 310 Balbo,
760 275 849 300 cum
871 260 989 300 etiam
1014 274 1119 299 nunc
1140 259 1180 299 in
1200 257 1400 310 provincia
1419 264 1533 303 esset,

204 329 349 380 scripsi,
365 330 572 380 legendam
590 327 660 367 tibi
681 326 766 366 misi
784 342 791 374 ;
816 325 932 366 etiam
950 333 1201 377 praetextam,
1219 324 1249 363 si
1266 325 1373 364 voles
1393 325 1531 375 legere,

204 397 362 435 Gallum
380 394 618 442 Cornelium,
639 392 868 433 familiarem
888 405 1032 439 meum,
1056 390 1219 444 poscito.
1262 403 1302 429 VI
1327 390 1422 430 Idus
1444 391 1531 429 Iun.

205 461 403 501 Corduba.

164 625 183 658 5
237 614 440 649 XXXIII
487 616 557 648 Ser.
576 614 743 647 Cordubae
760 615 808 646 vel
821 626 865 647 cx.
890 625 934 645 m.
953 614 1045 645 Maio
1062 614 1108 646 vel
1123 614 1166 645 in.
1183 613 1257 644 lun.

769 681 798 700 a·
821 680 872 709 711
893 669 979 709 (βλ

593 746 763 780 POLLIO
789 746 1015 779 CICERONI
1041 746 1074 777 S.
1104 746 1137 777 P.

258 829 293 865 S.
317 841 350 864 v.
375 827 410 865 b.
435 842 465 865 e.
490 841 521 865 e.
545 840 580 876 q.
604 840 636 864 v.
698 828 791 875 Quo
821 825 968 864 tardius
988 825 1127 864 certior
1148 825 1280 864 fierem
1302 824 1352 862 de
1372 821 1529 874 proeliis
1549 832 1565 859 1

204 894 309 942 apud
334 891 530 930 Mutinam
561 891 671 930 factis
698 891 873 941 Lepidus
901 889 1038 936 effecit,
1072 889 1139 940 qui
1171 903 1279 929 meos
1309 888 1531 927 tabellarios

146 969 186 992 10
204 970 347 996 novem
382 956 473 996 dies.
501 956 682 1003 retinuit3
723 955 876 994 tametsi
916 963 1063 994 tantam
1104 954 1367 993 calamitatem
1407 953 1459 993 rei
1495 967 1530 1003 p.

205 1036 323 1073 quam
345 1022 564 1061 tardissime
584 1021 718 1061 audire
739 1022 957 1072 optandum
979 1028 1048 1068 est,
1065 1021 1134 1059 sed
1155 1019 1239 1066 illis,
1258 1019 1325 1070 qui
1346 1019 1533 1070 prodesse

204 1087 301 1126 nihil
332 1095 497 1138 possunt
528 1101 658 1138 neque
690 1085 847 1125 mederi.
907 1088 1039 1136 Atque
1070 1084 1219 1123 utinam
1250 1086 1392 1124 eodem
1423 1098 1450 1123 s.
1486 1099 1530 1130 c.,

204 1167 284 1203 quo
306 1154 496 1191 Plancum
519 1160 557 1190 et
577 1151 774 1202 Lepidum
796 1151 835 1190 in
858 1150 1012 1190 Italiam
1042 1149 1265 1196 arcessistis,
1290 1164 1353 1188 me
1373 1163 1532 1200 quoque

206 1217 413 1257 iussissetis
429 1217 559 1257 venire
577 1220 584 1254 l
614 1218 790 1268 profecto
811 1231 892 1256 non
911 1215 1127 1267 accepisset
1147 1229 1206 1254 res
1226 1229 1262 1266 p.
1282 1217 1358 1254 hoc
1378 1217 1529 1253 vulnus.

148 1297 184 1328 15
208 1285 300 1332 Quo
321 1283 352 1322 si
373 1283 440 1335 qui
461 1284 654 1321 laetantur
674 1282 713 1321 in
734 1281 963 1333 praesentia,
980 1281 1072 1331 quia
1092 1280 1273 1319 videntur
1293 1289 1331 1319 et
1352 1282 1474 1319 duces
1495 1288 1533 1319 et

205 1348 377 1388 veterani
418 1347 595 1388 Caesaris
634 1347 801 1398 partium
837 1346 1023 1392 interisse,
1057 1353 1188 1384 tamen
1222 1347 1436 1397 postmodo
1470 1359 1533 1384 ne-

205 1428 313 1454 cesse
329 1422 388 1454 est
408 1415 579 1460 doleant,
597 1427 687 1452 cum
701 1413 920 1452 vastitatem
939 1413 1075 1451 Italiae
1090 1410 1328 1462 respexerint
1342 1426 1352 1459 ,-
1382 1425 1472 1450 nam
1494 1419 1532 1450 et

205 1480 323 1519 robur
347 1487 385 1518 et
409 1479 568 1518 suboles
596 1477 764 1517 militum
791 1476 945 1521 interiit,
979 1476 1008 1514 si
1037 1476 1198 1527 quidem
1223 1490 1325 1526 quae
1352 1475 1531 1515 nuntian-

207 1554 267 1586 tur
305 1546 384 1584 ulla
421 1559 467 1584 ex
505 1551 614 1596 parte
647 1557 737 1583 vera
774 1551 874 1582 sunt.
946 1543 1087 1593 Neque
1125 1556 1198 1593 ego
1231 1555 1312 1580 non
1346 1541 1529 1581 videbam
1551 1552 1574 1580 2

150 1628 189 1651 20
207 1619 355 1662 quanto
377 1610 463 1650 usui
490 1611 544 1649 rei
568 1624 603 1662 p.
627 1624 753 1650 essem
775 1611 936 1655 futurus,
961 1609 991 1646 si
1018 1609 1068 1646 ad
1093 1608 1288 1658 Lepidum
1310 1607 1503 1647 venissem
1526 1621 1533 1653 ;

206 1690 366 1716 omnem
406 1677 512 1716 enim
545 1675 840 1715 cunctationem
875 1673 957 1713 eius
992 1673 1272 1718 discussissem,
1306 1671 1532 1723 praesertim

204 1742 382 1782 adiutore
413 1744 560 1782 Planco
578 1757 586 1789 ;
626 1743 695 1782 sed
728 1740 912 1780 scribenti
943 1740 993 1778 ad
1034 1753 1096 1778 me
1129 1739 1212 1778 eius
1246 1739 1354 1778 modi
1389 1738 1534 1778 litteras

205 1821 303 1859 quas
346 1809 452 1859 leges
493 1815 532 1845 et
574 1807 827 1847 contionibus
865 1798 1059 1851 videlicet,
1100 1817 1198 1855 quas
1237 1805 1426 1844 Narbone
1472 1805 1535 1842 ha-

206 1872 340 1912 buisse
365 1871 516 1919 dicitur,
541 1872 678 1911 similis
703 1873 880 1922 palparer
904 1883 1065 1909 necesse
1092 1877 1184 1915 erat,
1206 1863 1246 1908 si*
1264 1863 1406 1910 vellem
1431 1883 1535 1908 com-

148 1953 162 1975 2
171 1955 186 1985 5
207 1945 358 1975 meatus
379 1950 447 1987 per
474 1936 715 1987 provinciam
740 1936 823 1975 eius
851 1936 921 1975 iter
948 1936 1094 1974 faciens
1115 1934 1269 1974 habere.
1331 1937 1535 1973 Praeterea

206 2002 366 2041 verebar
394 2015 454 2047 ne,
485 2002 516 2039 si
545 2010 636 2040 ante
664 2015 781 2052 quam
807 2014 880 2052 ego
905 2000 1062 2051 incepta
1087 2001 1314 2051 perficerem
1342 2000 1533 2051 proelium

205 2068 430 2106 confectum
452 2075 563 2113 esset,
587 2066 696 2117 pium
721 2065 928 2106 consilium
954 2079 1086 2105 meum
1117 2073 1295 2116 raperent
1322 2064 1361 2103 in
1385 2073 1535 2104 contra-

206 2134 300 2172 riam
350 2141 499 2183 partem
539 2133 819 2172 obtrectatores
858 2132 935 2172 mei
973 2140 1130 2182 propter
1167 2131 1391 2178 amicitiam,
1432 2144 1533 2180 quae

209 2198 304 2237 mihi
325 2212 415 2237 cum
437 2198 614 2237 Antonio
635 2212 715 2238 non
737 2197 859 2237 maior
879 2206 1011 2237 tamen
1032 2211 1149 2248 quam
1173 2198 1321 2236 Planco
1341 2196 1422 2235 suit.

150 2277 190 2308 30
264 2266 403 2315 Itaque
429 2278 451 2302 a
480 2264 659 2303 Gadibus
687 2277 822 2303 mense
849 2263 973 2314 Aprili
1000 2263 1102 2302 binis
1133 2261 1341 2301 tabellariis
1369 2261 1407 2299 in
1435 2261 1533 2299 duas
1553 2273 1575 2310 3

255 2379 288 2399 11
317 2367 393 2409 sed]
421 2372 602 2409 suspectant
625 2368 713 2398 Koclz
738 2371 765 2398 cl
789 2367 1013 2398 Mendelssolm
1025 2379 1034 2403 ,’
1064 2370 1100 2397 a!
1112 2366 1256 2406 fortasse
1281 2365 1364 2395 idem
1394 2366 1477 2395 valet
1500 2375 1534 2395 cic

213 2411 361 2452 ‘scr'lt'cetf
378 2412 417 2453 cf.
439 2413 530 2445 Orat.
551 2422 591 2452 97
725 2422 766 2452 23
790 2418 824 2443 et
840 2422 904 2443 om.
925 2411 1053 2442 Ernesti
