1791 2796
544 148 655 185 EPP.
688 147 765 184 AD
796 146 1145 183 FAMILIARES
1442 146 1657 184 V111.x1v

178 258 374 310 stipendio
398 257 572 308 Pompei,
595 256 732 296 fecisse
752 256 1003 296 existimatur.
1047 258 1111 295 Ad
1133 270 1339 305 summam,
1357 257 1510 308 quaeris

178 324 273 374 quid
308 332 442 374 putem
477 324 659 361 futurum.
719 322 758 360 Si
791 323 887 360 alter
922 329 1006 360 uter
1039 335 1174 360 eorum
1204 323 1254 360 ad
1286 321 1509 360 Parthicum

179 391 325 428 bellum
356 402 436 427 non
466 396 538 435 eat,
570 388 685 426 video
716 400 875 437 magnas
906 387 1134 437 impendere
1164 387 1390 435 discordias,
1413 400 1510 437 quas

178 456 320 493 ferrum
361 462 399 493 et
437 453 494 491 vis
533 452 746 500 iudicabit;
788 460 952 502 uterque
984 460 1022 491 et
1056 452 1190 490 animo
1221 460 1259 491 et
1298 452 1421 503 copiis
1453 461 1511 491 est

142 536 156 565 3
178 528 343 571 paratus.
404 518 442 557 Si
467 518 551 557 sine
580 531 736 556 summo
766 517 940 568 periculo
970 517 1051 556 fieri
1082 524 1224 567 posset,
1258 524 1443 568 magnum
1473 526 1510 556 et

179 585 396 624 iucundum
417 583 488 622 tibi
511 585 684 622 Fortuna
704 584 973 633 spectaculum
995 583 1166 633 parabat.

222 725 305 759 XV
528 726 598 758 Ser.
616 727 681 758 circ.
702 727 810 758 viild.
833 727 934 758 Mart.
954 738 982 758 a.
1005 737 1060 766 705
1079 727 1165 767 (495.

588 804 784 836 CAELIVS
811 804 1037 835 CICERONI
1065 803 1099 836 S.

235 886 455 936 Ecquando
482 893 523 924 tu
549 884 751 924 hominem
778 884 1008 935 ineptiorem
1029 897 1148 934 quam
1170 891 1282 922 tuum
1304 885 1376 924 Cn.
1400 887 1513 923 Pom·
1532 896 1549 923 1

124 968 162 991 10
180 950 312 1001 peium
333 950 473 998 vidisti,
496 950 564 1001 qui
594 958 719 988 tantas
750 950 893 997 turbas,
917 949 985 999 qui
1011 956 1091 987 tam
1120 962 1248 999 nugax
1275 958 1387 997 esset,
1410 963 1514 989 com-

180 1016 328 1055 morit?
365 1030 530 1066 ecquem
564 1024 696 1054 autem
730 1015 897 1054 Caesare
933 1022 1067 1052 nostro
1100 1014 1290 1053 acriorem
1325 1014 1363 1053 in
1398 1015 1513 1054 rebus

180 1082 370 1132 gerendis,
401 1082 543 1120 eodem
576 1082 615 1119 in
645 1080 806 1119 victoria
844 1080 1160 1131 temperatiorem
1194 1088 1260 1119 aut
1290 1081 1414 1131 legisti
1448 1089 1514 1120 aut

180 1146 353 1185 audisti?
409 1146 517 1195 Quid
538 1148 627 1184 est?
667 1159 761 1183 num
790 1145 860 1183 tibi
886 1145 1006 1183 nostri
1034 1145 1188 1193 milites,
1211 1145 1277 1195 qui
1299 1145 1514 1184 durissimis

182 1219 220 1250 et
254 1211 509 1261 frigidissimis
548 1211 654 1258 locis,
686 1210 906 1249 taeterrima
935 1210 1065 1249 hieme
1095 1210 1242 1248 bellum
1271 1211 1514 1249 ambulando

126 1295 162 1326 15
183 1278 446 1323 confecerunt,
473 1276 583 1314 malis
614 1275 839 1314 orbiculatis
869 1289 954 1314 esse
982 1275 1083 1326 pasti
1112 1275 1325 1314 videntur?
1383 1276 1514 1325 ‘Quid

184 1342 310 1381 iam?’
351 1341 490 1391 inquis.
553 1341 733 1379 Gloriose
771 1340 915 1378 omnia.
975 1340 1014 1379 Si
1048 1340 1147 1378 scias
1177 1353 1295 1390 quam
1326 1340 1513 1379 sollicitus

182 1407 266 1454 sim,
301 1414 384 1444 tum
414 1407 516 1444 hanc
546 1419 673 1444 meam
709 1405 871 1456 gloriam
903 1419 1004 1455 quae
1037 1407 1087 1444 ad
1123 1419 1186 1444 me
1221 1405 1316 1443 nihil
1346 1405 1514 1456 pertinet

182 1471 360 1510 derideas
376 1486 385 1519 3
415 1484 515 1520 quae
536 1470 605 1508 tibi
628 1484 822 1520 exponere
843 1470 916 1508 nisi
944 1483 1075 1509 coram
1097 1483 1178 1508 non
1199 1483 1371 1520 possum,
1396 1471 1515 1521 idque

182 1536 357 1575 celeriter
377 1537 457 1575 fore
478 1550 591 1587 spero
609 1551 618 1584 3
648 1550 738 1574 nam
761 1549 834 1584 me,
858 1549 947 1574 cum
970 1535 1180 1586 expulisset
1201 1549 1248 1575 ex
1269 1536 1382 1575 Italia
1404 1538 1517 1576 Pom-

125 1620 164 1642 20
182 1602 326 1653 peium,
359 1602 559 1641 constituit
588 1603 639 1640 ad
670 1602 807 1640 urbem
839 1614 988 1649 vocare,
1021 1601 1061 1640 id
1091 1603 1199 1652 quod
1230 1601 1307 1640 iam
1337 1602 1517 1641 existimo

182 1669 418 1715 confectum,
451 1667 524 1706 nisi
552 1667 583 1705 si
613 1667 749 1706 maluit
776 1666 989 1717 Pompeius
1015 1666 1199 1705 Brundisi
1226 1667 1512 1706 circumsederi.

184 1734 355 1779 Peream,
379 1732 410 1770 si
437 1732 599 1770 minima
626 1746 743 1771 causa
770 1740 827 1770 est
854 1731 1089 1782 properandi
1117 1731 1190 1770 isto
1218 1731 1324 1779 mihi,
1348 1733 1456 1782 quod
1477 1739 1515 1770 te
1533 1743 1557 1770 2

182 1798 313 1837 videre
333 1806 371 1837 et
392 1798 524 1849 omnia
544 1798 681 1836 intima
702 1799 877 1836 conferre
893 1797 1083 1847 discupio,
1100 1797 1228 1836 habeo
1248 1805 1378 1835 autem
1397 1811 1516 1847 quam

185 1864 316 1901 multa.
387 1863 472 1901 Hui
503 1876 647 1910 vereor,
684 1863 792 1912 quod
832 1864 930 1900 solet
969 1862 1061 1909 fieri,
1096 1876 1146 1900 ne
1180 1875 1269 1900 cum
1310 1870 1347 1900 te
1384 1862 1519 1901 videro

128 1944 165 1975 25
185 1928 318 1966 omnia
351 1927 567 1967 obliviscar.
627 1928 705 1966 Sed
744 1935 875 1965 tamen
915 1928 1023 1977 quod
1058 1927 1110 1965 ob
1149 1928 1275 1965 scelus
1314 1926 1385 1965 iter
1423 1927 1519 1965 mihi

186 1992 446 2031 necessarium
490 2000 591 2031 retro
635 1993 686 2031 ad
725 1992 836 2042 Alpis
876 2005 1008 2031 versus
1048 1992 1217 2030 incidit?
1274 1993 1372 2031 Ideo
1411 1994 1519 2043 quod

187 2057 363 2096 Intimilii
390 2058 429 2095 in
456 2058 572 2096 armis
597 2066 697 2105 sunt,
721 2071 849 2107 neque
874 2059 924 2096 de
952 2071 1091 2108 magna
1119 2071 1246 2096 causa.
1307 2057 1517 2105 Bellienus,

185 2136 303 2161 verna
325 2123 512 2170 Demetri,
535 2122 602 2172 qui
623 2122 676 2161 ibi
701 2136 791 2160 cum
819 2123 1014 2172 praesidio
1041 2132 1132 2171 erat,
1157 2123 1377 2162 Domitium
1399 2137 1519 2173 quen-

186 2187 288 2234 dam,
320 2186 495 2225 nobilem
525 2186 590 2233 illi,
623 2186 800 2226 Caesaris
832 2187 1039 2237 hospitem,
1071 2201 1093 2226 a
1123 2187 1314 2226 contraria
1349 2187 1517 2226 factione

230 2300 249 2329 5
274 2300 405 2320 summo
425 2289 501 2320 Vict.
521 2301 527 2320 t
551 2300 612 2320 suo
629 2289 716 2320 codd.
737 2301 743 2320 :
766 2294 824 2320 tuo
840 2293 910 2320 vett.
1006 2301 1044 2321 10
1061 2300 1168 2329 nugas
1191 2290 1235 2328 M,
1255 2291 1292 2328 cf.
1311 2289 1459 2329 Lz‘ndsay
1475 2289 1522 2320 ad

187 2333 298 2364 Plaut.
323 2333 412 2373 Capi.
427 2335 491 2372 613
621 2343 659 2372 13
686 2344 763 2363 num
781 2333 898 2364 Lamb.
918 2345 924 2364 z
950 2344 1040 2364 nunc
1059 2333 1099 2363 M
1209 2344 1246 2373 15
1275 2333 1404 2373 ‘Quid2
1430 2333 1516 2364 tam'

188 2377 299 2416 inquis
326 2376 491 2415 ‘gloriose
516 2376 669 2408 omnial'
706 2376 812 2407 Immo
831 2377 858 2407 si
876 2377 964 2407 scias
987 2376 1176 2417 lVesenbmg
1281 2387 1316 2415 17
1342 2377 1427 2418 tum]
1448 2382 1517 2407 tum

189 2430 254 2450 non
275 2419 413 2451 Gronov.
572 2430 613 2459 25
638 2425 751 2450 tamen
768 2420 856 2459 quod
879 2419 1089 2461 lVesenherg:
1113 2425 1183 2451 tum
1201 2431 1300 2460 quam
1319 2420 1360 2450 M
1372 2431 1380 2451 t
1404 2425 1516 2451 tamen

189 2463 356 2503 quodnam
379 2467 451 2495 vett.
606 2464 647 2494 26
673 2463 753 2494 Ideo
772 2462 892 2494 Lamb.
913 2474 920 2494 ε
946 2464 1030 2495 adeo
1049 2463 1109 2495 M:
1139 2463 1175 2494 Id
1196 2465 1280 2495 adeo
1297 2463 1382 2494 Reid
