1791 2796
171 197 258 234 XV.
275 195 322 233 iv
641 195 697 232 M.
729 195 899 232 TVLLI
930 194 1239 234 CICERONIS

276 305 410 344 animo
435 304 630 343 venissem
657 312 699 343 ut
726 304 880 356 utrique
907 305 1144 356 provinciae,
1167 305 1198 344 si
1227 304 1279 344 ita
1307 313 1462 357 tempus
1483 307 1607 353 ferret,

276 371 537 417 subvenirem,
562 380 644 409 tum
674 371 725 418 id,
749 372 857 421 quod
889 371 963 409 iam
995 380 1086 410 ante
1116 379 1327 410 statueram
1358 373 1611 412 vehementer

276 436 462 475 interesse
479 436 682 486 utriusque
699 436 933 487 provinciae,
950 450 1089 487 pacare
1103 439 1304 475 Amanum
1321 445 1359 477 et
1375 444 1609 488 perpetuum

275 502 430 540 hostem
461 516 507 540 ex
537 516 585 540 eo
620 510 755 540 monte
785 504 930 549 tollere,
963 517 1075 552 agere
1111 503 1270 554 perrexi.
1331 505 1514 554 Cumque
1544 517 1608 542 me

273 566 477 606 discedere
506 567 556 605 ab
587 581 636 605 eo
666 575 800 606 monte
830 567 1076 606 simulassem
1107 575 1145 607 et
1170 568 1266 608 alias
1295 568 1414 620 partis
1444 568 1606 608 Ciliciae
1625 583 1643 616 5

273 640 406 682 petere
426 632 688 682 abessemque
709 633 758 670 ab
781 634 938 671 Amano
963 632 1034 670 iter
1054 632 1170 672 unius
1191 633 1270 672 diei
1291 642 1329 672 et
1349 642 1475 673 castra
1499 635 1607 685 apud

275 697 551 748 Epiphaneam
583 698 775 745 fecissem,
807 712 839 736 a.
864 699 900 737 d.
934 711 997 736 1111
1030 699 1089 737 Id.
1123 699 1225 746 Oct.‚
1258 713 1349 737 cum
1379 701 1608 750 advespera-

273 771 408 811 sceret,
426 763 609 813 expedito
624 763 794 802 exercitu
812 763 864 802 ita
878 772 999 803 noctu
1017 764 1087 802 iter
1102 764 1187 812 feci,
1204 772 1246 803 ut
1259 778 1291 803 a.
1308 766 1344 804 d.
1363 778 1406 803 111
1427 766 1485 803 Id.
1503 766 1604 812 Oct.‚

272 843 362 867 cum
407 829 621 876 lucisceret‚
670 829 709 867 in
757 832 958 868 Amanum
1006 831 1261 870 ascenderem
1310 829 1607 881 distributisque

272 894 502 933 cohortibus
519 903 557 933 et
573 895 735 943 auxiliis,
753 909 842 934 cum
864 895 948 933 aliis
964 895 1138 944 Quintus
1152 898 1268 935 frater
1283 897 1432 947 legatus
1450 909 1605 935 mecum
1627 910 1666 934 10

271 959 398 1006 simul,
435 959 519 998 aliis
553 961 596 998 C.
629 959 862 1010 Pomptinus
894 962 1053 1010 legatus,
1089 960 1246 1011 reliquis
1281 963 1334 998 M.
1360 961 1536 1000 Anneius
1567 969 1605 1000 et

274 1027 314 1064 L.
335 1025 489 1064 Tullius
510 1025 625 1076 legati
648 1033 882 1076 praeessent,
907 1027 1116 1077 plerosque
1137 1040 1209 1065 nec
1231 1026 1428 1077 opinantis
1449 1040 1605 1077 oppres-

224 1099 251 1136 9
271 1090 404 1138 simus,
441 1091 508 1142 qui
547 1091 666 1130 occisi
706 1091 889 1142 captique
928 1099 1018 1130 sunt
1058 1091 1255 1131 interclusi
1291 1094 1390 1143 fuga,
1433 1095 1602 1131 Eranam

268 1164 411 1203 autem,
436 1170 538 1206 quae
559 1156 630 1194 fuit
652 1170 732 1195 non
753 1156 826 1194 vici
848 1156 968 1195 instar
997 1158 1067 1196 sed
1089 1157 1205 1204 urbis,
1229 1158 1337 1208 quod
1359 1165 1438 1196 erat
1460 1157 1603 1196 Amani

268 1229 396 1272 caput,
431 1221 605 1272 itemque
635 1224 821 1272 Sepyram
854 1230 892 1260 et
924 1222 1180 1269 Commorim,
1212 1222 1350 1261 acriter
1380 1231 1418 1261 et
1451 1223 1517 1261 diu
1550 1237 1603 1261 re·
1625 1236 1661 1267 15

267 1286 536 1337 pugnantibus
571 1287 785 1337 Pomptino
826 1287 930 1325 illam
970 1295 1120 1337 partem
1160 1287 1305 1325 Amani
1344 1294 1512 1334 tenente,
1555 1302 1601 1326 ex

267 1354 504 1392 antelucano
535 1360 711 1403 tempore
742 1366 866 1402 usque
900 1353 952 1391 ad
980 1353 1115 1391 horam
1147 1351 1223 1390 diei
1249 1364 1276 1389 x
1305 1365 1445 1401 magna
1475 1352 1602 1390 multi-

267 1418 404 1457 tudine
426 1417 598 1456 hostium
613 1417 743 1456 occisa
764 1417 941 1468 cepimus
962 1419 1199 1467 castellaque
1215 1416 1251 1454 vi
1269 1425 1383 1467 capta
1398 1419 1601 1467 complura

184 1484 243 1533 (9)
266 1483 526 1522 incendimus.
590 1483 665 1521 His
687 1483 802 1521 rebus
824 1483 876 1520 ita
896 1482 1013 1531 gestis
1035 1491 1159 1521 castra
1181 1482 1218 1520 in
1241 1481 1437 1521 radicibus
1455 1482 1597 1520 Amani

266 1548 476 1587 habuimus
503 1549 610 1599 apud
635 1550 733 1586 Aras
755 1547 967 1586 Alexandri
995 1547 1260 1598 quadriduum
1289 1555 1327 1585 et
1356 1547 1395 1585 in
1426 1547 1597 1598 reliquiis
1620 1562 1659 1583 20

267 1614 410 1652 Amani
441 1613 622 1653 delendis
651 1613 832 1664 agrisque
861 1612 1070 1660 vastandis,
1100 1626 1200 1663 quae
1231 1626 1317 1663 pars
1343 1612 1425 1650 eius
1453 1612 1597 1651 montis

200 1693 244 1720 10
266 1692 376 1718 meae
397 1679 622 1730 provinciae
643 1687 711 1727 est,
736 1678 775 1717 id
798 1686 952 1728 tempus
974 1691 1093 1716 omne
1114 1677 1445 1727 consumpsimus.
1495 1678 1598 1717 Con-

264 1743 373 1783 fectis
405 1744 464 1782 his
485 1745 601 1783 rebus
622 1745 673 1783 ad
695 1743 887 1794 oppidum
916 1742 1289 1782 Eleutherocilicum
1318 1741 1595 1781 Pindenissum

262 1808 474 1848 exercitum
495 1809 653 1849 adduxi.
696 1810 817 1859 Quod
834 1822 924 1847 cum
947 1817 1048 1847 esset
1064 1807 1254 1847 altissimo
1275 1815 1313 1846 et
1334 1806 1595 1846 munitissimo

261 1876 350 1914 loco
369 1875 421 1913 ab
448 1874 574 1925 iisque
603 1874 837 1914 incoleretur
861 1874 928 1925 qui
959 1888 1008 1913 ne
1037 1873 1191 1932 regibus
1218 1873 1380 1924 quidem
1406 1885 1594 1923 umquam
1617 1885 1654 1918 ²5

261 1940 489 1990 paruissent,
527 1954 617 1977 cum
657 1949 695 1979 et
730 1940 911 1991 fugitivos
946 1938 1163 1989 reciperent
1195 1946 1233 1977 et
1266 1939 1496 1976 Parthorum
1529 1938 1595 1975 ad-

260 2014 419 2043 ventum
456 2005 643 2044 acerrime
683 2013 964 2055 exspectarent,
1000 2005 1051 2043 ad
1086 2003 1415 2042 existimationem
1455 2001 1592 2052 imperi

260 2071 452 2120 pertinere
473 2071 682 2110 arbitratus
710 2085 797 2109 sum
826 2070 1084 2121 comprimere
1113 2083 1248 2109 eorum
1270 2068 1487 2117 audaciam,
1511 2082 1591 2119 quo

260 2137 408 2174 facilius
440 2136 557 2175 etiam
581 2144 799 2175 ceterorum
824 2136 955 2182 animi,
980 2135 1046 2185 qui
1067 2135 1183 2174 alieni
1205 2142 1335 2174 essent
1355 2135 1406 2173 ab
1428 2133 1591 2184 imperio

259 2210 402 2249 nostro,
426 2203 702 2251 frangerentur.
744 2203 860 2240 Vallo
881 2209 918 2240 et
939 2202 1041 2239 fossa
1066 2199 1320 2248 circumdedi,
1336 2214 1402 2238 sex
1422 2198 1589 2238 castellis
1610 2211 1651 2242 30

257 2266 470 2317 castrisque
494 2266 671 2305 maximis
694 2265 831 2316 saepsi‚
854 2280 1004 2317 aggere,
1028 2265 1151 2311 viniis,
1176 2264 1344 2303 turribus
1365 2263 1589 2315 oppugnavi

305 2381 340 2409 ¹5
367 2368 655 2410 repugnantibus]
675 2379 743 2409 rep.
762 2369 915 2399 hostibus
935 2369 1053 2399 Orelli:
1080 2373 1311 2408 repugnantes
1331 2367 1448 2398 Lamb.
1550 2367 1589 2397 16

259 2415 386 2445 tenenti
417 2414 602 2445 Gronovius
739 2414 775 2443 18
799 2412 830 2442 vi
859 2411 1014 2451 Madvig:
1054 2422 1114 2442 sex
1141 2412 1229 2443 sodd.
1371 2422 1413 2442 20
1438 2410 1587 2449 reliquiis

257 2462 326 2488 vett.
342 2469 348 2487 ι
375 2457 514 2497 reliquis
531 2456 617 2488 codd.
636 2468 642 2486 :
669 2455 807 2495 reliquis
824 2456 907 2486 vicis
924 2455 1167 2485 llirsclzwct'lder
1296 2465 1335 2493 24
1361 2454 1485 2485 abduxi
1506 2455 1584 2486 coni.

259 2499 450 2541 lVescnberg
579 2510 617 2539 31
646 2500 745 2530 viniis
764 2499 823 2529 M:
849 2499 958 2529 vineis
974 2498 1086 2537 HDF,
1112 2499 1147 2537 cf
1169 2499 1198 2529 ii.
1221 2508 1268 2529 10.
1287 2509 1306 2538 3
