1791 2796
542 163 653 200 EPP.
686 162 764 199 AD
796 163 1142 201 FAMILIARES
1460 164 1527 201 IV.
1546 164 1593 201 iv

173 276 314 322 doleat,
339 274 505 313 scribere
526 275 658 321 audes,
678 288 749 313 nos
771 288 820 313 ne
840 274 880 313 id
902 274 1063 325 quidem
1085 282 1170 314 tuto
1192 289 1411 326 possumus,
1435 288 1509 315 nec

173 341 213 379 id
240 340 396 378 victoris
420 340 524 387 vitio,
552 353 631 390 quo
661 340 757 378 nihil
789 340 1042 388 moderatius,
1064 342 1133 380 sed
1164 341 1284 392 ipsius
1310 341 1505 389 victoriae,

173 419 273 456 quae
294 405 472 443 civilibus
494 405 606 443 bellis
627 419 780 456 semper
800 413 858 444 est
879 406 1062 444 insolens.

229 472 323 509 Uno
350 478 388 508 te
422 469 596 516 vicimus,
621 472 728 520 quod
759 472 810 509 de
842 471 1030 518 Marcelli,
1063 473 1250 522 conlegae
1285 472 1351 518 tui,
1385 474 1508 510 salute
1529 477 1552 514 3

135 553 151 584 5
172 537 291 586 paulo
320 542 410 574 ante
441 548 558 584 quam
590 543 631 573 tu
661 536 930 585 cognovimus,
960 536 1077 574 etiam
1109 550 1172 575 me
1199 538 1356 576 hercule
1386 539 1505 587 quod,

173 614 291 651 quem
323 601 380 639 ad
405 601 569 639 modurn
600 614 646 639 ea
674 614 733 639 res
763 609 949 651 ageretur,
982 601 1163 640 vidimus,
1226 603 1330 640 Nam
1361 602 1416 640 sic
1447 603 1508 640 sac

173 665 379 711 existimes,
413 674 501 715 post
533 666 602 703 has
638 665 821 711 miserias,
854 666 892 704 id
919 673 976 704 est
1004 674 1214 716 postquam
1239 667 1356 705 armis
1386 666 1509 705 disce-

172 731 270 782 ptari
285 739 469 781 coeptum
492 731 539 769 sit
560 733 609 770 de
630 732 711 770 iure
731 732 903 782 publico,
920 732 1016 770 nihil
1031 745 1116 770 esse
1136 740 1267 771 actum
1289 733 1395 771 aliud
1417 746 1506 771 cum

173 796 371 846 dignitate.
433 798 535 835 Nam
567 805 605 835 et
635 797 717 847 ipse
739 799 884 836 Caesar
912 805 1095 836 accusata
1125 798 1358 836 ‘acerbitate
1375 799 1383 815 '
1405 799 1508 836 Mar-

116 880 154 902 10
173 862 260 901 celli
283 862 354 912 (sic
382 863 486 901 enim
516 863 755 913 appellabat)
784 864 1022 913 laudataque
1046 864 1442 902 honorificentissime
1469 872 1506 902 et

172 927 368 977 aequitate
403 935 469 965 tua
503 935 540 965 et
571 928 779 977 prudentia
809 936 969 978 repente
1001 936 1152 978 praeter
1186 942 1295 979 spem
1335 928 1431 967 dixit
1466 942 1507 967 se

172 991 323 1030 senatui
349 989 498 1042 roganti
524 993 573 1030 de
597 993 786 1031 Marcello
816 1007 866 1031 ne
894 993 1036 1031 ominis
1067 993 1228 1043 quidem
1253 1007 1369 1032 causa
1395 1007 1507 1043 nega-

171 1063 311 1095 turum.
375 1059 534 1095 Fecerat
563 1065 694 1096 autem
725 1059 801 1096 hoc
833 1066 1001 1105 senatus,
1034 1066 1086 1105 ut,
1119 1072 1208 1097 cum
1239 1072 1262 1097 a
1289 1060 1331 1096 L.
1364 1058 1507 1098 Pisone

173 1122 321 1160 mentio
361 1131 461 1161 esset
501 1124 601 1161 facta
640 1124 689 1161 de
730 1124 785 1161 M.
830 1125 1019 1162 Marcello
1054 1132 1091 1162 et
1132 1125 1175 1163 C.
1215 1125 1426 1163 Marcellus
1466 1139 1506 1163 se

116 1204 152 1237 15
171 1189 221 1226 ad
252 1188 429 1227 Caesaris
468 1189 590 1238 pedes
627 1188 844 1235 abiecisset,
887 1196 1051 1227 cunctus
1091 1197 1340 1239 consurgeret
1379 1197 1417 1228 et
1455 1191 1505 1228 ad

173 1254 381 1291 Caesarem
413 1255 577 1304 supplex
605 1253 838 1292 accederet(
881 1253 974 1292 Noli
995 1267 1204 1304 quaerere3
1235 1254 1287 1292 ita
1309 1254 1404 1292 mihi
1425 1256 1506 1305 pul-

173 1319 264 1356 cher
294 1318 357 1356 hic
387 1318 470 1357 dies
491 1319 594 1357 visus
624 1326 691 1366 est,
722 1327 764 1357 ut
794 1319 964 1370 speciem
995 1319 1167 1370 aliquam
1197 1320 1348 1358 viderer
1374 1320 1506 1359 videre

172 1384 282 1434 quasi
314 1385 577 1424 reviviscentis
607 1384 660 1423 rei
690 1385 881 1435 publicae.
943 1386 1094 1436 Itaque,
1126 1399 1216 1424 cum
1247 1399 1385 1425 omnes
1414 1394 1506 1425 ante
1524 1394 1550 1431 4

173 1463 236 1488 me
271 1450 392 1500 rogati
431 1450 571 1500 gratias
606 1450 763 1489 Caesari
802 1450 971 1500 egissent
1010 1458 1161 1502 praeter
1192 1452 1424 1491 Volcacium
1458 1453 1505 1503 (is

115 1530 154 1552 20
173 1514 288 1562 enim,
327 1515 357 1553 si
397 1528 444 1554 eo
483 1517 571 1554 loco
609 1523 721 1563 esset,
759 1515 913 1565 negavit
947 1529 988 1554 se
1022 1518 1214 1555 facturum
1248 1516 1396 1568 fuisse),
1433 1532 1505 1568 ego

172 1588 327 1630 rogatus
367 1581 514 1619 mutavi
556 1594 688 1620 meum
731 1581 950 1620 consilium.
1031 1583 1133 1620 Nam
1174 1590 1383 1621 statueram
1424 1597 1504 1622 non

172 1659 235 1683 me
256 1647 413 1685 hercule
434 1646 580 1693 inertia,
605 1648 674 1685 sed
695 1645 890 1685 desiderio
918 1647 1103 1697 pristinae
1130 1647 1329 1698 dignitatis
1357 1648 1396 1686 in
1424 1662 1505 1699 per-

172 1719 334 1761 petuum
375 1719 512 1750 tacere.
575 1711 702 1761 Fregit
741 1713 816 1750 hoc
851 1726 983 1750 meum
1016 1713 1224 1751 consilium
1257 1721 1294 1752 et
1327 1714 1504 1753 Caesaris

174 1777 403 1827 magnitudo
423 1777 543 1816 animi
565 1785 602 1816 et
624 1785 780 1815 senatus
797 1777 993 1825 officium5
1029 1778 1159 1827 itaque
1180 1779 1356 1828 pluribus
1376 1780 1504 1818 verbis

115 1857 152 1887 25
173 1842 232 1892 egi
255 1843 410 1882 Caesari
434 1843 584 1893 'gratiaS‚
608 1856 751 1893 meque
779 1851 913 1881 metuo
943 1857 992 1882 ne
1019 1843 1135 1881 etiam
1164 1844 1203 1882 in
1229 1845 1367 1887 ¹ceteris
1388 1846 1503 1884 rebus

173 1909 340 1946 honesto
370 1908 450 1946 otio
480 1909 672 1958 privarim‚
696 1909 804 1958 quod
834 1916 914 1946 erat
944 1922 1066 1946 unum
1097 1909 1286 1948 solacium
1314 1910 1352 1948 in
1378 1911 1499 1950 malis.

173 1974 251 2011 Sed
283 1981 424 2019 tamen,
458 1974 645 2023 quoniam
676 1974 791 2023 effugi
827 1973 909 2011 cius
941 1974 1210 2021 offensionem,
1244 1975 1310 2025 qui
1340 1977 1502 2015 fortasse

172 2038 418 2077 arbitraretur
439 2052 501 2077 me
528 2040 630 2078 hanc
657 2053 737 2078 rem
763 2039 961 2090 publicam
987 2052 1067 2077 non
1092 2048 1237 2090 putare,
1262 2041 1292 2079 si
1313 2049 1502 2092 perpetuo

173 2111 351 2151 tacerem,
377 2105 532 2143 modice
559 2106 635 2144 hoc
662 2105 801 2143 faciam
829 2113 895 2144 aut
923 2105 1040 2144 etiam
1068 2105 1167 2144 intra
1198 2107 1372 2153 modum,
1396 2115 1437 2146 ut
1465 2116 1502 2146 et

115 2181 156 2212 30
174 2168 274 2207 illius
295 2170 485 2208 voluntati
513 2178 550 2208 et
578 2170 674 2209 meis
704 2170 841 2209 studiis
866 2171 1041 2210 serviam.
1102 2172 1217 2218 Nam,
1241 2171 1312 2210 etsi
1336 2186 1358 2210 a
1378 2173 1503 2222 prima

172 2241 299 2273 aetate
323 2248 386 2273 me
412 2235 541 2273 omnis
564 2249 624 2274 ars
654 2243 691 2274 et
721 2236 900 2274 doctrina
929 2236 1096 2275 liberalis
1127 2245 1164 2275 et
1192 2237 1360 2276 maxime
1379 2237 1502 2288 philo-

216 2348 236 2377 3
259 2338 360 2379 quae]
379 2348 466 2377 quae
483 2339 516 2369 in
535 2339 619 2370 Boot
705 2351 722 2379 4
748 2341 911 2371 vincimus
929 2341 1058 2371 Emesa
1157 2352 1174 2381 7
1199 2343 1299 2372 armis
1317 2341 1372 2372 M:
1398 2342 1502 2372 armis

172 2381 323 2413 civilibus
342 2381 405 2413 GR
560 2385 580 2414 8
604 2383 644 2414 sit
662 2384 770 2415 codd.:
798 2388 848 2414 est
871 2382 1058 2425 lVescnbetg
1187 2396 1225 2415 12
1249 2385 1371 2415 ominis
1389 2383 1477 2415 RM¹⁸
1493 2396 1500 2415 :

174 2425 306 2456 ominus
323 2425 382 2457 M:
407 2426 550 2457 hominis
571 2427 598 2457 G
702 2438 737 2465 14
763 2428 798 2458 C.
820 2427 954 2458 Baiter:
981 2439 1055 2459 cum
1073 2427 1158 2460 codd.
1178 2440 1184 2458 :
1210 2439 1284 2458 cum
1302 2429 1339 2460 C.
1360 2428 1458 2459 Klotz
