1791 2796
544 143 656 180 EPP.
691 142 769 178 Al)
799 139 1146 178 FAMILIARES
1463 140 1532 177 IX.
1552 139 1628 176 xxi

181 251 226 290 iis
265 251 511 303 improbius?
580 253 641 289 De
674 251 750 289 hoc
781 249 910 288 amico
945 263 1047 295 meo,
1080 249 1254 288 Rubriae
1289 249 1380 295 filio,
1416 248 1511 288 nihil

181 316 281 355 dico.
360 318 456 355 Tres
496 315 547 353 illi
588 317 721 354 fratres
760 316 926 360 fuerunt,
969 315 1028 355 C.,
1068 315 1154 360 Cn.‚
1198 316 1252 352 M.
1295 314 1509 353 Carbones.

184 383 341 419 Marcus
374 383 412 418 P.
445 382 586 418 Flacco
614 387 824 418 accusante
854 379 1155 425 condemnatus,
1176 379 1235 416 fur
1265 391 1439 428 magnus,
1466 392 1512 416 ex

182 445 336 493 Siciliam
381 445 502 483 Gaius
535 452 746 483 accusante
777 445 818 481 L.
847 445 990 483 Crasso
1022 443 1270 482 cantharidas
1300 443 1513 494 sumpsisse

145 523 162 554 5
182 510 332 549 dicitur.
394 512 432 549 Is
457 518 494 548 et
522 518 564 548 tr.
587 511 637 559 pl.
661 508 868 547 seditiosus
896 516 934 546 et
963 510 1003 545 P.
1027 507 1213 546 Africano
1234 508 1312 546 vim
1339 508 1513 547 attulisse

182 575 422 614 existimatus
452 583 520 614 est.
582 577 673 613 Hoc
694 588 796 621 vero,
827 573 893 624 qui
916 573 1090 624 Lilybaei
1115 587 1138 612 a
1166 573 1356 624 Pompeio
1380 582 1515 613 nostro

182 649 239 679 est
260 641 496 688 interfectus,
512 639 726 690 improbior
747 653 865 678 nemo
886 653 976 677 meo
997 638 1142 678 iudicio
1158 638 1240 677 fuit.
1301 641 1385 677 Iam
1407 647 1516 690 pater

183 708 264 744 eius
298 714 514 744 accusatus*
534 720 556 743 a
590 707 645 743 M.
675 704 852 743 Antonio
884 704 1030 743 sutorio
1061 712 1280 743 atramento
1311 705 1514 743 absolutus

184 779 349 821 putatur.
411 773 559 820 Quare
583 772 633 809 ad
665 778 793 820 patres
821 783 964 809 censeo
985 777 1199 817 revertare5
1227 768 1370 820 plebeii
1395 783 1514 820 quam

125 850 164 871 10
184 835 325 875 fuerint
346 835 559 887 importuni
580 835 699 874 vides.

227 1000 362 1035 XXII
453 1004 614 1043 Scizsorl.
635 1004 668 1033 ιἰι
691 1003 875 1034 Tusculano
893 1014 936 1034 m.
958 1003 1032 1035 Ilm.
1055 1008 1113 1034 atel
1131 1003 1243 1043 Quint.

741 1069 770 1088 ‹1-
794 1068 851 1098 700
872 1058 953 1098 (45)-

669 1139 843 1171 CICERO
869 1139 1029 1171 PAETO.

240 1226 344 1262 Amo
365 1223 641 1262 verecundiam
665 1225 747 1263 †vel
780 1223 909 1273 potius
940 1223 1159 1261 libertatem
1190 1222 1389 1273 loquendi.
1451 1224 1516 1260 At-
1538 1229 1554 1256 Ι

129 1303 164 1333 15
185 1289 251 1339 qui
301 1291 375 1327 hoc
411 1288 559 1327 Zenoni
591 1288 747 1338 placuit,
790 1287 939 1326 homini
981 1302 1042 1326 me
1073 1289 1229 1326 hercule
1276 1296 1404 1334 acuto,
1446 1287 1517 1326 etsi

187 1353 425 1393 Academiae
456 1362 611 1392 nostrae
643 1367 733 1392 cum
767 1367 814 1391 eo
844 1367 984 1403 magna
1010 1353 1088 1391 rixa
1115 1354 1310 1399 est-sed,
1343 1361 1384 1390 ut
1414 1352 1514 1398 dico,

186 1421 312 1470 placet
348 1418 487 1457 Stoicis
528 1433 599 1457 suo
639 1432 838 1469 quamque
874 1432 955 1457 rem
995 1418 1155 1457 nomine
1189 1420 1394 1469 appellare.
1455 1417 1518 1456 Sic

186 1484 290 1523 enim
331 1484 536 1531 disserunt,
574 1483 669 1521 nihil
709 1498 793 1522 esse
832 1484 1061 1530 obscenum,
1103 1483 1198 1521 nibil
1238 1491 1348 1533 turpe
1387 1482 1519 1527 dictu3

188 1564 278 1588 nam
309 1549 338 1588 si
368 1551 475 1600 quod
503 1549 551 1587 sit
579 1549 617 1587 in
643 1549 886 1588 obscenitate
914 1549 1113 1599 flagitium,
1143 1548 1182 1587 id
1209 1557 1275 1587 aut
1302 1548 1341 1586 in
1369 1563 1408 1587 re
1435 1562 1519 1586 esse

130 1629 169 1650 20
187 1624 254 1654 aut
275 1615 313 1653 in
331 1616 450 1654 verbo
466 1630 475 1663 3
506 1614 602 1652 nihil
621 1629 704 1653 esse
723 1614 889 1653 tertium.
945 1616 991 1652 In
1009 1628 1048 1652 re
1062 1628 1141 1652 non
1160 1622 1227 1653 est.
1281 1615 1420 1663 Itaque
1437 1627 1516 1652 non

188 1682 309 1720 modo
330 1680 369 1719 in
391 1680 606 1719 comoediis
629 1694 687 1719 res
710 1680 793 1730 ipsa
813 1688 987 1718 narratur
1008 1681 1066 1728 (ut
1087 1679 1150 1718 ille
1172 1678 1210 1716 in
1234 1678 1472 1728 Demiurgo:

539 1749 547 1765 ‘
566 1747 693 1784 Modo
724 1747 896 1784 forte—⁷

186 1811 300 1849 Nosti
322 1811 519 1850 canticum
538 1826 546 1859 ς
578 1810 788 1850 meministi
812 1810 999 1849 Roscium
1020 1826 1026 1848 :

536 1879 622 1914 ‘Ita
651 1878 713 1915 me
741 1875 915 1914 destituit
948 1876 1140 1913 nudumw

129 1953 166 1983 25
186 1944 310 1980 Totus
332 1950 389 1980 est
410 1956 537 1981 sermo
559 1942 685 1980 verbis
708 1949 844 1988 tectus,
869 1954 908 1979 re
931 1939 1224 1991 impudentior),
1249 1940 1317 1979 sed
1339 1939 1454 1978 etiam
1477 1939 1515 1979 in

186 2007 404 2057 tragoediis.
465 2007 572 2056 Quid
594 2015 651 2045 est
673 2006 776 2046 enim
799 2006 919 2045 illud:

538 2076 545 2091 ‘
561 2074 673 2121 (Quae
704 2071 841 2110 mulier
870 2086 999 2109 unav
1016 2073 1023 2088 ’

1168 1876 1175 1891 ²
1222 1885 1225 1886 γ

186 2136 292 2186 quid,
317 2136 487 2187 inquam,
513 2145 593 2176 cst:

538 2191 731 2258 ‘Usurpat
760 2202 905 2252 duplex
936 2202 1117 2241 cubile'?

127 2280 168 2310 30
187 2266 281 2317 quid
296 2269 312 2305 Ρ

235 2382 271 2409 14
296 2370 365 2411 vel]
385 2376 418 2401 tu
438 2371 604 2402 Rulilt'ns:
630 2376 663 2402 tu
698 2372 972 2401 inverecundiam
1005 2371 1057 2401 vel
1091 2370 1203 2401 conieci
1337 2368 1516 2410 loquendi]

188 2414 346 2454 loquendi
365 2416 418 2446 odi
438 2414 610 2445 Lelmnum
743 2414 844 2454 Atqui
864 2415 921 2445 M:
947 2419 1047 2453 atque
1063 2414 1137 2444 HD
