1791 2796
151 154 238 193 XV,
258 162 287 189 x
605 147 661 185 M.
693 147 863 185 TVLLI
895 146 1203 185 CICERONIS

240 260 428 310 quoniam
459 273 550 310 ergo
580 258 632 297 ita
660 258 814 305 accidit,
844 267 886 297 ut
913 259 1091 298 omnium
1121 266 1293 298 vestrum
1323 259 1454 299 studio
1484 267 1573 298 tuus

240 327 467 364 consulatus
506 325 598 364 satis
633 327 760 364 facere
794 333 937 376 posset,
975 325 1014 363 in
1050 339 1168 376 quem
1203 339 1315 366 meae
1349 339 1409 365 res
1441 333 1574 377 gestae

240 393 404 442 lausque
424 398 462 430 et
483 393 611 430 honos
632 404 765 430 earum
790 390 1041 441 potissimum
1063 391 1263 439 incideret,
1287 399 1380 442 peto
1409 405 1432 430 a
1461 399 1509 438 te,
1533 391 1573 431 id

241 458 350 507 quod
367 457 598 496 facillimum
617 458 721 495 factu
739 464 796 495 cst
818 470 899 495 non
914 464 1158 507 aspernante,
1176 464 1218 495 ut
1234 458 1404 504 confido,
1421 465 1571 504 senatu,

242 530 285 561 ut
305 536 424 573 quam
450 521 848 561 honorificentissime
876 530 1035 560 senatus
1060 523 1285 561 consultum
1313 522 1448 561 litteris
1475 522 1573 562 meis
1591 536 1609 569 5

199 588 411 628 2recitatis
450 588 675 626 faciendum
715 601 835 626 cures.
908 587 947 626 Si
988 587 1084 625 mihi
1127 595 1258 627 tecum
1304 587 1433 626 minus
1472 596 1574 628 esset

241 667 361 703 quarn
382 660 441 692 est
461 667 551 692 cum
573 653 649 691 tuis
670 652 866 699 omnibus,
894 653 1117 703 adlegarem
1138 654 1189 692 ad
1217 660 1254 692 te
1281 652 1368 692 illos
1388 667 1410 692 a
1430 653 1574 704 quibus

240 718 432 769 intellegis
463 733 526 758 me
554 718 764 769 praecipue
795 718 914 769 diligi.
975 718 1099 757 Patris
1134 718 1190 757 tui
1221 719 1411 758 beneficia
1440 719 1480 757 in
1511 733 1574 758 me

239 792 331 823 sunt
364 784 629 834 amplissima;
670 798 800 835 neque
835 784 940 823 enim
974 784 1088 823 saluti
1125 798 1236 823 meae
1272 798 1401 834 neque
1432 784 1573 823 honori

238 850 401 889 amicior
422 850 631 900 quisquam
653 850 730 889 dici
759 858 916 901 potest3
946 851 1061 889 frater
1088 857 1178 888 tuus
1206 850 1342 900 quanti
1370 864 1433 889 me
1457 850 1573 889 faciat
1594 863 1633 886 10

239 929 473 966 semperque
520 915 654 955 fecerit
701 930 786 955 esse
835 915 1036 955 hominem
1088 915 1155 966 qui
1207 916 1358 966 ignoret
1409 915 1573 954 arbitror

240 982 465 1029 neminem;
505 983 648 1021 domus
683 990 750 1020 tua
783 981 956 1032 denique
991 989 1073 1020 tota
1106 995 1168 1020 me
1200 994 1354 1031 semper
1387 981 1572 1020 omnibus

240 1047 403 1086 summis
434 1047 570 1086 officiis
599 1056 806 1098 prosecuta
840 1055 922 1094 est3
962 1061 1092 1097 neque
1123 1060 1215 1085 vero
1247 1054 1288 1084 tu
1322 1046 1362 1084 in
1394 1060 1456 1086 me
1490 1047 1574 1086 dili-

239 1114 370 1163 gendo
400 1113 584 1163 cuiquam
617 1112 845 1151 concessisti
875 1120 1042 1151 tuorum.
1105 1113 1195 1161 Qua
1225 1126 1264 1150 re
1293 1125 1316 1150 a
1346 1120 1383 1151 te
1412 1120 1504 1162 peto
1533 1113 1572 1151 in

240 1178 428 1217 maiorem
461 1179 625 1216 modum
661 1186 703 1216 ut
736 1192 798 1216 me
830 1191 898 1228 per
929 1185 967 1216 te
1001 1190 1120 1226 quam
1152 1176 1443 1215 ornatissimum
1478 1177 1572 1216 velis
1595 1189 1630 1221 15

240 1258 324 1283 esse
346 1257 555 1294 meamque
583 1251 620 1282 et
648 1243 687 1281 in
714 1242 1002 1293 supplicatione
1029 1243 1281 1281 decernenda
1303 1250 1341 1281 et
1368 1242 1408 1280 in
1435 1243 1572 1282 ceteris

240 1311 356 1349 rebus
377 1309 706 1349 existimationem
728 1308 824 1347 satis
841 1308 911 1347 tibi
933 1322 1017 1347 esse
1039 1309 1360 1347 commendatam
1381 1316 1504 1358 putes,

283 1474 349 1510 XI
575 1475 644 1508 Ser.
666 1475 776 1507 eodem
795 1475 860 1506 loco
876 1480 905 1506 et
920 1479 1016 1516 temp.
1039 1487 1101 1516 quo
1118 1480 1164 1515 ep.
1186 1476 1227 1507 vi.

414 1554 458 1585 M.
489 1553 665 1585 CICERO
693 1553 784 1586 IMP.
814 1553 848 1584 S.
879 1553 919 1585 D.
947 1553 982 1585 C.
1012 1553 1268 1585 MARCELLO
1294 1553 1392 1586 COS.

202 1648 218 1674 1
292 1636 476 1684 Quantae
514 1647 629 1671 curae
664 1631 734 1671 tibi
770 1645 886 1670 meus·
919 1633 1047 1670 honos
1082 1632 1196 1671 fuerit
1234 1640 1272 1671 et
1311 1646 1429 1683 quam
1465 1632 1570 1672 idem
1593 1649 1632 1671 20

237 1699 427 1739 exstiteris
448 1700 586 1737 consul
614 1698 654 1735 in
682 1711 744 1736 me
770 1698 949 1736 ornando
974 1705 1013 1736 et
1041 1697 1332 1748 amplificando,
1357 1698 1423 1748 qui
1445 1700 1572 1737 fueras

238 1780 393 1817 semper
413 1779 502 1804 cum
525 1764 752 1814 parentibus
778 1763 853 1802 tuis
878 1772 916 1802 et
941 1778 1031 1802 curn
1055 1772 1136 1802 tota
1158 1766 1290 1811 domo,
1315 1764 1386 1803 etsi
1409 1778 1467 1803 res
1488 1764 1573 1814 ipsa

238 1832 483 1882 loquebatur,
525 1829 690 1881 cognovi
731 1838 862 1868 tamen
902 1844 949 1868 ex
988 1843 1166 1869 meorum
1206 1830 1385 1869 omnium
1424 1830 1569 1869 litteris.

242 1900 381 1948 Itaque
409 1897 505 1935 nihil
530 1904 588 1935 est
615 1903 779 1942 tantum,
812 1897 921 1945 quod
949 1910 1022 1946 ego
1053 1910 1133 1937 non
1162 1904 1228 1934 tua
1254 1909 1372 1935 causa
1401 1896 1569 1934 debeam

197 1973 222 2000 2
241 1964 491 2012 facturusque
521 1961 592 1999 sim
624 1965 745 2003 †cum
779 1960 953 1999 studiose
985 1975 1030 1999 ac
1067 1961 1242 1999 libenter.
1305 1962 1408 1999 Nam
1440 1959 1569 2009 magni
1593 1975 1630 2006 ²5

240 2030 399 2068 interest
426 2028 487 2067 cui
516 2030 672 2075 debeas,
697 2029 842 2068 debere
872 2035 1004 2067 autem
1037 2027 1183 2066 nemini
1207 2026 1324 2065 malui
1347 2040 1465 2077 quam
1487 2026 1569 2073 tibi,

239 2095 300 2133 cui
337 2108 400 2132 mc
434 2108 523 2132 cum
557 2095 686 2133 studia
718 2093 956 2139 communia,
996 2093 1188 2132 beneficia
1227 2101 1388 2143 paterna
1427 2099 1572 2141 tuaque

241 2161 316 2198 iam
347 2169 436 2198 ante
467 2160 760 2207 coniunxerant,
786 2168 867 2198 tum
896 2159 1049 2198 accedit
1078 2173 1165 2197 mea
1192 2158 1353 2209 quidem
1379 2157 1572 2196 sententia

242 2226 453 2264 maximum
486 2226 698 2272 vinculum,
731 2227 839 2276 quod
870 2226 922 2264 ita
953 2239 1031 2264 rem
1064 2238 1098 2275 p.
1131 2224 1230 2274 geris
1260 2232 1378 2273 atque
1406 2222 1568 2273 gessisti,

241 2306 319 2343 qua
358 2292 452 2330 mibi
488 2292 612 2331 carius
645 2292 740 2329 nihil
776 2300 843 2337 cst,
882 2299 934 2338 ut,
971 2298 1163 2341 quantum
1199 2289 1268 2328 tibi
1304 2302 1442 2328 omnes
1477 2288 1570 2327 boni
1593 2300 1632 2330 30

286 2409 305 2437 5
331 2398 706 2429 honorificentissimum
726 2401 796 2428 vrrs.
935 2407 975 2435 25
1001 2407 1074 2426 cum
1094 2396 1247 2426 studiose
1265 2400 1333 2425 tum
1350 2397 1420 2426 vell.
1439 2405 1445 2424 τ
1471 2404 1568 2432 quarn

242 2443 391 2473 studiose
410 2454 447 2473 nc
465 2442 591 2472 Hand:
617 2442 767 2472 studiose
785 2451 823 2471 ac
842 2443 922 2477 (om.
942 2442 1035 2480 cum]
1055 2440 1156 2470 Orelli
