1791 2796
148 551 164 583 5

127 877 164 899 10

128 1530 167 1552 20

127 2181 165 2210 30

550 165 662 202 EPP.
696 165 772 201 AD
805 164 1152 202 FAMILIARES
1466 163 1592 201 111.x

185 276 378 316 sacerdoti
413 276 636 327 collegium,
669 257 727 314 in·
747 288 827 326 quo
866 289 947 314 non
979 276 1101 315 modo
1135 274 1348 314 amicitiam
1381 274 1516 314 violari

183 342 291 392 apud
323 341 487 380 maiores
520 349 673 380 nostros
707 342 762 379 fas
791 354 871 379 non
898 348 991 389 erat,
1013 342 1083 380 sed
1108 354 1157 380 ne
1181 340 1331 391 coptari
1353 340 1514 391 quidem

185 408 429 446 sacerdotem
451 407 607 455 licebat,
628 406 695 457 qui
716 406 900 456 cuiquam
925 420 971 445 ex
992 406 1157 457 collegio
1179 413 1281 445 esset
1302 405 1515 444 inimicus?

185 474 298 521 Quae
320 480 360 511 ut
381 472 560 510 omittam
582 480 660 510 tam
683 474 805 510 multa
825 480 943 521 atque
960 479 1079 519 tanta,
1096 471 1183 521 quis
1206 485 1395 521 umquam
1417 471 1513 509 tanti

184 551 424 588 quemquam
445 538 536 577 fecit
555 545 622 576 aut
643 539 769 576 facere
790 537 917 588 potuit
937 544 1004 575 aut
1025 536 1163 576 debuit
1184 536 1321 587 quanti
1344 550 1416 586 ego
1439 538 1511 576 Cn.

188 603 436 654 Pompeium,
461 616 640 641 socerum
668 611 757 641 tuae
785 602 916 641 filiae?
973 602 1130 640 Etenim
1162 602 1193 640 si
1215 602 1351 640 merita
1371 603 1514 649 valent,

185 668 363 719 patriam,
397 668 553 716 liberos,
588 669 766 715 salutem,
799 667 1042 717 dignitatem,
1075 675 1220 706 memet
1255 667 1382 717 ipsum
1419 667 1514 706 mibi

186 747 254 783 per
274 733 383 771 illum
410 733 631 772 restitutum
660 742 769 783 puto.
790 733 821 771 si
842 732 1139 771 consuetudinis
1160 732 1397 779 iucunditas,
1413 745 1514 782 quae

186 798 256 836 suit
277 812 465 849 umquam
485 798 655 837 amicitia
676 798 940 836 consularium
957 798 995 835 in
1014 805 1146 836 nostra
1162 797 1317 836 civitate
1331 797 1515 836 coniunc-

184 864 286 902 tior?
328 864 359 902 si
390 863 452 901 illa
484 863 626 902 amoris
658 871 776 914 atque
808 862 910 901 offici
942 862 1064 912 signa,
1094 862 1191 912 quid
1222 862 1318 900 mihi
1345 862 1408 900 ille
1433 876 1514 901 non

184 928 393 977 commisit,
427 928 523 979 quid
557 942 637 966 non
669 941 825 967 mecum
858 927 1178 975 communicavit,
1209 927 1306 977 quid
1330 928 1380 966 de
1405 941 1445 966 se
1473 928 1512 965 in

184 1002 335 1042 senatu,
355 1007 445 1032 cum
466 989 549 1043 ipse
568 995 736 1041 abesset,
757 1007 825 1044 per
845 1006 1086 1043 quemquam
1113 994 1175 1043 agi
1200 993 1349 1040 maluit,
1370 993 1513 1043 quibus

184 1060 248 1098 ille
287 1073 349 1098 me
386 1059 502 1097 rebus
540 1072 620 1097 non
655 1058 945 1112 ornatissimum
984 1058 1106 1096 voluit
1144 1057 1398 1109 amplissime,
1437 1071 1514 1108 qua

184 1124 356 1176 denique
387 1124 450 1163 ille
481 1124 677 1172 facilitate,
712 1137 790 1174 qua
822 1123 1065 1162 humanitate
1097 1124 1184 1162 tulit
1216 1123 1514 1162 contentionem

147 1204 163 1234 5
185 1203 312 1228 meam
344 1203 414 1240 pro
449 1190 601 1228 Milone
634 1191 907 1228 adversantem
940 1189 1137 1227 interdum
1169 1188 1391 1228 actionibus
1421 1189 1513 1235 suis,

184 1269 263 1305 quo
284 1255 414 1293 studio
434 1255 615 1306 providit,
636 1269 685 1294 ne
706 1269 807 1306 quae
822 1268 884 1293 me
905 1254 1005 1292 illius
1027 1254 1214 1304 temporis
1235 1254 1382 1293 invidia
1401 1254 1513 1293 attin-

183 1328 302 1371 geret,
323 1334 413 1358 cum
435 1334 498 1359 me
518 1320 696 1369 consilio,
714 1334 804 1359 cum
825 1320 1069 1367 auctoritate,
1090 1333 1181 1358 cum
1201 1319 1318 1357 armis
1340 1319 1512 1369 denique

184 1386 278 1425 texit
305 1387 412 1424 suis?
461 1385 615 1435 Quibus
637 1386 798 1437 quidem
821 1385 1064 1436 temporibus
1086 1386 1184 1423 haec
1205 1385 1244 1422 in
1265 1398 1313 1423 eo
1333 1385 1509 1435 gravitas,

185 1452 284 1490 haec
316 1450 437 1489 animi
470 1451 636 1490 altitudo
668 1450 750 1499 fuit,
788 1464 868 1490 non
904 1451 1026 1489 modo
1056 1458 1098 1489 ut
1129 1450 1271 1501 Phrygi
1299 1449 1415 1488 alicui
1445 1458 1511 1489 aut

187 1517 371 1567 Lycaoni,
390 1518 497 1567 quod
518 1524 559 1555 tu
580 1516 619 1555 in
636 1517 770 1567 legatis
787 1516 923 1563 fecisti,
939 1518 1008 1555 sed
1025 1529 1074 1555 ne
1089 1529 1333 1554 summorum
1347 1515 1509 1566 quidem

185 1582 391 1621 hominum
423 1581 622 1621 malevolis
661 1583 712 1621 de
751 1596 814 1620 me
852 1581 1099 1620 sermonibus
1132 1582 1317 1620 crederet.
1379 1580 1510 1619 Huius

184 1647 298 1698 igitur
318 1647 420 1686 filius
441 1661 531 1687 cum
560 1647 608 1686 sit
634 1661 752 1698 gener
779 1655 881 1694 tuus,
909 1660 1091 1697 cumque,
1114 1654 1267 1697 praeter
1294 1648 1396 1684 hanc
1421 1660 1511 1684 con-

183 1713 424 1752 iunctionem
445 1713 658 1752 adfinitatis
679 1726 796 1763 quam
818 1712 868 1750 sis
890 1713 962 1751 Cn.
981 1712 1171 1762 Pompeio
1188 1725 1298 1749 carus
1313 1725 1511 1761 quamque

184 1778 389 1826 iucundus,
413 1779 647 1829 intellegam,
670 1792 749 1828 quo
770 1778 930 1816 tandem
951 1777 1084 1815 animo
1114 1776 1153 1814 in
1181 1784 1218 1814 te
1243 1789 1327 1814 esse
1354 1776 1511 1814 debeo?

186 1857 276 1882 cum
297 1844 522 1894 praesertim
540 1858 605 1882 eas
626 1845 676 1882 ad
699 1857 761 1881 me
781 1843 926 1881 litteras
948 1842 978 1879 is
1000 1841 1159 1889 miserit,
1173 1842 1327 1890 quibus,
1345 1840 1461 1879 etiam
1480 1841 1509 1878 si

185 1908 265 1954 tibi,
307 1908 367 1946 cui
408 1922 494 1946 sum
533 1907 804 1954 amicissimus,
839 1907 961 1945 hostis
1001 1920 1140 1953 essem,
1175 1907 1347 1955 placarer
1378 1913 1509 1943 tamen

185 1981 391 2023 totumque
432 1987 494 2011 me
532 1975 583 2011 ad
622 1973 704 2012 eius
738 1973 806 2010 viri
846 1973 897 2010 ita
929 1973 979 2010 de
1012 1985 1074 2010 me
1109 1971 1235 2009 meriti
1266 1972 1509 2009 voluntatem

184 2045 404 2088 nutumque
434 2046 711 2077 converterem.

238 2104 316 2141 Sed
346 2104 443 2141 haec
475 2104 664 2142 hactenus
680 2118 688 2149 ;
718 2103 893 2152 pluribus
921 2102 1025 2141 enim
1047 2102 1165 2140 etiam
1186 2103 1348 2139 fortasse
1369 2100 1507 2147 verbis,

185 2181 302 2218 quam
343 2182 504 2207 necesse
543 2168 624 2215 fuit,
667 2168 809 2218 scripta
848 2176 947 2206 sunt.
1009 2168 1127 2205 Nunc
1166 2180 1224 2213 ea,
1257 2179 1358 2216 quae
1391 2180 1413 2203 a
1449 2179 1510 2203 me

185 2235 357 2283 profecta
378 2247 558 2283 quaeque
576 2234 753 2271 instituta
775 2241 874 2280 sunt,
895 2245 1100 2282 cognosce.
1135 2263 1142 2270 .
1177 2263 1184 2270 .
1219 2263 1227 2270 .
1262 2233 1393 2280 Atque
1414 2232 1510 2268 haec

229 2335 248 2354 2
274 2335 317 2355 ne
348 2325 475 2364 coptari
508 2324 728 2356 Lachmann:
770 2334 832 2354 nec
863 2324 972 2363 optari
1004 2323 1117 2354 codd:
1158 2334 1200 2353 ne
1234 2324 1386 2362 cooptari
1420 2323 1506 2362 vulg.

190 2378 227 2410 13
250 2368 516 2409 ornatissimum]
539 2374 696 2399 ornatum
719 2379 794 2399 esse
814 2368 932 2398 Orelli:
965 2372 1120 2397 ornatum
1144 2367 1228 2397 Crat.
1390 2375 1426 2404 15
1451 2367 1509 2395 ad-

186 2416 377 2442 versantem
402 2411 472 2442 MG
492 2412 603 2452 vulg:
644 2413 846 2442 adversante
872 2410 904 2440 R
1079 2421 1121 2449 30
1144 2421 1162 2440 a
1188 2420 1240 2439 me
1264 2409 1318 2439 R:
1356 2413 1435 2439 ante
1462 2409 1508 2441 G:

188 2465 240 2484 me
258 2454 297 2484 M
425 2466 464 2494 31
492 2456 640 2495 perfecta
658 2456 745 2496 vulg.
837 2459 916 2484 sunt
935 2453 1017 2483 GR:
1043 2454 1110 2483 sint
1127 2453 1168 2482 M

231 2508 290 2529 cic.
311 2509 356 2528 An
374 2508 455 2530 FAM.
1390 2497 1408 2525 6

1534 485 1580 513 10

1530 2108 1566 2134 11
