1791 2796
530 140 640 177 EPP.
674 140 751 175 Al)
784 139 1132 175 FAMILIARES
1436 137 1489 173 ΙΙ.
1514 137 1593 171 xix

164 251 335 289 adventu
360 258 427 289 tuo
453 250 695 297 scriberetur,
719 250 879 288 verebar
901 263 950 287 ne
978 247 1030 286 ita
1051 249 1222 294 caderet,
1242 247 1351 297 tluod
1381 245 1498 285 etiam

166 329 270 354 nunc
292 329 434 363 vereor,
459 329 518 363 ne,
541 323 633 354 ante
660 329 779 365 quam
811 322 851 352 tu
882 314 921 352 in
951 312 1196 363 provinciam
1218 312 1402 358 venisses,
1425 316 1498 361 ego

165 382 214 419 de
236 380 435 431 provincia
455 382 700 420 decederem.
760 379 909 430 Accepi
931 387 1062 418 autem
1085 393 1107 417 a
1130 386 1167 417 te
1189 378 1325 416 missas
1354 377 1498 415 litteras

166 445 204 483 in
244 445 391 493 Cilicia,
433 460 523 485 cum
561 460 688 485 essem
737 446 777 484 in
816 445 962 492 castris,
1003 459 1036 483 a.
1080 445 1116 482 d.
1159 457 1181 481 x
1223 445 1271 481 K.
1310 441 1498 491 Quintilis

127 526 144 557 5
164 510 325 562 scriptas
347 511 640 559 humanissime,
662 511 807 562 quibus
836 511 949 549 facile
976 518 1014 549 et
1042 509 1214 548 officium
1238 516 1275 547 et
1295 507 1496 559 ingenium

165 584 276 615 tuum
305 576 471 627 perspici
501 585 645 628 posset,
674 579 745 616 sed
777 591 907 627 neque
937 577 1044 615 unde
1075 589 1148 613 nec
1178 588 1257 625 quo
1288 574 1351 612 die
1382 575 1497 612 datae

164 650 295 680 essent
324 650 391 681 aut
421 656 500 693 quo
529 651 706 694 tempore
737 651 777 681 te
806 649 1077 693 exspectarem
1108 640 1390 690 significabant,
1424 652 1497 678 nec

165 706 206 754 is,
239 706 304 757 qui
336 708 527 754 attulerat,
558 722 581 746 a
615 715 653 746 te
686 715 905 757 acceperat,
937 714 979 745 ut
1010 720 1055 745 ex
1086 720 1133 744 eo
1158 705 1308 751 scirem,
1341 717 1420 754 quo
1450 717 1497 742 ex

164 772 253 809 loco
290 780 358 810 aut
389 786 469 822 quo
508 780 685 823 tempore
721 780 854 811 essent
886 773 1011 811 datae.
1091 772 1205 819 Quae
1236 783 1327 807 cum
1367 776 1495 807 essent
1516 782 1541 809 2

105 852 145 874 10
165 835 321 883 incerta,
346 837 563 875 existimavi
595 845 727 876 tamen
758 837 988 876 faciundum
1018 850 1102 875 esse
1123 844 1165 874 ut
1190 836 1239 874 ad
1265 842 1302 873 te
1332 842 1497 873 statores

165 915 273 940 meos
294 909 333 940 et
353 902 506 940 lictores
528 916 619 940 cum
640 901 775 940 litteris
798 902 1003 940 mitterem.
1065 904 1175 951 Quas
1197 901 1227 939 si
1249 900 1339 939 satis
1358 913 1497 950 oppor-

163 974 260 1004 tuno
287 974 473 1017 tempore·
490 966 687 1017 accepisti,
711 966 975 1017 gratissimum
1004 966 1098 1004 mihi
1126 965 1272 1012 feceris,
1298 965 1327 1003 si
1355 966 1405 1004 ad
1433 978 1496 1004 nie

163 1032 201 1070 in
238 1032 417 1073 Ciliciam
456 1047 575 1084 quam
615 1033 785 1084 primum
820 1033 982 1072 veneris.
1055 1034 1171 1079 Nam,
1206 1033 1314 1082 quod
1349 1032 1397 1069 ad
1433 1045 1497 1070 me

163 1096 316 1145 Curius,
339 1097 600 1137 consobrinus
621 1106 721 1145 tuus,
746 1098 852 1145 mihi,
877 1106 920 1136 ut
940 1097 1027 1145 scis,
1051 1097 1219 1136 maxime
1240 1096 1494 1141 necessarius,

106 1177 140 1209 ¹5
163 1163 272 1212 quod
309 1162 402 1202 item
436 1164 480 1203 C.
514 1163 720 1214 Vergilius,
758 1163 1003 1214 propinquus
1036 1170 1137 1210 tuus,
1174 1161 1496 1201 familiarissimus

163 1236 304 1275 noster,
337 1229 387 1267 de
417 1236 455 1268 te
483 1229 775 1268 accuratissime
806 1229 968 1280 scripsit,
992 1230 1095 1266 valet
1125 1228 1165 1267 id
1196 1228 1358 1278 quidem
1389 1229 1495 1278 apud

162 1306 224 1331 me
246 1295 424 1341 multum,
448 1294 562 1332 sicuti
590 1295 708 1333 debet
739 1294 946 1333 hominum
974 1293 1302 1333 amicissimorum
1330 1292 1496 1343 diligens

161 1359 467 1407 commendatio,
491 1362 561 1399 sed
583 1368 671 1399 tuae
701 1360 851 1399 litterae
880 1362 931 1400 de
958 1367 1026 1399 tua
1053 1358 1278 1411 praesertim
1306 1358 1496 1409 dignitate

161 1431 199 1461 et
220 1425 270 1462 de
291 1433 424 1463 nostra
450 1425 731 1465 coniunctione
761 1424 922 1464 maximi
945 1433 1038 1465 sunt
1067 1425 1173 1476 apud
1204 1438 1267 1462 me
1297 1423 1495 1474 ponderis.

102 1504 141 1525 20
164 1487 265 1527 Mihi
294 1497 481 1539 quaestor
509 1491 679 1542 optatior
705 1491 909 1542 obtingere
941 1505 1060 1530 nemo
1089 1490 1226 1541 potuit.
1288 1491 1419 1538 Quam
1445 1488 1498 1527 ob

161 1568 253 1601 rem,
277 1568 552 1607 quaecumque
573 1571 596 1595 a
616 1571 678 1606 me
700 1565 932 1596 ornamenta
952 1558 1027 1596 †ad
1058 1564 1095 1594 te
1122 1553 1430 1606 proficiscentur,
1455 1560 1498 1593 ut

160 1634 298 1659 omnes
315 1620 543 1672 intellegant
558 1637 581 1660 a
597 1636 660 1662 me
677 1622 851 1661 habitam
870 1637 955 1662 esse
972 1622 1163 1661 rationem
1182 1629 1271 1659 tuae
1289 1620 1498 1659 maiorum-

160 1699 237 1736 que
258 1694 413 1725 tuorum
436 1687 644 1737 dignitatis.
705 1689 784 1726 Sed
812 1687 851 1726 id
882 1687 1033 1726 facilius
1054 1700 1285 1737 consequar,
1310 1685 1340 1723 si
1361 1686 1411 1724 ad
1433 1699 1498 1726 me

160 1750 199 1788 in
233 1750 411 1790 Ciliciam
443 1752 620 1799 veneris;
659 1753 768 1803 quod
797 1766 869 1802 ego
902 1760 940 1791 et
965 1766 1053 1791 mea
1087 1759 1124 1791 et
1164 1752 1215 1790 rci
1248 1751 1428 1801 publicae
1459 1758 1496 1788 et

104 1827 140 1859 25
161 1815 328 1855 maxime
358 1824 428 1855 tua-
454 1816 641 1856 interesse
671 1817 845 1856 arbitror.

206 1931 217 1950 1
246 1931 287 1951 nc
305 1920 337 1951 id
362 1921 408 1952 ita
429 1924 499 1952 vell.
637 1932 655 1960 4
681 1922 802 1953 castris
828 1921 877 1951 ln's
892 1920 1052 1952 ‹lest'nt'tS
1190 1929 1227 1959 15
1251 1920 1289 1950 C.
1308 1919 1495 1961 Vergilius]

162 1964 280 1995 consul
301 1964 461 2003 Virgilius
479 1964 567 1996 codd.
719 1976 756 1996 21
785 1966 826 1997 ad
846 1965 895 2006 tc]
915 1966 948 1996 in
967 1970 1000 1998 te
1018 1965 1111 1996 Man.
1218 1963 1495 2004 proficiscentur]

160 2008 327 2047 proficisci
354 2013 526 2048 poterunt,
557 2009 818 2049 proficiscentur
845 2009 985 2041 Madv.:
1022 2019 1070 2050 p.‚
1104 2007 1284 2039 elaborabo
1316 2006 1492 2047 M²·:f01⁷.

160 2061 204 2091 p.‚
225 2051 269 2082 ita
288 2052 546 2092 proficiscentur
