1791 2796
646 151 757 204 El'l'.
792 166 868 203 Al)
902 166 1248 203 FAMILIARES
1562 164 1714 203 xisti

280 281 393 318 valde
430 280 652 318 Phaedrum
691 277 851 328 amavit)
885 277 940 316 sic
971 291 993 315 a
1025 279 1087 315 me
1127 279 1203 315 hoc
1243 276 1457 324 contendit,
1492 278 1613 315 homo

281 345 443 384 minime
472 343 717 391 ambitiosus,
748 342 910 381 minime
941 342 980 380 in
1010 343 1186 392 rogando
1217 343 1417 390 molestus,
1444 349 1486 381 ut
1515 341 1613 380 nihil

281 424 471 461 umquam
492 409 625 459 magis,
641 423 714 447 nec
737 407 891 447 dubitat
904 407 999 458 quin
1021 421 1092 458 ego
1113 422 1136 445 a
1156 415 1193 446 te
1215 415 1312 446 nutu
1333 409 1409 446 hoc
1423 406 1613 457 consequi

260 478 263 481 ’
282 489 450 527 possem,
470 474 587 513 etiam
609 474 639 512 si
660 474 935 513 aedificaturus
957 486 1071 511 esses.
1132 474 1250 511 Nunc
1272 487 1373 520 vero,
1397 472 1427 510 si
1448 471 1614 511 audierit

245 557 261 588 5
284 550 320 580 te
362 539 678 579 aedificationem
711 538 941 589 deposuisse
976 552 1106 588 neque
1136 546 1269 576 tamen
1295 552 1357 576 me
1382 552 1404 576 a
1430 546 1467 576 te
1495 537 1615 588 impe-

284 615 413 654 trasse,
436 619 516 644 non
544 613 581 643 te
604 604 643 642 in
674 618 737 643 me
764 604 1007 642 inliberalem
1035 604 1105 641 sed
1127 617 1188 641 me
1210 603 1249 641 in
1275 618 1315 642 se
1342 605 1613 654 neglegentem

283 670 446 722 putabit.
508 672 638 719 Quam
667 670 718 708 ob
747 683 827 708 rem
855 678 947 720 peto
971 682 993 706 a
1015 676 1051 706 te
1073 676 1115 706 ut
1140 668 1284 707 scribas
1314 670 1365 707 ad
1386 677 1474 707 tuos
1498 681 1614 719 posse

284 745 350 774 tua
387 738 588 775 voluntate
627 737 829 774 decretum
870 734 966 773 illud
1002 734 1337 784 Areopagitarum,
1375 748 1493 784 quem
1527 736 1615 772 ὑπο-

284 803 545 853 μινηματισμόν
569 800 623 839 illi
647 809 800 848 vocant,
826 799 918 838 tolli.
980 800 1057 838 Sed
1085 801 1203 838 redeo
1230 800 1280 838 ad
1310 799 1444 849 prima.
1505 799 1614 837 Prius
1636 801 1663 838 6

228 882 266 904 10
285 868 400 907 velim
423 867 492 906 tibi
513 867 748 917 persuadeas
769 874 810 904 ut
827 866 903 904 hoc
928 879 1015 904 mea
1035 879 1153 904 causa
1172 865 1339 904 libenter
1359 865 1476 904 facias
1497 878 1615 915 quam

286 942 327 972 ut
348 933 466 972 facias
482 948 491 980 3
521 932 576 971 sic
598 940 729 970 tamen
757 932 916 979 habeto,
938 930 969 969 si
997 930 1133 970 feceris
1161 932 1269 982 quod
1291 944 1395 981 rogo,
1419 931 1500 969 fore
1521 929 1618 969 mihi

285 988 557 1050 gratissimum.
617 998 726 1035 Vale.

330 1135 378 1170 ῙῙ
510 1137 579 1169 Ξεν.
600 1137 740 1173 Romae,
762 1141 797 1168 ul
815 1137 945 1170 videtur,
965 1148 1009 1168 ιιι.
1032 1137 1114 1185 ‘44⁶¹'-
1138 1141 1198 1168 mtt
1207 1137 1310 1178 paulo
1321 1141 1398 1178 post

851 1204 882 1223 (ι.
908 1203 964 1232 702
995 1202 1058 1231 522.

232 1282 267 1314 15
727 1270 903 1301 CICERO
931 1269 1122 1300 MEMMIO
1149 1270 1183 1300 S.

345 1350 387 1388 C.
413 1348 581 1387 Avianio
612 1348 811 1396 Evandro,
833 1347 899 1398 qui
927 1346 1078 1386 habitat
1108 1346 1147 1385 in
1175 1354 1243 1386 tuo
1271 1346 1447 1395 sacrario,
1471 1356 1508 1386 et
1535 1347 1621 1398 ipso

291 1416 457 1453 multum
497 1422 585 1453 utor
623 1422 661 1452 et
699 1421 865 1465 patrono
896 1412 978 1451 eius
1013 1414 1068 1450 M.
1104 1412 1276 1451 Aemilio
1311 1412 1618 1451 familiarissime.

292 1483 388 1519 Peto
410 1480 524 1531 igitur
544 1493 566 1517 a
587 1487 624 1518 te
645 1478 685 1517 in
706 1478 893 1517 maiorem
917 1478 1091 1525 modum,
1117 1478 1225 1528 quod
1252 1477 1335 1515 sine
1357 1485 1423 1515 tua
1445 1477 1622 1516 molestia

291 1547 367 1593 fiat,
390 1554 432 1583 ut
453 1545 487 1583 ei
509 1546 559 1584 de
580 1543 822 1583 habitatione
842 1543 1133 1582 accommodes.
1194 1544 1298 1580 Nam
1320 1550 1477 1592 propter
1504 1556 1623 1592 opera

234 1628 271 1649 20
291 1610 467 1649 instituta
487 1611 610 1648 multa
632 1611 842 1648 multorum
865 1607 1039 1647 subitum
1061 1615 1119 1646 est
1140 1606 1175 1646 ei
1192 1607 1396 1658 remigrare
1427 1609 1474 1645 K.
1500 1607 1623 1656 Quin-

292 1677 434 1716 tilibus.
495 1676 697 1727 Impedior
717 1674 953 1714 verecundia
977 1688 1027 1713 ne
1052 1681 1089 1712 te
1110 1673 1286 1724 pluribus
1308 1672 1434 1711 verbis
1464 1686 1622 1722 rogemg

291 1757 420 1794 neque
455 1750 587 1781 tamen
619 1741 759 1781 dubito
793 1740 899 1791 quin,
936 1739 967 1777 si
999 1747 1066 1778 tua
1104 1738 1201 1777 nihil
1233 1746 1299 1776 aut
1333 1752 1413 1777 non
1455 1739 1622 1776 multum

292 1808 452 1856 intersit,
476 1822 522 1846 eo
551 1807 600 1846 sis
628 1806 771 1854 animo,
796 1820 874 1856 quo
896 1819 968 1855 ego
993 1818 1120 1844 essem
1141 1803 1172 1842 si
1194 1791 1289 1854 quid
1311 1810 1351 1842 tu
1373 1816 1435 1842 me
1456 1816 1617 1853 rogares.

294 1872 397 1911 Mihi
419 1880 522 1911 certe
543 1871 805 1922 gratissimum
826 1870 973 1909 feceris.

234 2025 272 2056 25
336 2013 410 2048 III
524 2015 592 2047 Scr.
615 2015 753 2055 Romae,
776 2018 812 2045 nt
830 2014 961 2045 videtur·
977 2017 1053 2054 post
1068 2024 1113 2044 ιιι.
1134 2013 1220 2055 Apr.
1244 2024 1302 2053 702
1321 2013 1386 2055 (μ)

789 2074 848 2100 cml
864 2070 907 2101 ιἰι.
928 2081 959 2101 α.
983 2080 1036 2109 705
1060 2081 1103 2111 Χ’,Ἴ
1125 2094 1132 2101 .

725 2147 900 2179 CICERO
927 2146 1119 2178 MEMMIO
1145 2146 1180 2177 S.

347 2230 392 2266 A.
435 2227 602 2273 Eritium,
643 2239 765 2264 unum
805 2239 851 2263 ex
894 2224 990 2263 meis
1038 2223 1185 2262 intimis
1233 2222 1620 2262 observantissimum

293 2291 704 2341 studiosissimumque
742 2290 876 2338 nostri,
915 2289 1111 2328 eruditum
1150 2288 1353 2326 hominem
1392 2296 1430 2326 et
1468 2301 1622 2325 summa

235 2373 275 2403 30
294 2357 538 2397 humanitate
565 2359 711 2407 tuaque
744 2354 916 2394 amicitia
943 2353 1231 2405 dignissimum,
1259 2353 1374 2391 velim
1403 2354 1454 2390 ita
1481 2360 1621 2391 tractes

337 2453 358 2481 6
382 2450 604 2491 inliberalem]
614 2450 694 2489 sort.
716 2449 827 2479 minus
845 2448 1016 2479 liberalem
1110 2457 1147 2486 19
1171 2447 1365 2477 commodes
1382 2446 1447 2477 cod.
1465 2445 1582 2476 Drcsd.
1600 2456 1620 2485 3

299 2493 486 2535 chsenbctg
616 2503 659 2524 20
683 2491 871 2532 demigrare
888 2491 1009 2523 Lamb.
