1791 2796
407 463 488 517 M.
542 463 790 517 TVLLI
845 462 1303 517 CICERONIS

263 603 784 651 EPISTVLARVM
833 604 937 652 AD
993 603 1449 651 FAMILIARES

534 738 749 785 IABRJ
809 736 1171 785 SEDECIM

645 922 816 960 LIBER
847 922 1058 960 PRIMVS

526 1042 629 1091 AD
683 1043 733 1092 P.
786 1042 1194 1090 LENTVLVM

228 1191 252 1228 I
431 1193 500 1226 Scr.
520 1193 649 1224 Romae
663 1192 712 1224 Id.
732 1192 803 1225 Ian.
825 1204 854 1225 a.
874 1204 904 1224 τι,
927 1203 947 1225 c,
969 1194 1033 1234 698
1050 1193 1094 1234 (a.
1117 1192 1271 1235 Cl17·.56).

396 1271 439 1304 Μ.
467 1270 642 1302 CICERO
669 1270 702 1302 S.
732 1270 772 1301 D.
801 1269 835 1302 Ρ.
865 1269 1082 1301 LENTVLO
1111 1270 1307 1303 PROCOS.

243 1352 333 1388 Eoo
364 1348 473 1388 omni
494 1347 623 1386 officio
652 1361 698 1386 ac
732 1347 862 1397 potius
898 1347 1042 1397 pietate
1073 1361 1161 1397 erga
1191 1355 1229 1386 te
1259 1348 1396 1387 ceteris
1426 1348 1517 1387 satis
1537 1360 1554 1388 1

190 1415 289 1454 facio
310 1413 505 1460 omnibus,
530 1412 625 1451 mihi
655 1412 739 1463 ipse
768 1426 986 1463 numquam
1008 1412 1099 1451 satis
1120 1412 1221 1451 facio
1235 1428 1245 1461 3
1275 1422 1383 1452 tanta
1413 1414 1517 1452 enim

150 1497 168 1529 5
190 1479 419 1530 magnitudo
440 1487 497 1518 est
518 1486 674 1517 tuorum
704 1491 793 1528 erga
822 1491 886 1516 me
915 1478 1152 1525 meritorum,
1177 1486 1229 1525 ut,
1254 1480 1361 1528 quod
1383 1487 1423 1518 tu
1444 1479 1519 1518 nisi

188 1546 358 1595 perfecta
378 1558 418 1583 re
438 1545 488 1583 de
509 1557 572 1583 me
593 1557 673 1582 non
703 1542 934 1593 conquiesti,
958 1557 1030 1593 ego
1051 1543 1142 1593 quia
1163 1557 1243 1582 non
1264 1544 1370 1583 idem
1391 1544 1431 1582 in
1453 1553 1518 1583 tua

186 1623 304 1648 causa
335 1609 472 1656 efficio,
503 1609 622 1647 vitam
657 1608 753 1646 mihi
785 1622 869 1647 esse
902 1609 1084 1647 acerbam
1116 1617 1262 1659 putem.
1324 1611 1371 1648 In
1399 1623 1516 1648 eausa

185 1676 282 1714 haec
314 1683 427 1714 sunt:
459 1674 738 1721 Hammonius,
770 1674 868 1724 regis
902 1676 1062 1725 legatus,
1085 1683 1217 1724 aperte
1247 1675 1414 1724 pecunia
1443 1689 1515 1714 nos

185 1749 386 1792 oppugnat
403 1756 413 1789 3
442 1754 501 1780 res
530 1741 654 1791 agitur
675 1754 743 1791 per
763 1742 925 1779 eosdem
950 1739 1172 1786 creditores,
1196 1753 1264 1790 per
1290 1753 1401 1789 quos,
1424 1754 1514 1779 curn

126 1823 165 1845 10
184 1814 226 1845 tu
254 1806 638 1860 aderas,-agebatur,·
667 1805 765 1855 regis
796 1819 912 1844 causa
942 1805 973 1843 si
1003 1804 1069 1855 qui
1096 1812 1186 1843 sunt
1207 1804 1274 1854 qui
1294 1804 1423 1852 velint,
1448 1805 1515 1855 qui

183 1871 298 1923 pauci
319 1880 419 1919 sunt,
443 1885 581 1910 omnes
602 1884 683 1909 rem
703 1872 754 1909 ad
777 1870 1010 1920 Pompeium
1033 1869 1172 1908 deferri
1193 1871 1339 1917 volunt,
1356 1878 1513 1909 senatus

183 1936 378 1986 religionis
399 1936 635 1975 calumniam
657 1949 737 1973 non
758 1935 954 1985 religione,
972 1936 1041 1973 sed
1063 1935 1338 1974 malevolentia
1358 1943 1395 1973 et
1412 1935 1513 1974 illius

183 2001 310 2051 regiae
330 2001 542 2052 largitionis
566 2001 712 2040 invidia
741 2002 983 2052 comprobat.
1045 2001 1279 2051 Pompeium
1305 2009 1342 2040 et
1369 2001 1512 2040 hortari
1532 2015 1556 2043 2

183 2074 221 2105 et
250 2080 359 2105 orare
391 2074 429 2105 et
462 2066 540 2105 iarn
567 2065 725 2104 liberius
759 2079 943 2105 accusare
975 2074 1012 2104 et
1048 2079 1218 2113 monere,
1256 2073 1298 2104 ut
1330 2079 1512 2116 magnam

124 2143 162 2176 15
183 2130 384 2169 infamiam
413 2131 544 2181 fugiat,
576 2144 656 2169 non
686 2131 910 2170 desistimus
926 2146 935 2178 3
976 2133 1045 2170 sed
1077 2133 1193 2181 plane
1224 2144 1297 2169 nec
1331 2130 1513 2181 precibus

182 2196 324 2235 nostris
357 2209 431 2235 nec
464 2196 802 2235 admonitionibus
837 2196 1020 2246 relinquit
1054 2198 1196 2243 locum,
1229 2209 1321 2234 nam
1351 2209 1442 2234 cum
1471 2195 1512 2233 in

182 2274 363 2300 sermone
397 2261 597 2300 cotidiano
632 2268 715 2299 tum
748 2261 787 2298 in
827 2269 964 2299 senatu
996 2263 1126 2311 palam
1159 2261 1213 2299 sie
1245 2261 1322 2311 egit
1351 2273 1510 2299 causam

220 2374 245 2413 '5
269 2363 424 2437 qugldeG:
451 2365 506 2404 qui
524 2363 614 2396 MR:
640 2365 799 2403 quoniam
819 2363 905 2395 Crat.
924 2375 930 2394 :
955 2365 1033 2403 quia
1056 2364 1128 2395 Vict.
1255 2374 1293 2402 14
1319 2368 1352 2394 et
1370 2364 1434 2394 iam
1453 2361 1509 2394 M:

182 2412 285 2438 etiam

225 2474 287 2496 c1c.
308 2474 355 2494 An
373 2474 452 2496 ΕΔΜ.
1406 2458 1422 2487 l
