<?xml version="1.0" encoding="UTF-8"?>
<!DOCTYPE html PUBLIC "-//W3C//DTD XHTML 1.0 Transitional//EN"
    "http://www.w3.org/TR/xhtml1/DTD/xhtml1-transitional.dtd">
<html xmlns="http://www.w3.org/1999/xhtml" xml:lang="en" lang="en">
 <head>
  <title>
</title>
<meta http-equiv="Content-Type" content="text/html;charset=utf-8" />
  <meta name='ocr-system' content='tesseract 3.04.00' />
  <meta name='ocr-capabilities' content='ocr_page ocr_carea ocr_par ocr_line ocrx_word'/>
</head>
<body>
  <div class='ocr_page' id='page_1' title='image "./epistulaerecogno01ciceuoft_0120.png"; bbox 0 0 1791 2796; ppageno 0'>
   <div class='ocr_carea' id='block_1_1' title="bbox 162 113 1209 154">
    <p class='ocr_par' dir='ltr' id='par_1_1' title="bbox 162 113 1209 154">
     <span class='ocr_line' id='line_1_1' title="bbox 162 113 1209 154; baseline -0.004 0"><span class='ocrx_word' id='word_1_1' title='bbox 162 117 232 154; x_wconf 84' lang='lat' dir='ltr'>IV.</span> <span class='ocrx_word' id='word_1_2' title='bbox 256 118 301 153; x_wconf 86' lang='lat' dir='ltr'>ix</span> <span class='ocrx_word' id='word_1_3' title='bbox 611 116 667 152; x_wconf 91' lang='lat' dir='ltr'>M.</span> <span class='ocrx_word' id='word_1_4' title='bbox 700 115 869 152; x_wconf 89' lang='lat' dir='ltr'>TVLLI</span> <span class='ocrx_word' id='word_1_5' title='bbox 901 113 1209 153; x_wconf 87' lang='lat' dir='ltr'>CICERONIS</span> 
     </span>
    </p>
   </div>
   <div class='ocr_carea' id='block_1_2' title="bbox 196 222 1639 921">
    <p class='ocr_par' dir='ltr' id='par_1_2' title="bbox 196 222 1639 921">
     <span class='ocr_line' id='line_1_2' title="bbox 196 222 1577 276; baseline -0.001 -13"><span class='ocrx_word' id='word_1_6' title='bbox 196 236 222 272; x_wconf 92' lang='lat'>4</span> <span class='ocrx_word' id='word_1_7' title='bbox 244 226 392 276; x_wconf 82' lang='lat' dir='ltr'>privare</span> <span class='ocrx_word' id='word_1_8' title='bbox 423 225 540 264; x_wconf 86' lang='lat' dir='ltr'>etiarn</span> <span class='ocrx_word' id='word_1_9' title='bbox 570 233 732 276; x_wconf 84' lang='lat' dir='ltr'>aspectu</span> <span class='ocrx_word' id='word_1_10' title='bbox 764 232 841 264; x_wconf 90' lang='lat' dir='ltr'>tuo.</span> <span class='ocrx_word' id='word_1_11' title='bbox 906 224 1099 275; x_wconf 89' lang='lat' dir='ltr'>Denique,</span> <span class='ocrx_word' id='word_1_12' title='bbox 1134 224 1164 262; x_wconf 89' lang='lat' dir='ltr'>si</span> <span class='ocrx_word' id='word_1_13' title='bbox 1194 223 1266 262; x_wconf 90' lang='lat' dir='ltr'>fuit</span> <span class='ocrx_word' id='word_1_14' title='bbox 1295 223 1426 275; x_wconf 86' lang='lat' dir='ltr'>magni</span> <span class='ocrx_word' id='word_1_15' title='bbox 1455 222 1577 262; x_wconf 90' lang='lat' dir='ltr'>animi</span> 
     </span>
     <span class='ocr_line' id='line_1_3' title="bbox 242 288 1577 342; baseline -0.002 -12"><span class='ocrx_word' id='word_1_16' title='bbox 242 305 323 330; x_wconf 87' lang='lat' dir='ltr'>non</span> <span class='ocrx_word' id='word_1_17' title='bbox 353 305 438 330; x_wconf 80' lang='lat' dir='ltr'>esse</span> <span class='ocrx_word' id='word_1_18' title='bbox 467 291 686 342; x_wconf 86' lang='lat' dir='ltr'>supplicem</span> <span class='ocrx_word' id='word_1_19' title='bbox 716 290 864 338; x_wconf 82' lang='lat' dir='ltr'>victori,</span> <span class='ocrx_word' id='word_1_20' title='bbox 900 290 989 329; x_wconf 88' lang='lat' dir='ltr'>vide</span> <span class='ocrx_word' id='word_1_21' title='bbox 1024 305 1073 329; x_wconf 91' lang='lat' dir='ltr'>ne</span> <span class='ocrx_word' id='word_1_22' title='bbox 1108 289 1265 341; x_wconf 86' lang='lat' dir='ltr'>superbi</span> <span class='ocrx_word' id='word_1_23' title='bbox 1296 289 1345 328; x_wconf 88' lang='lat' dir='ltr'>sit</span> <span class='ocrx_word' id='word_1_24' title='bbox 1379 288 1577 340; x_wconf 85' lang='lat' dir='ltr'>aspernari</span> 
     </span>
     <span class='ocr_line' id='line_1_4' title="bbox 241 353 1578 407; baseline -0.003 -11"><span class='ocrx_word' id='word_1_25' title='bbox 241 357 418 396; x_wconf 86' lang='lat' dir='ltr'>eiusdem</span> <span class='ocrx_word' id='word_1_26' title='bbox 440 356 712 396; x_wconf 78' lang='lat' dir='ltr'>liberalitatem</span> <span class='ocrx_word' id='word_1_27' title='bbox 741 364 789 403; x_wconf 89' lang='lat' dir='ltr'>et,</span> <span class='ocrx_word' id='word_1_28' title='bbox 819 358 857 395; x_wconf 81' lang='lat' dir='ltr'>si</span> <span class='ocrx_word' id='word_1_29' title='bbox 882 355 1068 407; x_wconf 80' lang='lat' dir='ltr'>sapientis</span> <span class='ocrx_word' id='word_1_30' title='bbox 1095 363 1153 394; x_wconf 82' lang='lat' dir='ltr'>est</span> <span class='ocrx_word' id='word_1_31' title='bbox 1178 369 1306 394; x_wconf 85' lang='lat' dir='ltr'>carere</span> <span class='ocrx_word' id='word_1_32' title='bbox 1332 354 1467 406; x_wconf 84' lang='lat' dir='ltr'>patria,</span> <span class='ocrx_word' id='word_1_33' title='bbox 1490 353 1578 393; x_wconf 90' lang='lat' dir='ltr'>duri</span> 
     </span>
     <span class='ocr_line' id='line_1_5' title="bbox 240 419 1575 473; baseline -0.004 -11"><span class='ocrx_word' id='word_1_34' title='bbox 240 436 322 462; x_wconf 91' lang='lat' dir='ltr'>non</span> <span class='ocrx_word' id='word_1_35' title='bbox 352 422 573 462; x_wconf 85' lang='lat' dir='ltr'>desiderare</span> <span class='ocrx_word' id='word_1_36' title='bbox 589 438 598 471; x_wconf 80' lang='lat'>3</span> <span class='ocrx_word' id='word_1_37' title='bbox 631 430 680 469; x_wconf 87' lang='lat' dir='ltr'>et,</span> <span class='ocrx_word' id='word_1_38' title='bbox 715 422 746 460; x_wconf 82' lang='lat' dir='ltr'>si</span> <span class='ocrx_word' id='word_1_39' title='bbox 776 436 816 461; x_wconf 92' lang='lat' dir='ltr'>re</span> <span class='ocrx_word' id='word_1_40' title='bbox 843 422 1002 473; x_wconf 87' lang='lat' dir='ltr'>publica</span> <span class='ocrx_word' id='word_1_41' title='bbox 1032 435 1113 460; x_wconf 91' lang='lat' dir='ltr'>non</span> <span class='ocrx_word' id='word_1_42' title='bbox 1143 420 1268 471; x_wconf 87' lang='lat' dir='ltr'>possis</span> <span class='ocrx_word' id='word_1_43' title='bbox 1298 419 1382 467; x_wconf 91' lang='lat' dir='ltr'>frui,</span> <span class='ocrx_word' id='word_1_44' title='bbox 1415 420 1575 458; x_wconf 87' lang='lat' dir='ltr'>stultum</span> 
     </span>
     <span class='ocr_line' id='line_1_6' title="bbox 240 484 1616 539; baseline -0.004 -12"><span class='ocrx_word' id='word_1_45' title='bbox 240 495 299 527; x_wconf 83' lang='lat' dir='ltr'>est</span> <span class='ocrx_word' id='word_1_46' title='bbox 329 489 433 527; x_wconf 85' lang='lat' dir='ltr'>nolle</span> <span class='ocrx_word' id='word_1_47' title='bbox 463 487 621 539; x_wconf 80' lang='lat' dir='ltr'>privata.</span> <span class='ocrx_word' id='word_1_48' title='bbox 683 489 813 538; x_wconf 87' lang='lat' dir='ltr'>Caput</span> <span class='ocrx_word' id='word_1_49' title='bbox 840 487 937 526; x_wconf 90' lang='lat' dir='ltr'>illud</span> <span class='ocrx_word' id='word_1_50' title='bbox 957 495 1026 534; x_wconf 87' lang='lat' dir='ltr'>est,</span> <span class='ocrx_word' id='word_1_51' title='bbox 1050 494 1101 533; x_wconf 91' lang='lat' dir='ltr'>ut,</span> <span class='ocrx_word' id='word_1_52' title='bbox 1126 486 1157 525; x_wconf 88' lang='lat' dir='ltr'>si</span> <span class='ocrx_word' id='word_1_53' title='bbox 1184 486 1257 525; x_wconf 86' lang='lat' dir='ltr'>ista</span> <span class='ocrx_word' id='word_1_54' title='bbox 1280 485 1359 524; x_wconf 80' lang='lat' dir='ltr'>vita</span> <span class='ocrx_word' id='word_1_55' title='bbox 1383 484 1453 523; x_wconf 87' lang='lat' dir='ltr'>tibi</span> <span class='ocrx_word' id='word_1_56' title='bbox 1475 497 1578 523; x_wconf 89' lang='lat' dir='ltr'>com-</span> <span class='ocrx_word' id='word_1_57' title='bbox 1599 496 1616 528; x_wconf 85' lang='lat'>5</span> 
     </span>
     <span class='ocr_line' id='line_1_7' title="bbox 242 551 1577 603; baseline -0.004 -10"><span class='ocrx_word' id='word_1_58' title='bbox 242 553 397 593; x_wconf 91' lang='lat' dir='ltr'>modior</span> <span class='ocrx_word' id='word_1_59' title='bbox 423 567 507 592; x_wconf 90' lang='lat' dir='ltr'>esse</span> <span class='ocrx_word' id='word_1_60' title='bbox 528 553 715 600; x_wconf 83' lang='lat' dir='ltr'>videatur,</span> <span class='ocrx_word' id='word_1_61' title='bbox 739 553 994 603; x_wconf 82' lang='lat' dir='ltr'>cogitandum</span> <span class='ocrx_word' id='word_1_62' title='bbox 1025 561 1157 591; x_wconf 83' lang='lat' dir='ltr'>tamen</span> <span class='ocrx_word' id='word_1_63' title='bbox 1185 552 1244 599; x_wconf 88' lang='lat' dir='ltr'>sit,</span> <span class='ocrx_word' id='word_1_64' title='bbox 1276 566 1325 590; x_wconf 89' lang='lat' dir='ltr'>ne</span> <span class='ocrx_word' id='word_1_65' title='bbox 1353 551 1471 590; x_wconf 87' lang='lat' dir='ltr'>tutior</span> <span class='ocrx_word' id='word_1_66' title='bbox 1497 563 1577 589; x_wconf 90' lang='lat' dir='ltr'>non</span> 
     </span>
     <span class='ocr_line' id='line_1_8' title="bbox 242 614 1577 670; baseline -0.003 -13"><span class='ocrx_word' id='word_1_67' title='bbox 242 619 300 658; x_wconf 91' lang='lat' dir='ltr'>sit.</span> <span class='ocrx_word' id='word_1_68' title='bbox 374 621 521 669; x_wconf 81' lang='lat' dir='ltr'>Magna</span> <span class='ocrx_word' id='word_1_69' title='bbox 554 619 776 670; x_wconf 84' lang='lat' dir='ltr'>gladiorum</span> <span class='ocrx_word' id='word_1_70' title='bbox 809 626 869 657; x_wconf 89' lang='lat' dir='ltr'>est</span> <span class='ocrx_word' id='word_1_71' title='bbox 906 617 1074 666; x_wconf 87' lang='lat' dir='ltr'>licentia,</span> <span class='ocrx_word' id='word_1_72' title='bbox 1109 618 1178 656; x_wconf 88' lang='lat' dir='ltr'>sed</span> <span class='ocrx_word' id='word_1_73' title='bbox 1209 618 1250 655; x_wconf 93' lang='lat' dir='ltr'>in</span> <span class='ocrx_word' id='word_1_74' title='bbox 1279 616 1447 655; x_wconf 81' lang='lat' dir='ltr'>externis</span> <span class='ocrx_word' id='word_1_75' title='bbox 1481 614 1577 654; x_wconf 83' lang='lat' dir='ltr'>locis</span> 
     </span>
     <span class='ocr_line' id='line_1_9' title="bbox 242 682 1578 725; baseline -0.003 -2"><span class='ocrx_word' id='word_1_76' title='bbox 242 685 369 725; x_wconf 91' lang='lat' dir='ltr'>minor</span> <span class='ocrx_word' id='word_1_77' title='bbox 395 685 512 724; x_wconf 87' lang='lat' dir='ltr'>etiam</span> <span class='ocrx_word' id='word_1_78' title='bbox 540 686 591 724; x_wconf 86' lang='lat' dir='ltr'>ad</span> <span class='ocrx_word' id='word_1_79' title='bbox 622 684 772 724; x_wconf 84' lang='lat' dir='ltr'>facinus</span> <span class='ocrx_word' id='word_1_80' title='bbox 799 684 1046 723; x_wconf 86' lang='lat' dir='ltr'>verecundia.</span> <span class='ocrx_word' id='word_1_81' title='bbox 1108 682 1209 721; x_wconf 85' lang='lat' dir='ltr'>Mihi</span> <span class='ocrx_word' id='word_1_82' title='bbox 1231 683 1334 721; x_wconf 88' lang='lat' dir='ltr'>salus</span> <span class='ocrx_word' id='word_1_83' title='bbox 1355 690 1422 720; x_wconf 84' lang='lat' dir='ltr'>tua</span> <span class='ocrx_word' id='word_1_84' title='bbox 1448 689 1578 720; x_wconf 80' lang='lat' dir='ltr'>tantae</span> 
     </span>
     <span class='ocr_line' id='line_1_10' title="bbox 242 747 1578 801; baseline -0.004 -10"><span class='ocrx_word' id='word_1_85' title='bbox 242 766 358 791; x_wconf 83' lang='lat' dir='ltr'>curae</span> <span class='ocrx_word' id='word_1_86' title='bbox 378 760 447 799; x_wconf 87' lang='lat' dir='ltr'>est,</span> <span class='ocrx_word' id='word_1_87' title='bbox 470 759 513 790; x_wconf 90' lang='lat' dir='ltr'>ut</span> <span class='ocrx_word' id='word_1_88' title='bbox 535 752 737 797; x_wconf 85' lang='lat' dir='ltr'>Marcello,</span> <span class='ocrx_word' id='word_1_89' title='bbox 762 750 863 789; x_wconf 87' lang='lat' dir='ltr'>fratri</span> <span class='ocrx_word' id='word_1_90' title='bbox 891 758 970 797; x_wconf 89' lang='lat' dir='ltr'>tuo,</span> <span class='ocrx_word' id='word_1_91' title='bbox 992 757 1059 789; x_wconf 84' lang='lat' dir='ltr'>aut</span> <span class='ocrx_word' id='word_1_92' title='bbox 1079 764 1148 801; x_wconf 87' lang='lat' dir='ltr'>par</span> <span class='ocrx_word' id='word_1_93' title='bbox 1166 756 1234 788; x_wconf 85' lang='lat' dir='ltr'>aut</span> <span class='ocrx_word' id='word_1_94' title='bbox 1254 756 1357 788; x_wconf 90' lang='lat' dir='ltr'>certe</span> <span class='ocrx_word' id='word_1_95' title='bbox 1379 747 1578 800; x_wconf 79' lang='lat' dir='ltr'>proximus</span> 
     </span>
     <span class='ocr_line' id='line_1_11' title="bbox 242 812 1639 867; baseline -0.004 -11"><span class='ocrx_word' id='word_1_96' title='bbox 242 817 314 856; x_wconf 89' lang='lat' dir='ltr'>sim</span> <span class='ocrx_word' id='word_1_97' title='bbox 332 833 341 865; x_wconf 84' lang='lat'>;</span> <span class='ocrx_word' id='word_1_98' title='bbox 375 826 485 856; x_wconf 87' lang='lat' dir='ltr'>tuum</span> <span class='ocrx_word' id='word_1_99' title='bbox 507 825 567 856; x_wconf 90' lang='lat' dir='ltr'>est</span> <span class='ocrx_word' id='word_1_100' title='bbox 588 818 792 856; x_wconf 85' lang='lat' dir='ltr'>consulere</span> <span class='ocrx_word' id='word_1_101' title='bbox 815 815 1057 867; x_wconf 79' lang='lat' dir='ltr'>temporibus</span> <span class='ocrx_word' id='word_1_102' title='bbox 1078 822 1116 854; x_wconf 90' lang='lat' dir='ltr'>et</span> <span class='ocrx_word' id='word_1_103' title='bbox 1136 813 1398 854; x_wconf 83' lang='lat' dir='ltr'>incolumitati</span> <span class='ocrx_word' id='word_1_104' title='bbox 1419 820 1457 852; x_wconf 87' lang='lat' dir='ltr'>et</span> <span class='ocrx_word' id='word_1_105' title='bbox 1477 812 1578 851; x_wconf 80' lang='lat' dir='ltr'>vitae</span> <span class='ocrx_word' id='word_1_106' title='bbox 1601 830 1639 852; x_wconf 93' lang='lat'>10</span> 
     </span>
     <span class='ocr_line' id='line_1_12' title="bbox 241 882 573 921; baseline 0 0"><span class='ocrx_word' id='word_1_107' title='bbox 241 890 281 921; x_wconf 89' lang='lat' dir='ltr'>et</span> <span class='ocrx_word' id='word_1_108' title='bbox 301 882 466 921; x_wconf 88' lang='lat' dir='ltr'>fortunis</span> <span class='ocrx_word' id='word_1_109' title='bbox 487 882 573 921; x_wconf 87' lang='lat' dir='ltr'>tuis.</span> 
     </span>
    </p>
   </div>
   <div class='ocr_carea' id='block_1_3' title="bbox 285 1047 1247 1164">
    <p class='ocr_par' dir='ltr' id='par_1_3' title="bbox 285 1047 1247 1164">
     <span class='ocr_line' id='line_1_13' title="bbox 285 1047 1247 1090; baseline -0.004 -7"><span class='ocrx_word' id='word_1_110' title='bbox 285 1047 328 1083; x_wconf 84' lang='lat' dir='ltr'><strong>X</strong></span> <span class='ocrx_word' id='word_1_111' title='bbox 564 1049 633 1082; x_wconf 75' lang='lat' dir='ltr'>Ser.</span> <span class='ocrx_word' id='word_1_112' title='bbox 655 1050 783 1081; x_wconf 78' lang='lat' dir='ltr'>Romae</span> <span class='ocrx_word' id='word_1_113' title='bbox 799 1050 843 1080; x_wconf 75' lang='lat' dir='ltr'>in.</span> <span class='ocrx_word' id='word_1_114' title='bbox 863 1061 906 1082; x_wconf 83' lang='lat' dir='ltr'>m.</span> <span class='ocrx_word' id='word_1_115' title='bbox 928 1050 1009 1081; x_wconf 81' lang='lat' dir='ltr'>Nov.</span> <span class='ocrx_word' id='word_1_116' title='bbox 1028 1060 1057 1081; x_wconf 85' lang='lat' dir='ltr'>a.</span> <span class='ocrx_word' id='word_1_117' title='bbox 1083 1051 1143 1089; x_wconf 73' lang='lat'>708</span> <span class='ocrx_word' id='word_1_118' title='bbox 1161 1048 1247 1090; x_wconf 74' lang='lat'><em>(46).</em></span> 
     </span>
     <span class='ocr_line' id='line_1_14' title="bbox 649 1133 1169 1164; baseline -0.004 0"><span class='ocrx_word' id='word_1_119' title='bbox 649 1133 825 1164; x_wconf 81' lang='lat' dir='ltr'>CICERO</span> <span class='ocrx_word' id='word_1_120' title='bbox 852 1133 1109 1163; x_wconf 76' lang='lat' dir='ltr'>MARCELLO</span> <span class='ocrx_word' id='word_1_121' title='bbox 1136 1133 1169 1163; x_wconf 81' lang='lat' dir='ltr'>S.</span> 
     </span>
    </p>
   </div>
   <div class='ocr_carea' id='block_1_4' title="bbox 210 1219 1638 2348">
    <p class='ocr_par' dir='ltr' id='par_1_4' title="bbox 210 1219 1638 2243">
     <span class='ocr_line' id='line_1_15' title="bbox 210 1219 1579 1274; baseline -0.004 -11"><span class='ocrx_word' id='word_1_122' title='bbox 210 1235 228 1262; x_wconf 93' lang='lat'>1</span> <span class='ocrx_word' id='word_1_123' title='bbox 303 1224 387 1263; x_wconf 85' lang='lat' dir='ltr'>Etsi</span> <span class='ocrx_word' id='word_1_124' title='bbox 424 1224 521 1262; x_wconf 85' lang='lat' dir='ltr'>nihil</span> <span class='ocrx_word' id='word_1_125' title='bbox 556 1231 637 1262; x_wconf 85' lang='lat' dir='ltr'>erat</span> <span class='ocrx_word' id='word_1_126' title='bbox 672 1223 774 1270; x_wconf 88' lang='lat' dir='ltr'>novi,</span> <span class='ocrx_word' id='word_1_127' title='bbox 810 1224 919 1274; x_wconf 89' lang='lat' dir='ltr'>quod</span> <span class='ocrx_word' id='word_1_128' title='bbox 959 1223 1009 1261; x_wconf 86' lang='lat' dir='ltr'>ad</span> <span class='ocrx_word' id='word_1_129' title='bbox 1049 1230 1085 1260; x_wconf 89' lang='lat' dir='ltr'>te</span> <span class='ocrx_word' id='word_1_130' title='bbox 1120 1219 1342 1269; x_wconf 79' lang='lat' dir='ltr'>scriberem,</span> <span class='ocrx_word' id='word_1_131' title='bbox 1376 1219 1579 1271; x_wconf 83' lang='lat' dir='ltr'>magisque</span> 
     </span>
     <span class='ocr_line' id='line_1_16' title="bbox 244 1285 1638 1339; baseline -0.003 -11"><span class='ocrx_word' id='word_1_132' title='bbox 244 1289 389 1328; x_wconf 80' lang='lat' dir='ltr'>litteras</span> <span class='ocrx_word' id='word_1_133' title='bbox 412 1298 497 1328; x_wconf 87' lang='lat' dir='ltr'>tuas</span> <span class='ocrx_word' id='word_1_134' title='bbox 523 1289 601 1328; x_wconf 89' lang='lat' dir='ltr'>iarn</span> <span class='ocrx_word' id='word_1_135' title='bbox 623 1295 847 1339; x_wconf 89' lang='lat' dir='ltr'>exspectare</span> <span class='ocrx_word' id='word_1_136' title='bbox 873 1287 1110 1338; x_wconf 81' lang='lat' dir='ltr'>incipiebam</span> <span class='ocrx_word' id='word_1_137' title='bbox 1136 1288 1195 1325; x_wconf 83' lang='lat' dir='ltr'>vel</span> <span class='ocrx_word' id='word_1_138' title='bbox 1227 1294 1264 1325; x_wconf 89' lang='lat' dir='ltr'>te</span> <span class='ocrx_word' id='word_1_139' title='bbox 1285 1285 1415 1337; x_wconf 88' lang='lat' dir='ltr'>potius</span> <span class='ocrx_word' id='word_1_140' title='bbox 1436 1286 1575 1336; x_wconf 85' lang='lat' dir='ltr'>ipsum,</span> <span class='ocrx_word' id='word_1_141' title='bbox 1603 1303 1611 1324; x_wconf 86' lang='grc' dir='ltr'>ι</span> <span class='ocrx_word' id='word_1_142' title='bbox 1620 1300 1638 1333; x_wconf 85' lang='grc'><strong>5</strong></span> 
     </span>
     <span class='ocr_line' id='line_1_17' title="bbox 244 1351 1578 1406; baseline -0.003 -13"><span class='ocrx_word' id='word_1_143' title='bbox 244 1363 386 1402; x_wconf 85' lang='lat' dir='ltr'>tamen,</span> <span class='ocrx_word' id='word_1_144' title='bbox 410 1369 500 1394; x_wconf 91' lang='lat' dir='ltr'>cum</span> <span class='ocrx_word' id='word_1_145' title='bbox 528 1354 776 1406; x_wconf 86' lang='lat' dir='ltr'>Theophilus</span> <span class='ocrx_word' id='word_1_146' title='bbox 810 1353 1131 1404; x_wconf 89' lang='lat' dir='ltr'>proficisceretur,</span> <span class='ocrx_word' id='word_1_147' title='bbox 1161 1366 1241 1392; x_wconf 90' lang='lat' dir='ltr'>non</span> <span class='ocrx_word' id='word_1_148' title='bbox 1274 1351 1385 1402; x_wconf 93' lang='lat' dir='ltr'>potui</span> <span class='ocrx_word' id='word_1_149' title='bbox 1416 1351 1511 1390; x_wconf 85' lang='lat' dir='ltr'>nibil</span> <span class='ocrx_word' id='word_1_150' title='bbox 1543 1351 1578 1390; x_wconf 95' lang='lat' dir='ltr'>ei</span> 
     </span>
     <span class='ocr_line' id='line_1_18' title="bbox 243 1416 1579 1469; baseline -0.003 -11"><span class='ocrx_word' id='word_1_151' title='bbox 243 1420 455 1460; x_wconf 89' lang='lat' dir='ltr'>litterarum</span> <span class='ocrx_word' id='word_1_152' title='bbox 495 1422 598 1459; x_wconf 87' lang='lat' dir='ltr'>dare.</span> <span class='ocrx_word' id='word_1_153' title='bbox 678 1421 784 1459; x_wconf 84' lang='lat' dir='ltr'>Cura</span> <span class='ocrx_word' id='word_1_154' title='bbox 821 1418 936 1469; x_wconf 86' lang='lat' dir='ltr'>igitur</span> <span class='ocrx_word' id='word_1_155' title='bbox 974 1427 1016 1457; x_wconf 94' lang='lat' dir='ltr'>ut</span> <span class='ocrx_word' id='word_1_156' title='bbox 1054 1432 1172 1469; x_wconf 86' lang='lat' dir='ltr'>quam</span> <span class='ocrx_word' id='word_1_157' title='bbox 1211 1417 1383 1469; x_wconf 89' lang='lat' dir='ltr'>primum</span> <span class='ocrx_word' id='word_1_158' title='bbox 1421 1416 1579 1464; x_wconf 81' lang='lat' dir='ltr'>venias3</span> 
     </span>
     <span class='ocr_line' id='line_1_19' title="bbox 242 1482 1576 1535; baseline -0.003 -10"><span class='ocrx_word' id='word_1_159' title='bbox 242 1486 376 1525; x_wconf 82' lang='lat' dir='ltr'>venies</span> <span class='ocrx_word' id='word_1_160' title='bbox 397 1486 513 1532; x_wconf 90' lang='lat' dir='ltr'>enim,</span> <span class='ocrx_word' id='word_1_161' title='bbox 539 1485 634 1523; x_wconf 87' lang='lat' dir='ltr'>mihi</span> <span class='ocrx_word' id='word_1_162' title='bbox 653 1486 779 1531; x_wconf 89' lang='lat' dir='ltr'>crede,</span> <span class='ocrx_word' id='word_1_163' title='bbox 803 1492 1062 1535; x_wconf 84' lang='lat' dir='ltr'>exspectatus,</span> <span class='ocrx_word' id='word_1_164' title='bbox 1087 1496 1216 1533; x_wconf 84' lang='lat' dir='ltr'>neque</span> <span class='ocrx_word' id='word_1_165' title='bbox 1237 1484 1365 1522; x_wconf 91' lang='lat' dir='ltr'>solum</span> <span class='ocrx_word' id='word_1_166' title='bbox 1386 1482 1511 1529; x_wconf 88' lang='lat' dir='ltr'>nobis,</span> <span class='ocrx_word' id='word_1_167' title='bbox 1536 1482 1576 1521; x_wconf 89' lang='lat' dir='ltr'>id</span> 
     </span>
     <span class='ocr_line' id='line_1_20' title="bbox 242 1548 1577 1602; baseline -0.004 -11"><span class='ocrx_word' id='word_1_168' title='bbox 242 1560 301 1591; x_wconf 94' lang='lat' dir='ltr'>est</span> <span class='ocrx_word' id='word_1_169' title='bbox 322 1552 408 1599; x_wconf 82' lang='lat' dir='ltr'>tuis,</span> <span class='ocrx_word' id='word_1_170' title='bbox 432 1552 500 1590; x_wconf 88' lang='lat' dir='ltr'>sed</span> <span class='ocrx_word' id='word_1_171' title='bbox 522 1564 678 1602; x_wconf 86' lang='lat' dir='ltr'>prorsus</span> <span class='ocrx_word' id='word_1_172' title='bbox 700 1549 896 1589; x_wconf 88' lang='lat' dir='ltr'>omnibus.</span> <span class='ocrx_word' id='word_1_173' title='bbox 957 1549 1077 1588; x_wconf 87' lang='lat' dir='ltr'>Venit</span> <span class='ocrx_word' id='word_1_174' title='bbox 1097 1548 1202 1587; x_wconf 89' lang='lat' dir='ltr'>enim</span> <span class='ocrx_word' id='word_1_175' title='bbox 1224 1548 1321 1586; x_wconf 87' lang='lat' dir='ltr'>mihi</span> <span class='ocrx_word' id='word_1_176' title='bbox 1342 1548 1381 1586; x_wconf 92' lang='lat' dir='ltr'>in</span> <span class='ocrx_word' id='word_1_177' title='bbox 1403 1556 1577 1586; x_wconf 87' lang='lat' dir='ltr'>mentem</span> 
     </span>
     <span class='ocr_line' id='line_1_21' title="bbox 243 1613 1638 1663; baseline -0.004 -6"><span class='ocrx_word' id='word_1_178' title='bbox 243 1617 439 1657; x_wconf 85' lang='lat' dir='ltr'>subvereri</span> <span class='ocrx_word' id='word_1_179' title='bbox 463 1617 671 1663; x_wconf 87' lang='lat' dir='ltr'>interdum,</span> <span class='ocrx_word' id='word_1_180' title='bbox 695 1630 745 1654; x_wconf 90' lang='lat' dir='ltr'>ne</span> <span class='ocrx_word' id='word_1_181' title='bbox 773 1623 810 1654; x_wconf 89' lang='lat' dir='ltr'>te</span> <span class='ocrx_word' id='word_1_182' title='bbox 834 1616 1003 1654; x_wconf 84' lang='lat' dir='ltr'>delectet</span> <span class='ocrx_word' id='word_1_183' title='bbox 1025 1615 1135 1653; x_wconf 83' lang='lat' dir='ltr'>tarda</span> <span class='ocrx_word' id='word_1_184' title='bbox 1155 1613 1342 1653; x_wconf 84' lang='lat' dir='ltr'>decessio.</span> <span class='ocrx_word' id='word_1_185' title='bbox 1404 1614 1525 1663; x_wconf 87' lang='lat' dir='ltr'>Quod</span> <span class='ocrx_word' id='word_1_186' title='bbox 1545 1613 1576 1651; x_wconf 87' lang='lat' dir='ltr'>si</span> <span class='ocrx_word' id='word_1_187' title='bbox 1599 1631 1638 1652; x_wconf 88' lang='lat'>20</span> 
     </span>
     <span class='ocr_line' id='line_1_22' title="bbox 243 1678 1578 1730; baseline -0.005 -7"><span class='ocrx_word' id='word_1_188' title='bbox 243 1686 395 1723; x_wconf 88' lang='lat' dir='ltr'>nullum</span> <span class='ocrx_word' id='word_1_189' title='bbox 428 1683 592 1721; x_wconf 82' lang='lat' dir='ltr'>haberes</span> <span class='ocrx_word' id='word_1_190' title='bbox 629 1695 788 1720; x_wconf 85' lang='lat' dir='ltr'>sensum</span> <span class='ocrx_word' id='word_1_191' title='bbox 820 1680 892 1719; x_wconf 91' lang='lat' dir='ltr'>nisi</span> <span class='ocrx_word' id='word_1_192' title='bbox 924 1681 1140 1727; x_wconf 85' lang='lat' dir='ltr'>oculorum,</span> <span class='ocrx_word' id='word_1_193' title='bbox 1172 1692 1328 1730; x_wconf 83' lang='lat' dir='ltr'>prorsus</span> <span class='ocrx_word' id='word_1_194' title='bbox 1363 1678 1433 1717; x_wconf 87' lang='lat' dir='ltr'>tibi</span> <span class='ocrx_word' id='word_1_195' title='bbox 1472 1678 1578 1729; x_wconf 81' lang='lat' dir='ltr'>igno-</span> 
     </span>
     <span class='ocr_line' id='line_1_23' title="bbox 242 1744 1576 1798; baseline -0.003 -12"><span class='ocrx_word' id='word_1_196' title='bbox 242 1763 403 1796; x_wconf 79' lang='lat' dir='ltr'>scerem,</span> <span class='ocrx_word' id='word_1_197' title='bbox 438 1747 469 1786; x_wconf 85' lang='lat' dir='ltr'>si</span> <span class='ocrx_word' id='word_1_198' title='bbox 503 1748 698 1798; x_wconf 83' lang='lat' dir='ltr'>quosdam</span> <span class='ocrx_word' id='word_1_199' title='bbox 735 1747 859 1785; x_wconf 82' lang='lat' dir='ltr'>nolles</span> <span class='ocrx_word' id='word_1_200' title='bbox 894 1745 1050 1793; x_wconf 76' lang='lat' dir='ltr'>videre3</span> <span class='ocrx_word' id='word_1_201' title='bbox 1080 1746 1161 1792; x_wconf 89' lang='lat' dir='ltr'>sed,</span> <span class='ocrx_word' id='word_1_202' title='bbox 1196 1758 1285 1783; x_wconf 88' lang='lat' dir='ltr'>cum</span> <span class='ocrx_word' id='word_1_203' title='bbox 1317 1744 1463 1783; x_wconf 88' lang='lat' dir='ltr'>leviora</span> <span class='ocrx_word' id='word_1_204' title='bbox 1496 1757 1576 1783; x_wconf 88' lang='lat' dir='ltr'>non</span> 
     </span>
     <span class='ocr_line' id='line_1_24' title="bbox 243 1809 1577 1862; baseline -0.004 -9"><span class='ocrx_word' id='word_1_205' title='bbox 243 1817 368 1853; x_wconf 88' lang='lat' dir='ltr'>multo</span> <span class='ocrx_word' id='word_1_206' title='bbox 397 1821 539 1860; x_wconf 79' lang='lat' dir='ltr'>essent,</span> <span class='ocrx_word' id='word_1_207' title='bbox 569 1826 670 1862; x_wconf 85' lang='lat' dir='ltr'>quae</span> <span class='ocrx_word' id='word_1_208' title='bbox 701 1811 938 1859; x_wconf 80' lang='lat' dir='ltr'>audirentur,</span> <span class='ocrx_word' id='word_1_209' title='bbox 972 1825 1090 1862; x_wconf 85' lang='lat' dir='ltr'>quam</span> <span class='ocrx_word' id='word_1_210' title='bbox 1123 1825 1224 1861; x_wconf 86' lang='lat' dir='ltr'>quae</span> <span class='ocrx_word' id='word_1_211' title='bbox 1251 1809 1485 1857; x_wconf 86' lang='lat' dir='ltr'>viderentur,</span> <span class='ocrx_word' id='word_1_212' title='bbox 1517 1823 1577 1848; x_wconf 90' lang='lat' dir='ltr'>su-</span> 
     </span>
     <span class='ocr_line' id='line_1_25' title="bbox 243 1876 1574 1931; baseline -0.003 -13"><span class='ocrx_word' id='word_1_213' title='bbox 243 1880 410 1930; x_wconf 83' lang='lat' dir='ltr'>spicarer</span> <span class='ocrx_word' id='word_1_214' title='bbox 430 1887 561 1917; x_wconf 85' lang='lat' dir='ltr'>autem</span> <span class='ocrx_word' id='word_1_215' title='bbox 585 1879 751 1915; x_wconf 86' lang='lat' dir='ltr'>multum</span> <span class='ocrx_word' id='word_1_216' title='bbox 782 1878 967 1916; x_wconf 84' lang='lat' dir='ltr'>interesse</span> <span class='ocrx_word' id='word_1_217' title='bbox 995 1876 1046 1915; x_wconf 84' lang='lat' dir='ltr'>rei</span> <span class='ocrx_word' id='word_1_218' title='bbox 1070 1876 1267 1931; x_wconf 60' lang='lat' dir='ltr'>familiaris</span> <span class='ocrx_word' id='word_1_219' title='bbox 1288 1883 1378 1915; x_wconf 89' lang='lat' dir='ltr'>tuae</span> <span class='ocrx_word' id='word_1_220' title='bbox 1399 1883 1436 1915; x_wconf 90' lang='lat' dir='ltr'>te</span> <span class='ocrx_word' id='word_1_221' title='bbox 1457 1889 1574 1926; x_wconf 88' lang='lat' dir='ltr'>quam</span> 
     </span>
     <span class='ocr_line' id='line_1_26' title="bbox 242 1940 1633 1994; baseline -0.002 -13"><span class='ocrx_word' id='word_1_222' title='bbox 242 1944 410 1994; x_wconf 86' lang='lat' dir='ltr'>primum</span> <span class='ocrx_word' id='word_1_223' title='bbox 437 1942 577 1989; x_wconf 81' lang='lat' dir='ltr'>venire,</span> <span class='ocrx_word' id='word_1_224' title='bbox 602 1942 722 1992; x_wconf 80' lang='lat' dir='ltr'>idque</span> <span class='ocrx_word' id='word_1_225' title='bbox 753 1942 791 1980; x_wconf 84' lang='lat' dir='ltr'>in</span> <span class='ocrx_word' id='word_1_226' title='bbox 820 1942 948 1981; x_wconf 86' lang='lat' dir='ltr'>omnis</span> <span class='ocrx_word' id='word_1_227' title='bbox 976 1942 1094 1993; x_wconf 82' lang='lat' dir='ltr'>partis</span> <span class='ocrx_word' id='word_1_228' title='bbox 1115 1944 1268 1988; x_wconf 67' lang='lat' dir='ltr'>valeret,</span> <span class='ocrx_word' id='word_1_229' title='bbox 1298 1940 1430 1991; x_wconf 88' lang='lat' dir='ltr'>putavi</span> <span class='ocrx_word' id='word_1_230' title='bbox 1456 1954 1502 1979; x_wconf 83' lang='lat' dir='ltr'>ea</span> <span class='ocrx_word' id='word_1_231' title='bbox 1525 1942 1575 1980; x_wconf 90' lang='lat' dir='ltr'>de</span> <span class='ocrx_word' id='word_1_232' title='bbox 1597 1957 1633 1988; x_wconf 88' lang='lat'>²5</span> 
     </span>
     <span class='ocr_line' id='line_1_27' title="bbox 243 2006 1571 2058; baseline -0.003 -10"><span class='ocrx_word' id='word_1_233' title='bbox 243 2024 282 2048; x_wconf 88' lang='lat' dir='ltr'>re</span> <span class='ocrx_word' id='word_1_234' title='bbox 305 2018 341 2047; x_wconf 93' lang='lat' dir='ltr'>te</span> <span class='ocrx_word' id='word_1_235' title='bbox 362 2023 446 2047; x_wconf 75' lang='lat' dir='ltr'>esse</span> <span class='ocrx_word' id='word_1_236' title='bbox 467 2009 777 2046; x_wconf 86' lang='lat' dir='ltr'>admonendum.</span> <span class='ocrx_word' id='word_1_237' title='bbox 830 2009 908 2046; x_wconf 81' lang='lat' dir='ltr'>Sed</span> <span class='ocrx_word' id='word_1_238' title='bbox 937 2008 1136 2058; x_wconf 81' lang='lat' dir='ltr'>quoniam,</span> <span class='ocrx_word' id='word_1_239' title='bbox 1160 2007 1254 2057; x_wconf 86' lang='lat' dir='ltr'>quid</span> <span class='ocrx_word' id='word_1_240' title='bbox 1277 2006 1371 2044; x_wconf 89' lang='lat' dir='ltr'>mihi</span> <span class='ocrx_word' id='word_1_241' title='bbox 1392 2008 1571 2056; x_wconf 87' lang='lat' dir='ltr'>placeret,</span> 
     </span>
     <span class='ocr_line' id='line_1_28' title="bbox 243 2071 1574 2123; baseline -0.004 -10"><span class='ocrx_word' id='word_1_242' title='bbox 243 2073 409 2120; x_wconf 85' lang='lat' dir='ltr'>ostendi,</span> <span class='ocrx_word' id='word_1_243' title='bbox 451 2072 598 2122; x_wconf 81' lang='lat' dir='ltr'>reliqua</span> <span class='ocrx_word' id='word_1_244' title='bbox 637 2080 676 2111; x_wconf 88' lang='lat' dir='ltr'>tu</span> <span class='ocrx_word' id='word_1_245' title='bbox 717 2087 786 2123; x_wconf 81' lang='lat' dir='ltr'>pro</span> <span class='ocrx_word' id='word_1_246' title='bbox 826 2081 892 2111; x_wconf 83' lang='lat' dir='ltr'>tua</span> <span class='ocrx_word' id='word_1_247' title='bbox 931 2072 1139 2123; x_wconf 84' lang='lat' dir='ltr'>prudentia</span> <span class='ocrx_word' id='word_1_248' title='bbox 1177 2071 1468 2118; x_wconf 81' lang='lat' dir='ltr'>considerabis3</span> <span class='ocrx_word' id='word_1_249' title='bbox 1512 2085 1574 2109; x_wconf 89' lang='lat' dir='ltr'>me</span> 
     </span>
     <span class='ocr_line' id='line_1_29' title="bbox 243 2134 1572 2187; baseline -0.002 -11"><span class='ocrx_word' id='word_1_250' title='bbox 243 2147 374 2177; x_wconf 85' lang='lat' dir='ltr'>tamen</span> <span class='ocrx_word' id='word_1_251' title='bbox 405 2137 532 2184; x_wconf 80' lang='lat' dir='ltr'>velim,</span> <span class='ocrx_word' id='word_1_252' title='bbox 567 2138 674 2187; x_wconf 80' lang='lat' dir='ltr'>quod</span> <span class='ocrx_word' id='word_1_253' title='bbox 709 2138 759 2176; x_wconf 90' lang='lat' dir='ltr'>ad</span> <span class='ocrx_word' id='word_1_254' title='bbox 791 2145 946 2187; x_wconf 88' lang='lat' dir='ltr'>tempus</span> <span class='ocrx_word' id='word_1_255' title='bbox 982 2145 1018 2175; x_wconf 89' lang='lat' dir='ltr'>te</span> <span class='ocrx_word' id='word_1_256' title='bbox 1053 2144 1335 2187; x_wconf 82' lang='lat' dir='ltr'>exspectemus,</span> <span class='ocrx_word' id='word_1_257' title='bbox 1368 2134 1572 2185; x_wconf 87' lang='lat' dir='ltr'>certiorem</span> 
     </span>
     <span class='ocr_line' id='line_1_30' title="bbox 244 2203 370 2243; baseline -0.008 -1"><span class='ocrx_word' id='word_1_258' title='bbox 244 2203 370 2243; x_wconf 85' lang='lat' dir='ltr'>facias.</span> 
     </span>
    </p>

    <p class='ocr_par' dir='ltr' id='par_1_5' title="bbox 287 2304 1569 2348">
     <span class='ocr_line' id='line_1_31' title="bbox 287 2304 1569 2348; baseline -0.002 -9"><span class='ocrx_word' id='word_1_259' title='bbox 287 2319 307 2348; x_wconf 84' lang='lat'><strong>3</strong></span> <span class='ocrx_word' id='word_1_260' title='bbox 331 2310 357 2339; x_wconf 82' lang='lat' dir='ltr'>si</span> <span class='ocrx_word' id='word_1_261' title='bbox 376 2308 449 2339; x_wconf 77' lang='lat' dir='ltr'>add.</span> <span class='ocrx_word' id='word_1_262' title='bbox 468 2311 535 2339; x_wconf 74' lang='lat' dir='ltr'>vett.</span> <span class='ocrx_word' id='word_1_263' title='bbox 652 2312 703 2338; x_wconf 77' lang='lat' dir='ltr'>est</span> <span class='ocrx_word' id='word_1_264' title='bbox 721 2307 776 2338; x_wconf 63' lang='lat' dir='ltr'>dcl.</span> <span class='ocrx_word' id='word_1_265' title='bbox 791 2305 930 2347; x_wconf 71' lang='lat' dir='ltr'>Madvig</span> <span class='ocrx_word' id='word_1_266' title='bbox 1055 2318 1073 2346; x_wconf 78' lang='lat'><strong>4</strong></span> <span class='ocrx_word' id='word_1_267' title='bbox 1098 2305 1237 2338; x_wconf 86' lang='lat' dir='ltr'>stultum</span> <span class='ocrx_word' id='word_1_268' title='bbox 1255 2305 1322 2347; x_wconf 85' lang='lat' dir='ltr'>est]</span> <span class='ocrx_word' id='word_1_269' title='bbox 1338 2305 1394 2336; x_wconf 81' lang='lat' dir='ltr'>del.</span> <span class='ocrx_word' id='word_1_270' title='bbox 1412 2304 1569 2347; x_wconf 59' lang='lat' dir='ltr'>Aladvr&#39;g:</span> 
     </span>
    </p>
   </div>
   <div class='ocr_carea' id='block_1_5' title="bbox 244 2349 1566 2436">
    <p class='ocr_par' dir='ltr' id='par_1_6' title="bbox 244 2349 1566 2436">
     <span class='ocr_line' id='line_1_32' title="bbox 244 2349 1566 2393; baseline -0.002 -10"><span class='ocrx_word' id='word_1_271' title='bbox 244 2354 382 2383; x_wconf 79' lang='lat' dir='ltr'>stultum</span> <span class='ocrx_word' id='word_1_272' title='bbox 400 2352 606 2393; x_wconf 76' lang='lat' dir='ltr'>Heusinger:</span> <span class='ocrx_word' id='word_1_273' title='bbox 641 2351 777 2382; x_wconf 77' lang='lat' dir='ltr'>stultum</span> <span class='ocrx_word' id='word_1_274' title='bbox 800 2352 842 2382; x_wconf 84' lang='lat' dir='ltr'>sit</span> <span class='ocrx_word' id='word_1_275' title='bbox 863 2353 939 2381; x_wconf 83' lang='lat' dir='ltr'>com&#39;.</span> <span class='ocrx_word' id='word_1_276' title='bbox 966 2349 1171 2392; x_wconf 74' lang='lat' dir='ltr'>ll&#39;escnberg:</span> <span class='ocrx_word' id='word_1_277' title='bbox 1206 2350 1296 2380; x_wconf 81' lang='lat' dir='ltr'>stulti</span> <span class='ocrx_word' id='word_1_278' title='bbox 1321 2349 1566 2391; x_wconf 81' lang='lat' dir='ltr'>Marlyni-Lag.</span> 
     </span>
     <span class='ocr_line' id='line_1_33' title="bbox 244 2394 1073 2436; baseline -0.002 -10"><span class='ocrx_word' id='word_1_279' title='bbox 244 2406 285 2435; x_wconf 85' lang='lat'>25</span> <span class='ocrx_word' id='word_1_280' title='bbox 311 2397 407 2436; x_wconf 82' lang='lat' dir='ltr'>idque</span> <span class='ocrx_word' id='word_1_281' title='bbox 428 2395 503 2427; x_wconf 70' lang='lat' dir='ltr'>Vt&#39;cl.</span> <span class='ocrx_word' id='word_1_282' title='bbox 522 2407 527 2425; x_wconf 91' lang='lat'><strong>:</strong></span> <span class='ocrx_word' id='word_1_283' title='bbox 554 2402 653 2435; x_wconf 84' lang='lat' dir='ltr'>atque</span> <span class='ocrx_word' id='word_1_284' title='bbox 670 2395 755 2426; x_wconf 79' lang='lat' dir='ltr'><em>codd.</em></span> <span class='ocrx_word' id='word_1_285' title='bbox 772 2407 778 2426; x_wconf 77' lang='lat' dir='ltr'>z</span> <span class='ocrx_word' id='word_1_286' title='bbox 802 2400 901 2434; x_wconf 82' lang='lat' dir='ltr'>atque</span> <span class='ocrx_word' id='word_1_287' title='bbox 920 2395 950 2425; x_wconf 89' lang='lat' dir='ltr'>id</span> <span class='ocrx_word' id='word_1_288' title='bbox 971 2394 1073 2426; x_wconf 78' lang='lat' dir='ltr'>Orelli</span> 
     </span>
    </p>
   </div>
  </div>
 </body>
</html>
