1791 2796
572 168 683 207 EPP.
715 168 793 205 AI)
825 167 1174 205 FAMILIARES
1492 166 1609 203 VIII.
1630 165 1675 201 ix

208 280 412 319 Sittianam
447 280 705 330 syngrapham
741 278 839 317 misi.
911 280 1012 316 Puto
1045 277 1173 325 etiam,
1208 277 1239 315 si
1274 278 1393 316 ullam
1428 289 1537 326 spem

208 345 305 384 mihi
324 345 459 384 litteris
480 343 707 391 ostenderis,
732 357 794 382 me
815 342 889 381 isto
911 342 1119 382 missurum
1141 342 1249 382 alios.

264 412 318 448 M.
337 410 545 457 Feridium,
565 424 623 460 eq.
642 411 702 456 R„
718 408 834 447 amici
856 408 931 447 mei
953 408 1086 455 filium,
1104 409 1254 446 bonum
1277 416 1315 447 et
1336 416 1535 446 strenuum
1557 414 1582 450 4

187 477 513 522 adulescentem,
540 474 606 525 qui
633 475 683 513 ad
710 487 825 513 suum
852 473 1054 524 negotium
1082 472 1180 511 istoc
1200 473 1316 519 venit,
1341 472 1411 510 tibi
1436 485 1541 510 com-

153 884 191 905 10

154 1649 192 1670 20

210 542 356 579 mendo
376 548 414 579 et
434 548 471 578 te
492 553 585 590 rogo
605 547 647 577 ut
668 552 758 578 eum
775 538 814 577 in
831 546 987 577 tuorum
1009 551 1173 576 numero
1195 538 1352 576 habeas.
1403 539 1539 587 Agros,

208 619 308 656 quos
338 605 566 644 fructuarios
596 606 744 643 habent
773 603 959 651 civitates,
982 604 1064 641 vult
1094 610 1162 642 tuo
1194 602 1400 648 beneficio,
1433 602 1542 651 quod

209 670 278 709 tibi
306 670 418 709 facile
442 679 480 709 et
501 671 711 709 honestum
739 671 843 708 factu
867 677 935 716 est,
966 668 1152 707 immunis
1179 682 1272 707 esse.
1335 670 1475 706 Gratos
1504 674 1542 705 et

209 737 336 775 bonos
356 736 457 774 viros
479 735 549 774 tibi
571 735 763 786 obligaris.

264 803 369 841 Nolo
408 809 446 839 te
483 809 618 851 putare
659 799 876 838 Favonium
914 814 938 838 a
976 799 1227 839 columnariis
1266 798 1516 849 praeteritum
1532 813 1541 845 3
1559 811 1583 849 5

210 865 382 917 optimus
414 865 580 917 quisque
611 879 701 904 eum
733 879 815 904 non
846 864 946 904 fecit.
1018 864 1256 915 †Pompeius
1289 873 1378 902 tuus
1409 871 1542 915 aperte

210 933 418 971 Caesarem
440 940 478 970 et
498 931 739 982 provinciam
761 938 893 969 tenere
909 944 999 968 cum
1018 930 1187 968 exercitu
1210 937 1247 968 et
1268 931 1405 978 consul
1423 944 1430 975 3
1460 929 1543 979 ipse

210 1005 341 1036 tamen
370 988 472 1035 hanc
500 996 734 1035 sententiam
759 995 866 1043 dixit,
893 997 1045 1034 nullum
1076 996 1154 1034 hoc
1180 1003 1357 1045 tempore
1385 1002 1544 1033 senatus

210 1064 433 1101 consultum
451 1062 686 1109 faciendum,
703 1061 834 1112 Scipio
847 1063 960 1108 hanc,
978 1071 1020 1099 ut
1036 1063 1085 1098 K.
1103 1060 1256 1099 Martiis
1270 1061 1319 1099 de
1333 1059 1543 1111 provinciis

211 1127 346 1167 Galliis
376 1142 453 1166 neu
484 1127 580 1178 quid
612 1126 855 1166 coniunctim
885 1128 1098 1165 referretur.
1161 1124 1416 1166 Contristavit
1446 1125 1543 1163 haec

211 1192 404 1231 sententia
422 1193 590 1231 Balbum
610 1191 849 1239 Cornelium,
868 1199 906 1230 et
926 1191 1008 1230 scio
1029 1205 1120 1229 eum
1142 1199 1325 1241 questum
1347 1204 1431 1229 esse
1452 1203 1542 1229 cum

211 1257 404 1308 Scipione.
465 1257 640 1297 Calidius
671 1256 710 1294 in
740 1256 970 1296 defensione
995 1269 1064 1295 sua
1091 1255 1163 1295 fuit
1190 1255 1478 1303 disertissimus,
1502 1255 1543 1294 in

210 1323 461 1363 accusatione
481 1322 573 1362 satis
594 1322 766 1374 frigidus.

254 1477 296 1513 X
538 1481 608 1513 Ser.
630 1481 758 1513 Romae
772 1481 845 1512 xiiii
858 1481 901 1513 K.
923 1481 996 1513 Dcc.
1015 1491 1044 1513 α.
1067 1491 1122 1522 705
1142 1480 1221 1522 σι).

621 1560 817 1592 CAELIVS
843 1560 1070 1592 CICERONI
1098 1560 1132 1592 S.

265 1640 367 1678 Sane
394 1652 513 1689 quam
540 1638 675 1677 litteris
697 1641 740 1678 C.
766 1638 876 1678 Cassi
901 1647 938 1677 et
962 1637 1137 1677 Deiotari
1162 1651 1297 1676 sumus
1326 1635 1514 1676 commoti
1536 1651 1543 1683 ,·
1563 1650 1579 1677 1

211 1717 302 1742 nam
330 1703 488 1743 Cassius
513 1702 568 1741 cis
590 1704 818 1753 Euphraten
842 1702 976 1753 copias
998 1704 1232 1741 Parthorum
1263 1716 1347 1741 esse
1378 1701 1540 1751 scripsit,

214 1767 420 1806 Deiotarus
437 1770 629 1818 profectas
645 1781 713 1818 per
727 1770 1024 1818 Commagenen
1042 1767 1080 1806 in
1098 1767 1337 1818 provinciam
1357 1774 1540 1805 nostram.

213 1835 297 1882 Ego
318 1832 478 1882 quidem
496 1832 749 1883 praecipuum
767 1841 926 1880 metum,
944 1833 1052 1882 quod
1068 1833 1118 1871 ad
1137 1840 1173 1870 te
1189 1832 1390 1879 attinebat,
1410 1831 1541 1879 habui,

212 1897 279 1947 qui
308 1897 446 1935 scirem
478 1911 595 1947 quam
630 1906 786 1947 paratus
820 1898 870 1935 ab
906 1897 1074 1936 exercitu
1111 1911 1225 1944 esses,
1257 1911 1306 1935 ne
1341 1898 1448 1947 quod
1481 1896 1544 1934 hic

156 1975 168 1995 2
213 1964 402 2000 tumultus
427 1962 606 2012 dignitati
635 1971 723 2000 tuac
752 1962 967 2012 periculum
996 1964 1189 2010 adferret,
1219 1976 1310 2000 nam
1332 1964 1381 2001 de
1402 1962 1490 2009 vita,
1514 1961 1544 2000 si

212 2027 380 2077 paratior
408 2029 459 2066 ab
489 2027 658 2066 exercitu
689 2041 804 2075 esses,
830 2027 1074 2075 timuissem,
1104 2042 1210 2066 nunc
1237 2029 1334 2066 haec
1358 2027 1546 2078 exiguitas

212 2093 412 2143 copiaru1n
436 2107 642 2141 recessum,
667 2107 747 2132 non
770 2093 1065 2132 dimicationem
1088 2092 1185 2131 mihi
1207 2102 1312 2131 tuam
1334 2092 1546 2143 praesagie-

212 2159 289 2198 bat.
351 2161 443 2197 Hoc
470 2173 549 2209 quo
579 2159 699 2198 modo
725 2158 947 2209 acciperent
977 2158 1168 2205 homines,
1192 2172 1310 2208 quam
1332 2157 1546 2209 probabilis

213 2224 423 2264 necessitas
448 2226 578 2263 futura
603 2232 714 2271 esset,
744 2238 877 2264 vereor
908 2224 1023 2263 etiam
1058 2238 1162 2263 nunc
1193 2238 1322 2274 neque
1349 2223 1454 2274 prius
1482 2224 1546 2262 de-

260 2339 272 2358 x
299 2329 411 2368 sperni
431 2329 480 2360 ln‘c
494 2328 608 2360 desinit
627 2329 654 2360 G
787 2339 804 2367 7
831 2329 916 2360 sactu
940 2330 982 2360 sit
1008 2329 1040 2360 C.
1062 2329 1098 2360 F.
1120 2328 1298 2360 Hermann
1414 2338 1453 2358 10
1472 2331 1547 2368 post

213 2378 329 2412 aperte
347 2373 420 2404 add.
443 2384 511 2403 non
529 2373 610 2412 vult,
630 2377 732 2413 etpro
750 2373 866 2404 consul
887 2373 959 2414 legit
976 2373 1148 2404 consulem
1169 2384 1245 2403 esse
1264 2371 1382 2402 Lamb.
1507 2381 1517 2400 1
1530 2381 1540 2400 ι

213 2416 404 2455 provincias
433 2415 625 2457 lVesenhetg,
644 2417 681 2456 cf.
706 2427 751 2448 11.
772 2427 792 2456 3
935 2427 975 2447 22
1001 2418 1257 2456 Commagenen
1286 2420 1352 2446 vett.
1373 2427 1379 2445 2
1415 2425 1480 2445 -em
1507 2414 1545 2445 M

212 2469 253 2496 24
281 2460 463 2500 imparatus
481 2459 600 2492 Lamb.
