1791 2796
116 125 184 162 IX.
205 126 310 162 xxiii
632 129 683 164 M.
718 129 885 165 'rx‘LLt
918 129 1225 166 (¹1('1‹:1<ole

261 238 582 288 quaesissemque
621 239 716 288 quid
751 252 894 288 ageres,
927 240 1023 277 dixit
1061 247 1099 277 te
1139 240 1177 277 in
1211 241 1313 278 lecto
1352 254 1447 285 esse,
1485 242 1592 290 quod

261 318 307 341 ex·
337 304 504 354 pedibus
535 305 739 343 laborares.
801 305 891 343 'ruli
927 305 1072 343 scilicet
1099 307 1274 352 moleste,
1299 314 1339 344 ut
1370 306 1500 352 debui,
1525 307 1593 344 sed

261 378 392 407 tamen
424 370 609 408 constitui
641 372 691 409 ad
722 378 759 409 te
788 371 931 419 venire,
955 380 996 410 ut
1024 380 1060 410 et
1089 371 1260 410 viderem
1295 380 1333 410 te
1360 380 1397 410 et
1431 372 1592 410 viserem

260 443 298 473 et
328 449 508 473 cenarem
540 436 683 483 etiam3
713 450 793 473 non
824 438 928 474 enim
960 437 1124 474 arbitror
1153 450 1294 475 cocum
1326 437 1442 475 etiam
1475 445 1511 475 te
1540 451 1594 475 ar-

260 500 457 538 thriticum
494 501 647 539 habere.
711 503 904 552 Exspecta
938 502 1052 551 igitur
1084 502 1279 552 hospitem
1311 516 1400 540 cum
1433 502 1594 541 minime
1615 516 1632 547 5

260 567 423 604 edacem
446 574 528 604 tum
551 566 753 604 inimicum
777 567 883 605 cenis
905 567 1156 618 sumptuosis.

304 697 457 732 XXIV
524 700 592 732 Ser.
614 699 742 731 Romae
759 704 832 731 ante
849 700 929 731 med.
951 711 994 731 m.
1017 700 1105 732 Febr.
1127 711 1156 732 (1.
1179 710 1233 741 711
1252 700 1331 742 (45).

687 778 860 809 CICERO
888 779 1037 809 PAETO
1064 779 1097 811 S.
1128 779 1168 810 D.

227 868 242 894 1
319 857 467 895 Rufum
498 857 627 904 istum,
650 857 821 896 amicum
846 866 969 904 tuum,
997 860 1047 897 de
1077 872 1157 909 quo
1184 858 1322 896 iterum
1352 857 1427 895 iam
1456 857 1505 895 ad
1531 870 1594 894 me

262 921 409 968 scribis,
439 923 677 969 adiuvmem,
707 932 899 973 quantum
931 937 1099 974 possem,
1130 923 1247 961 etiam
1270 923 1301 960 si
1326 923 1376 961 ab
1397 936 1444 960 eo
1465 923 1592 960 laesus
1616 936 1655 958 10

260 1001 397 1033 essem,
415 1001 503 1025 cum
520 996 557 1026 te
571 996 681 1026 tanto
698 1002 815 1038 opere
835 988 1008 1027 viderem
1027 989 1109 1027 eius
1131 1002 1248 1026 causa
1269 989 1445 1026 laborare
1462 1002 1472 1035 3
1502 1000 1590 1025 cum

260 1067 351 1091 vero
372 1061 409 1091 et
430 1068 476 1091 ex
497 1053 573 1091 tuis
594 1053 729 1092 litteris
750 1062 788 1092 et
809 1068 855 1092 ex
876 1054 977 1092 illius
998 1055 1048 1092 ad
1071 1068 1134 1092 me
1155 1053 1283 1091 missis
1310 1053 1533 1102 intellegam
1556 1060 1593 1090 et

260 1117 431 1156 iudicem
453 1132 617 1168 magnae
638 1132 753 1157 curae
774 1119 808 1157 ei
830 1120 995 1157 salutem
1027 1132 1156 1157 meam
1177 1118 1306 1164 fuisse,
1330 1131 1410 1155 non
1430 1131 1591 1168 possum

259 1182 294 1221 ei
316 1197 396 1221 non
417 1183 567 1222 amicus
588 1197 682 1230 esse,
708 1197 837 1233 neque
865 1185 991 1222 solum
1021 1191 1088 1222 tua
1108 1182 1468 1229 commendatione,
1491 1196 1593 1232 quae

258 1249 365 1298 apud
393 1262 466 1295 me,
490 1256 532 1286 ut
556 1249 686 1295 debet,
710 1250 811 1287 valet
835 1249 1058 1300 plurimum,
1083 1250 1152 1288 sed
1177 1248 1295 1287 etiam
1320 1249 1522 1286 voluntate
1547 1261 1592 1285 ac
1617 1260 1652 1291 15

260 1313 407 1352 iudicio
437 1328 536 1353 meo.
598 1316 701 1352 Volo
729 1314 833 1353 enim
863 1322 900 1353 te
927 1314 1035 1361 scire,
1067 1314 1119 1351 mi
1150 1316 1280 1360 Paete,
1312 1312 1468 1361 initium
1496 1312 1592 1349 mihi

259 1379 493 1429 suspicionis
528 1387 566 1417 et
600 1379 793 1418 cautionis
827 1387 866 1417 et
901 1379 1127 1429 diligentiae
1162 1378 1281 1417 fuisse
1317 1377 1462 1416 litteras
1494 1384 1589 1423 tuas,

258 1444 402 1494 quibus
432 1444 567 1482 litteris
595 1452 856 1494 congruentes
885 1445 1041 1483 fuerunt
1070 1444 1169 1482 aliae
1198 1451 1336 1494 postea
1365 1444 1589 1481 multorum.

261 1510 363 1547 Nam
392 1517 429 1547 et
460 1509 607 1559 Aquini
639 1518 677 1547 et
707 1509 951 1548 Fabrateriae
983 1508 1147 1547 consilia
1181 1516 1271 1546 sunt
1301 1507 1397 1546 inita
1430 1509 1481 1545 de
1516 1521 1589 1553 me,

259 1588 360 1624 quae
400 1582 437 1612 te
475 1574 591 1612 video
630 1574 840 1621 inaudisse,
886 1582 934 1620 et,
975 1573 1086 1623 quasi
1126 1573 1347 1612 divinarent
1386 1586 1505 1622 quam
1546 1572 1591 1609 iis
1614 1588 1652 1609 20

261 1641 448 1678 molestus
487 1652 612 1678 essem
653 1640 815 1686 futurus,
851 1639 949 1677 nihil
987 1639 1094 1677 aliud
1129 1646 1290 1689 egerunt
1333 1637 1406 1675 nisi
1448 1651 1511 1675 me
1550 1645 1591 1675 ut

259 1705 534 1755 opprimerent.
596 1705 716 1753 Quod
742 1717 815 1754 ego
849 1718 928 1742 non
960 1703 1163 1754 suspicans
1194 1702 1387 1741 incautior
1416 1701 1588 1748 fuissem,

259 1770 331 1808 nisi
353 1784 375 1808 a
396 1778 433 1809 te
453 1769 680 1808 admonitus
701 1783 839 1808 essem.
901 1771 1031 1818 Quam
1055 1770 1106 1807 ob
1127 1782 1209 1807 rem
1232 1768 1303 1806 iste
1324 1776 1414 1806 tuus
1441 1767 1591 1805 amicus

258 1837 364 1886 apud
401 1849 462 1874 me
493 1835 842 1874 commendatione
878 1848 959 1873 non
987 1842 1084 1884 eget.
1161 1833 1325 1873 Utinam
1359 1846 1405 1871 ea
1437 1833 1591 1870 fortuna

260 1901 311 1938 rei
344 1914 378 1950 p.
403 1901 460 1947 sit,
485 1908 526 1938 ut
554 1901 617 1939 ille
649 1915 710 1939 me
733 1914 855 1939 unum
885 1899 1148 1950 gratissimum
1176 1898 1299 1949 possit
1329 1899 1591 1948 cognoscere!
1614 1913 1649 1943 25

261 1967 338 2003 Sed
361 1967 456 2003 haec
478 1967 678 2004 hactenus.

218 2040 242 2067 2
315 2031 373 2068 Te
398 2031 447 2068 ad
474 2044 590 2069 cenas
617 2032 710 2071 itare
738 2033 886 2071 desisse
915 2033 1079 2070 moleste
1110 2031 1215 2075 fero;
1245 2042 1388 2078 magna
1417 2027 1521 2067 enim
1553 2035 1590 2065 te

260 2095 522 2134 delectatione
561 2105 598 2135 et
638 2100 837 2148 voluptate
876 2097 1060 2148 privasti3
1108 2095 1254 2134 deinde
1293 2094 1410 2132 etiam
1456 2107 1590 2131 vereor

259 2161 366 2206 (licet
387 2161 491 2200 enim
511 2178 643 2201 verum
659 2163 806 2211 dicere)
821 2177 870 2201 ne
892 2163 1025 2201 nescio
1046 2161 1142 2212 quid
1165 2161 1270 2206 illud,
1290 2160 1398 2209 quod
1421 2158 1585 2203 solebas,

258 2227 439 2265 dediscas
466 2237 504 2266 et
535 2230 776 2276 obliviscare,
799 2230 958 2267 cenulas
989 2230 1123 2267 facere.
1186 2228 1288 2265 Nam
1321 2225 1351 2263 si
1379 2232 1477 2272 tum,
1497 2236 1586 2261 cum
1610 2236 1650 2266 ,κο

259 2293 433 2331 habebas
454 2308 554 2344 quos
575 2295 777 2340 imitarere‚
801 2307 882 2332 non
904 2294 1069 2331 multum
1099 2292 1342 2343 proficiebas,
1366 2289 1461 2340 quid
1482 2302 1588 2327 nunc

303 2409 343 2436 25
368 2410 419 2429 me
446 2410 547 2430 unum
573 2399 705 2430 Baiter:
734 2408 843 2430 mcum
871 2398 965 2428 MH:
1003 2409 1054 2427 me
1080 2407 1187 2426 meum
1218 2395 1270 2425 D:
1305 2404 1410 2424 mcum
1438 2393 1586 2424 animum

258 2441 295 2473 K
295 2442 355 2472 loss—
